2021 3434
115 167 200 208 viii.
220 167 316 219 4-6.
592 167 666 208 IN
706 169 901 211 AMOS.
962 170 1113 212 TOM.
1150 170 1227 211 IV.
1606 169 1686 207 511

115 277 188 326 καὶ
233 276 373 327 αὐτὸν
421 275 503 328 τὸν
552 279 807 329 θεσπέσιον
853 282 1049 329 Παῦλον
1090 278 1338 345 μονονουχὶ
1378 279 1460 340 τῆς
1502 274 1688 340 ἀγάπης

1755 365 1766 385 1
1787 356 1860 385 Cor.

115 358 413 423 ἀπηρτηκότα
456 364 551 411 πᾶν
594 358 711 415 εἶδος
755 363 932 426 ἀρετῆς,
972 359 1155 426 μείζονα
1205 359 1253 410 δὲ
1298 358 1442 418 αὐτὴν
1485 357 1689 410 πίστεως
1751 399 1807 428 xiii
1842 407 1877 433 1³

115 461 164 489 τε
191 442 266 490 καὶ
291 442 478 495 ἐλπίδος
511 445 650 493 εἰπεῖν
677 442 993 510 θαῤῥήσαντα,
1020 441 1404 507 διωμολογηκότα
1429 463 1477 490 τε
1503 442 1687 505 σαφῶς,

116 524 177 575 ὡς
216 522 345 574 οὐδὲν
375 523 441 588 ε’ίη
476 525 501 575 ὃ
534 524 706 589 ταύτην
744 526 825 576 οὐκ
864 525 995 592 ἔχων,
1028 523 1113 576 κᾶν
1151 528 1188 575 εἱ
1225 523 1417 589 προθείη
1453 525 1546 574 τοῖς
1579 522 1680 570 δεο-

74 603 266 667 5με’νοις
309 604 368 655 τὰ
411 606 693 675 ὑπάρχοντα,
731 605 817 657 κᾶν
859 606 970 658 αὐτὸ
1009 612 1104 660 τοῖς
1143 605 1362 656 διώκουσι
1401 606 1596 671 παραδῷ
1634 601 1688 653 τὸ

115 690 257 748 σῶμα
287 688 360 738 ἵνα
395 693 555 756 καυθῇ.
621 690 785 740 οὐκοῦν
822 694 917 740 πᾶν
948 689 1063 740 ὅσον
1092 690 1222 739 ἐστὶν
1256 689 1303 738 ἐν
1341 687 1449 750 ἡμῖν
1485 685 1605 751 με’γα
1641 706 1689 734 τε

114 770 190 819 καὶ
223 769 547 838 ἀξιάκουστον,
583 771 716 821 ε”σται
753 770 809 834 δὴ
847 770 1032 824 πάντως
1066 772 1115 821 ἐκ
1152 773 1234 833 τῆς
1269 773 1331 822 εἰς
1371 766 1493 819 Θεόν
1527 790 1577 817 τε
1615 769 1728 817 καὶῆ
1757 780 1839 813 332
1856 779 1909 812 Α.

115 850 346 919 ἀδελφοὺς
381 851 580 917 ἀγάπης.
647 857 683 903 εὶ
715 853 762 904 δὲ
797 852 853 917 δή
883 876 950 905 τις
984 852 1106 905 ὅλως
1135 856 1228 902 τῶν
1265 854 1348 914 τῆς
1384 848 1568 915 ἀγάπης
1599 849 1690 918 ἔξω

115 933 301 1000 φέροιτο
342 934 508 997 νόμων,
550 936 623 986 καὶ
667 936 890 1002 ἀμέτοχος
933 935 1080 1003 ὁρῷτο
1121 938 1214 984 τῶν
1252 933 1304 1001 ἐξ
1342 933 1483 994 αὐτῆς
1521 933 1689 994 ἀνθῶν,

49 1038 96 1062 10
114 1015 251 1069 αὐτὸς
276 1018 456 1084 ἀχρεῖος
490 1016 623 1067 ἔσται
655 1022 911 1079 παντελῶς,
939 1019 1013 1067 καὶ
1039 1017 1178 1067 παντὶ
1204 1014 1363 1084 τρόπω
1391 1013 1690 1082 φαυλότητος

114 1099 247 1149 νοοΐτ’
277 1097 334 1148 ἂν
368 1097 552 1152 εἰκότως
586 1098 899 1166 ε’νισχημένος,
927 1101 989 1153 ὡς
1024 1097 1206 1163 ὅπηπερ
1241 1095 1298 1147 ἂν
1334 1095 1690 1159 ἀνεπιτήδευτον

112 1179 180 1244 ε’ίη
205 1180 259 1231 τὸ
284 1181 475 1246 ἀγαθὸν,
508 1183 600 1232 ἐκεῖ
621 1181 769 1246 δήπου
795 1180 982 1234 πάντως
1009 1179 1202 1244 ἀνθήσει
1228 1178 1282 1230 τὸ
1307 1176 1597 1242 πλημμελές.

179 1260 308 1328 ”Ορα
351 1264 505 1314 τοίνυν
542 1269 624 1315 τοῦ
662 1262 836 1317 παντὸς
876 1262 1024 1329 λόγου
1061 1262 1146 1327 τὴν
1185 1261 1464 1324 οἰκονομίαν.
1524 1283 1688 1325 προαι-

111 1344 389 1409 τιασοῖμενος
423 1345 515 1412 γὰρ
547 1347 617 1397 ἐπ’
646 1346 857 1411 ἀθεότητι
881 1345 964 1396 τὸν
989 1344 1213 1412 Ἐφραὶμ,
1239 1344 1340 1409 ἤτοι
1364 1342 1446 1393 τὸν
1471 1341 1686 1407 Ἰσραὴλ,

48 1448 93 1487 15
112 1428 184 1477 καὶ
221 1428 551 1494 προσκυνητὴν
581 1427 828 1492 δαμάλεων
865 1426 1126 1496 ἀποφήνας,
1161 1428 1235 1477 καὶ
1273 1424 1358 1489 τὴν
1395 1427 1455 1478 εἷς
1494 1424 1575 1475 τὸν
1607 1424 1686 1475 ἕνα
1704 1438 1732 1477 b

112 1511 187 1559 καὶ
221 1510 364 1577 φύσει
396 1509 520 1562 Θεὸν
553 1510 742 1576 ἀγάπην
779 1511 861 1561 οὐκ
899 1510 1078 1577 ἔχοντα,
1105 1507 1251 1560 διάτοι
1282 1506 1335 1558 τὸ
1370 1511 1685 1572 προσκεῖσθαι

111 1595 267 1660 φιλεῖν
304 1596 398 1646 τοῖς
437 1593 586 1659 ἔργοις
620 1597 713 1644 τῶν
749 1593 874 1644 ἰδίων
912 1596 1090 1660 χειρῶν,
1124 1590 1314 1641 ἀνόσιον
1351 1589 1495 1642 ὅντως
1532 1612 1686 1655 προσ-

111 1674 408 1726 αποδείκνυσι
434 1677 509 1725 καὶ
534 1679 596 1729 εἷς
621 1673 784 1728 αὐτοὺς
811 1673 1058 1742 ἀδελφοὺς,
1075 1674 1150 1724 καὶ
1175 1675 1257 1735 τῆς
1285 1675 1346 1724 εἷς
1370 1669 1452 1722 τὸν
1476 1671 1687 1735 πλησίον

111 1754 295 1821 ἀγάπης
346 1755 615 1823 ὀλοτρόπως
663 1755 961 1826 ἠφειδηκότα.
1032 1759 1226 1807 ποιεῖται
1271 1753 1319 1805 δὲ
1363 1756 1564 1819 γενικῶς,
1611 1755 1686 1803 καὶ

46 1864 94 1888 20
111 1838 243 1901 μάλα
273 1844 455 1908 σαφῶς,
482 1839 563 1890 τὸν
597 1839 804 1907 ἔλεγχον,
831 1842 906 1890 καὶ
939 1841 1000 1892 ὡς
1031 1839 1079 1889 ἐν
1110 1835 1313 1904 βραχέσι
1345 1835 1429 1900 μὲν
1455 1834 1533 1896 ἔτι,
1558 1833 1687 1898 πλὴν

111 1923 436 1987 ἀπαριθμεῖται
484 1921 542 1973 τὰ
591 1921 878 1988 ἐγκλήματα.
972 1920 1191 1988 ταύτῃτοί
1239 1923 1390 1987 φησιν
1440 1917 1686 1968 Ἀκούσατε

111 2005 255 2055 ταῦτα,
295 2010 329 2054 οἱ
369 2005 630 2072 ἐκτρίβοντες
675 2009 734 2059 εἰς
773 2003 819 2055 τό
854 2001 966 2074 πρωῗ
1008 2002 1171 2063 πένητα
1212 2007 1288 2052 καὶ
1329 1996 1685 2052 καταδυναστεύ-

113 2109 221 2141 οντες
254 2085 463 2148 πτωχοῖις
497 2086 589 2137 ἀπὶ
622 2086 696 2146 τῆς
730 2085 830 2153 '725-
898 2085 1056 2149 ὅμοιον
1088 2086 1148 2138 ὡς
1184 2087 1221 2135 εἰ
1247 2082 1380 2148 λε’γοι
1406 2081 1535 2147 Πρὸς
1567 2083 1685 2144 ὑμᾶς

111 2170 136 2220 ὁ
163 2168 319 2235 λόγος,
350 2169 416 2224 οἷς
449 2169 770 2222 ἐσπούδασται
803 2170 912 2221 λίαν
945 2168 998 2220 τὸ
1037 2168 1270 2221 οἱονείπως
1304 2169 1378 2217 καὶ
1405 2166 1682 2233 ἀπαλείφειν
1701 2186 1723 2213 c

45 2269 91 2306 25
111 2255 192 2315 τῆς
229 2255 315 2318 γῆς
353 2251 432 2302 τὸν
471 2255 645 2316 ἀσθενῆ
684 2256 758 2303 καὶ
794 2253 969 2316 πένητα
1004 2250 1078 2302 καὶ
1119 2246 1518 2302 καταθυναστεῦειν
1543 2253 1602 2302 εἷς
1635 2247 1680 2299 τὶ

111 2334 235 2402 πρωί.
302 2338 343 2385 οἱ
368 2333 452 2397 μὲν
475 2333 566 2400 γὰρ
599 2337 680 2398 τῆς
706 2333 823 2385 κατὰ
849 2332 972 2384 Θεὸν
997 2333 1232 2386 ἐπιεικείας
1258 2332 1466 2397 ἐρασταὶ,
1493 2333 1682 2395 διαυγα-

111 2415 279 2482 ζούσης
304 2418 456 2470 αὐτοῖς
479 2419 560 2480 τῆς
579 2416 749 2482 ἡμέρας
775 2416 1063 2485 ἀναφεῖοουσι
1088 2418 1154 2484 τῷ
1174 2417 1281 2483 Θεῷ
1301 2412 1359 2464 τὰ
1384 2412 1680 2480 χαριστήρια,

109 2504 446 2565 προσκυνοῦσι,
473 2498 831 2566 προσεύχονται,
861 2500 934 2549 καὶ
969 2496 1086 2563 πρὸς
1119 2501 1214 2547 πᾶν
1246 2497 1398 2546 ὁτιοῦν
1428 2499 1522 2545 τῶν
1553 2496 1680 2545 ἐπαι-

160 2703 191 2726 2.
218 2692 254 2726 δέ
271 2691 361 2725 Α.Β.
379 2706 414 2725 τε
433 2691 525 2726 Edd.
677 2702 710 2736 3.
736 2705 772 2725 τε
789 2690 884 2735 prius
901 2695 1120 2734 assumptum
1139 2700 1180 2722 ex
1198 2688 1242 2721 A.
1292 2687 1565 2731 διωμολογηκότα
1582 2700 1617 2719 τε
1635 2686 1681 2720 A.

113 2740 164 2774 καὶ
182 2740 276 2782 διωμ.
298 2738 388 2773 Edd.
775 2750 808 2780 4.
835 2738 864 2770 εἶ
879 2738 939 2781 μὲν
956 2749 1016 2781 pro
1033 2737 1129 2770 οὐδέν
1146 2736 1189 2769 A.
1237 2736 1255 2768 ὁ
1273 2746 1342 2768 om.
1359 2735 1403 2767 A.
1451 2733 1616 2776 προσθείη
1635 2734 1678 2767 A.

114 2796 145 2832 7.
171 2801 207 2820 τε
224 2792 444 2830 assumptum
462 2798 501 2820 ex
520 2785 563 2819 A.
823 2795 855 2828 9.
879 2784 987 2818 ἀνθῶν
1004 2783 1047 2817 A.
1065 2782 1198 2827 ἀγαθῶν
1216 2781 1257 2815 Β.
1278 2780 1368 2815 Edd.
1420 2779 1544 2813 Statim
1562 2781 1580 2813 ὁ
1597 2779 1678 2813 add.

113 2833 156 2867 B.
176 2832 266 2867 Edd.
284 2833 393 2866 invito
410 2833 454 2867 A.
673 2842 686 2865 1
698 2842 725 2865 Ι.
752 2830 971 2873 ἐνησκημένος
987 2831 1030 2864 A.
1079 2830 1220 2874 ὅποιπερ
1238 2830 1282 2862 Α.
1487 2837 1537 2860 12.
1567 2829 1680 2870 πλημ-

111 2881 244 2924 μέλημα
261 2880 304 2912 A.
555 2889 606 2922 13.
632 2879 649 2911 ὁ
667 2890 728 2922 pro
745 2878 807 2921 ὅρα
826 2877 904 2921 (sic)
923 2878 965 2911 A.
1224 2886 1279 2909 20.
1305 2874 1382 2908 λίαν
1399 2885 1460 2918 pro
1477 2874 1569 2916 μάλα
1588 2872 1678 2907 Edd.

115 2928 239 2961 Statim
257 2928 353 2971 σαφῆ
372 2927 414 2961 A.
574 2937 628 2969 23.
653 2926 718 2959 ἀπὸ
738 2925 778 2958 Β.
797 2925 851 2958 ἐπὶ
870 2924 960 2958 Edd.
981 2924 1091 2969 (185.)
1257 2933 1310 2964 24.
1339 2921 1601 2965 καταπαλείφειν
1619 2932 1681 2964 pro

114 2975 165 3007 καὶ
182 2974 286 3008 ἀπαλ.
304 2975 346 3007 Α.
536 2983 589 3017 27.
616 2973 654 3005 τὰ
673 2972 767 3006 deest
784 2972 819 3005 in
839 2971 927 3005 Edd.
