2021 3434
104 172 161 215 iii.
186 186 278 229 1-3.
546 175 620 216 IN
662 176 936 218 JOELEM.
998 175 1146 217 TOM.
1184 175 1244 217 II.
1592 176 1674 217 347

103 280 415 344 ἐπαμύνοντος
440 286 593 339 αὐτοῖς
619 288 756 336 Θεοῦ.
823 286 986 351 γέγονε
1017 285 1064 336 δὲ
1095 289 1189 336 τῶν
1214 288 1276 339 εἰς
1306 289 1444 335 τοῦτο
1468 303 1677 347 συναγη-

104 364 337 429 γερμένων
362 365 390 429 ἡ
417 366 627 432 ἄθροισις
653 368 690 419 ἐν
715 373 762 440 τῇ
791 365 966 418 κοιλάδι
992 366 1244 434 Ἰωσαφάτ·
1285 370 1434 434 χῶρος
1465 364 1512 415 δὲ
1543 364 1677 418 οὗτος

104 447 158 496 οὐ
191 452 390 501 πολλοῖς
425 449 633 503 σταδίοις
670 449 856 516 ἀπέχων
887 447 1213 514 Ἰερουσαλὴμ,
1245 449 1292 498 ἐν
1321 452 1416 501 τοῖς
1448 445 1565 514 πρὸς
1608 447 1675 510 ἠῶ

103 526 279 594 μέρεσι.
345 530 495 598 ψιλὸν
530 530 578 582 δὲ
614 529 731 581 εἶναι’
763 536 898 598 φασι,
926 532 1001 581 καὶ
1041 529 1322 594 ἱππήλατον.
1390 528 1459 580 ὅτι
1497 527 1545 579 δὲ
1583 529 1673 578 διε-

63 630 85 669 5
106 609 373 677 φθονήκασι
410 614 495 675 μέν
529 636 646 666 τινες
683 617 776 663 τῶν
814 612 1140 679 δυνατωτέρων
1167 617 1261 664 τοῖς
1293 611 1348 679 ἐξ
1369 609 1568 677 Ἰσραὴλ
1593 609 1676 661 τὸν

105 695 227 742 θεῖον
275 693 505 759 ἐγείρουσι
555 694 678 757 ναὸν,
721 694 912 759 ὤνησαν
950 693 997 745 δὲ
1048 694 1192 756 οὐδὲν,
1237 692 1409 761 διδάξει
1453 692 1607 757 λέγων
1651 693 1713 743 be

103 773 328 840 μακάριος
369 776 585 842 οΈσδρας
635 784 660 806 “
686 778 771 828 Ἐν
834 776 882 827 δὲ
944 781 1039 830 τοῖς
1102 777 1174 826 ἐπὶ
1224 774 1545 842 Ἀρταξέρξου
1593 778 1676 823 τοῦ
1736 770 1866 854 ξίῙῗΒὲΓ·

105 861 131 884 “
158 859 362 922 Περσῶν
399 859 638 919 βασιλέως
676 858 859 926 χρόνοις·
899 858 1204 925 κατέγραψαν
1243 855 1361 907 κατὰ
1398 860 1491 906 τῶν
1525 877 1678 905 κατοι-

105 944 131 966 “
157 938 360 990 κούντων
406 942 454 991 ἐν
501 941 701 1009 Ἰουδαίᾳ
763 943 837 991 καὶ
883 942 930 991 ἐν
971 937 1287 1006 Ἰερουσαλὴμ
1339 937 1554 1001 Βήλεμος
1603 938 1679 987 καὶ

38 1041 84 1066 10
104 1025 130 1048 ‘⁶
158 1020 449 1087 Μιθριδάτης
487 1025 562 1073 καὶ
593 1023 860 1084 Ταβέλλιος
898 1023 973 1072 καὶ
1006 1021 1237 1084 Ῥάθυμος
1275 1022 1348 1071 καὶ
1388 1018 1679 1083 Βεέλτεθμος

103 1108 131 1130 “
155 1105 230 1153 καὶ
274 1103 561 1168 Γεέλτεθμος
599 1106 624 1155 ὁ
668 1101 982 1171 γραμματεὺς,
1024 1105 1098 1154 καὶ
1142 1106 1184 1154 οἱ
1228 1104 1384 1153 λοιποὶ
1421 1105 1462 1152 οἱ
1500 1102 1678 1156 τούτοις

103 1190 130 1213 “
153 1186 546 1249 συντασσόμενοι,
573 1191 800 1240 οἰκοῦντες
834 1186 882 1237 δὲ
918 1187 966 1236 ἐν
1001 1185 1240 1253 Σαμαρείᾳ
1274 1185 1349 1235 καὶ
1386 1188 1481 1238 τοῖς
1512 1184 1679 1237 ἄλλοις

103 1273 130 1295 “
155 1266 355 1321 τόποις.”
419 1268 476 1333 ἦν
509 1269 557 1320 δὲ
589 1271 671 1332 τῆς
704 1271 892 1338 γραφῆς
926 1267 1077 1318 τοιάδε
1115 1290 1182 1321 τις
1220 1267 1248 1331 ἡ
1288 1266 1491 1330 δύναμις,
1519 1268 1581 1319 ὡς
1611 1265 1678 1330 ε’ίη

102 1346 187 1412 μὲν
223 1348 362 1404 πόλις
397 1350 667 1418 ἄθραυστον
697 1351 874 1418 ἔχουσα
909 1351 1102 1413 δύναμιν
1126 1348 1455 1416 Ἰερουσαλὴμ,
1489 1347 1678 1399 ε’ίκουσα

37 1450 82 1489 15
103 1430 151 1482 δὲ
194 1431 407 1496 οὐδαμῶς
450 1437 544 1486 τοῖς
586 1437 680 1484 τῶν
719 1433 885 1500 ἑτέρων
926 1436 1092 1500 χωρῶν
1131 1437 1428 1494 βασιλεῦσιν·
1469 1432 1671 1496 ἀντεγει-
1693 1453 1715 1479 a
1747 1444 1831 1478 234
1846 1441 1895 1476 A.

101 1513 272 1579 ρομένη
299 1514 345 1566 δὲ
369 1520 557 1579 μᾶλλον
580 1517 654 1567 καὶ
688 1514 881 1585 σφόδρα
916 1519 1144 1578 νεανικῶς,
1171 1512 1230 1578 ἣν
1260 1517 1297 1564 εἶ
1331 1513 1511 1580 γε’νοιτο
1533 1513 1680 1565 πάλιν

104 1596 427 1661 ὑπονοστῆσαι
459 1596 574 1664 πρὸς
609 1597 662 1649 τὸ
698 1600 905 1666 ἀρχαῖον,
932 1599 1006 1648 καὶ
1044 1598 1197 1650 αὐτοῖς
1235 1595 1464 1662 σωρεύσει
1489 1595 1680 1665 φροντί-

103 1681 186 1732 δας
210 1684 305 1733 τοῖς
330 1682 412 1743 τῆς
437 1684 723 1741 Βαβυλῶνος
743 1679 862 1731 κατὰ
888 1678 1071 1746 καιροὺς
1098 1677 1380 1744 ἡγουμένοις.
1432 1676 1542 1728 ἀλλ’
1560 1676 1681 1742 ὤνη-

103 1783 199 1811 σαν
235 1760 333 1825 μὲν,
359 1764 420 1815 ὡς
459 1762 590 1831 ἔφην,
616 1766 658 1814 οὶ
683 1761 743 1813 τὰ
768 1761 923 1813 τοιάδε
948 1759 1239 1829 γεγραφότες
1264 1763 1508 1813 παντελῶς
1533 1758 1678 1812 οὐδέν.

37 1868 85 1894 20
103 1842 400 1910 παρεκάλουν
433 1844 487 1896 δέ
517 1867 636 1898 τινες
669 1848 763 1895 τῶν
795 1845 843 1895 ἐν
878 1843 1131 1912 Σαμαρείᾳ,
1160 1841 1266 1896 τοὺς
1303 1842 1352 1892 ἐκ
1392 1845 1681 1904 Βαβυλῶνος

102 1927 477 1990 μετοικισθέντας
512 1925 888 1994 συνεργάζεσθαί
920 1950 969 1978 τε
1006 1928 1081 1977 καὶ
1119 1926 1469 1988 συνοικοδομεῖν
1505 1924 1675 1978 αὐτοῖς.

104 2014 146 2063 οἱ
173 2011 222 2063 δὲ
245 2013 327 2063 οὐκ
359 2011 543 2076 ἤθελον,
571 2014 645 2064 καὶ
678 2012 848 2076 ταύτης
881 2010 1013 2063 ἕνεκα
1039 2014 1120 2075 τῆς
1146 2011 1292 2064 αἰτίας
1315 2007 1601 2074 κεκμήκασιν
1625 2009 1679 2060 οὐ

104 2095 311 2161 μετρίως,
349 2098 449 2148 ταῖς·
487 2095 668 2146 ἐκείνων
705 2096 973 2156 ἐπιβουλαῖς
1013 2092 1354 2162 ἀντεξάγοντες,
1417 2090 1676 2157 γέγραπται
1693 2098 1720 2140 b

106 2176 154 2228 δὲ
191 2178 335 2231 οὕτως
373 2177 421 2228 ἐν
455 2174 728 2246 qu'Eosspq
764 2175 910 2228 πάλιν
937 2184 965 2206 “
988 2178 1081 2227 Καὶ
1110 2176 1320 2240 ἥκουσαν
1357 2176 1399 2224 οἱ
1436 2174 1679 2234 θλίβοντες
1739 2179 1869 2263 ζνΕξῗὲ·

40 2275 87 2314 25
107 2265 134 2288 ‘⁶
159 2258 339 2310 Ἰούδαν
365 2261 438 2310 καὶ
466 2261 699 2322 Βενιαμὶν,
729 2258 799 2310 ὅτι
823 2262 865 2309 οἱ
891 2260 977 2309 υἱοὶ
1006 2261 1088 2322 τῆς
1122 2257 1332 2309 ἀποικίας
1357 2258 1681 2318 οἰκοδομοῦσιν
1777 2249 1782 2255 ’
1866 2245 1874 2254 ’

107 2349 134 2372 “
158 2339 282 2392 οἶκον
319 2345 385 2410 τῷ
425 2342 583 2411 Κυρίῳ
622 2344 728 2410 Θεῷ
764 2341 979 2407 Ἰσραήλ·
1025 2342 1098 2390 καὶ
1137 2338 1348 2404 ἤγγισαν
1383 2336 1500 2403 πρὸς
1534 2341 1682 2403 Ζορο-

108 2430 134 2453 “
159 2423 317 2485 βάβελ
355 2424 429 2474 καὶ
470 2423 587 2489 πρὸς
624 2423 730 2476 τοὺς
768 2422 997 2489 ἄρχοντας
1039 2425 1134 2472 τῶν
1176 2424 1400 2487 πατριῶν,
1439 2421 1514 2469 καὶ
1552 2416 1682 2470 εἶπον

110 2512 137 2535 “
163 2506 317 2559 αὐτοῖς
351 2503 742 2569 Οἱκοδομήσομεν
779 2504 883 2567 μεθ’
922 2505 1062 2567 ὑμῶν,
1101 2502 1171 2553 ὅτι
1210 2504 1271 2556 ὡς
1310 2503 1434 2565 ὑμεῖς
1472 2501 1682 2568 ἐκζητοῦ-

109 2594 136 2618 “
159 2610 245 2652 μεν
295 2585 377 2638 τὸν
427 2586 551 2637 Θεὸν
601 2588 744 2650 ὑμῶν,
796 2589 871 2638 καὶ
921 2586 1045 2654 αὐτῷ
1094 2584 1222 2648 ἡμεῖς
1265 2582 1545 2650 θυσιάζομεν
1588 2582 1681 2635 ἀπὸ

157 2768 191 2802 3.
216 2754 368 2801 ἀπέχων]
388 2759 425 2796 4-
441 2756 499 2798 τῆς
516 2754 608 2789 Edd.
762 2765 796 2799 9.
822 2754 857 2789 ἐν
873 2751 987 2799 prius]
1005 2757 1042 2794 -i-
1058 2756 1097 2797 τῇ
1116 2752 1176 2787 iid.
1337 2763 1390 2787 10.
1416 2752 1604 2793 Σαβέλλιος
1620 2752 1680 2788 iid-

109 2803 264 2847 Ῥάθιμος
279 2802 339 2837 iid.
389 2801 578 2844 Βέλτεθμος
595 2800 653 2835 iid.
875 2812 887 2834 1
898 2812 927 2835 Ι.
954 2799 1152 2842 Γεέντεθμος
1168 2799 1228 2834 iid.
1447 2810 1498 2842 14.
1524 2798 1677 2845 ε’ίκουσα]

112 2851 241 2895 ἥκουσα
258 2848 317 2883 iid.
510 2847 564 2882 16.
590 2848 643 2882 καὶ
661 2852 879 2891 assumptum
898 2859 939 2881 ex
958 2846 1000 2881 B.
1049 2846 1104 2892 ἣν]
1123 2845 1162 2880 ἵν’
1181 2845 1271 2880 Edd.
1439 2856 1491 2891 17.
1518 2845 1680 2881 σαλεύσει

113 2910 177 2942 pro
195 2894 362 2939 σωρεύσει
379 2894 439 2929 iid.
630 2906 683 2939 19.
704 2895 800 2928 Haec
817 2895 860 2929 ὡς
876 2894 962 2938 ἔφην
979 2894 1010 2927 οἱ
1027 2899 1245 2927 accesserunt
1263 2905 1302 2927 ex
1325 2892 1366 2927 B.
1524 2904 1578 2927 20.
1604 2893 1681 2929 τοὺς

114 2945 149 2978 ἐκ
169 2946 253 2983 Βαβ.
270 2940 555 2987 μετοικισθέντας]
575 2944 640 2975 τῶν
657 2941 692 2974 ἐκ
710 2942 794 2981 Βαβ.
812 2940 1089 2984 μετοικισθέντων
1106 2940 1164 2974 iid.
1425 2940 1479 2974 28.
1504 2939 1679 2985 οἰκοδομή-

115 3005 220 3033 σομεν
239 2990 280 3024 Β.
299 2988 431 3033 (A.V.)
449 2987 720 3033 οἷκοδομήσωμεν
738 2987 829 3022 Edd.
990 2998 1044 3032 29.
1070 2987 1161 3032 ὑμεῖς
1178 2986 1267 3031 (Sic)
1285 2986 1344 3021 iid.
1358 2992 1437 3021 ante
1453 2986 1585 3032 Migne.

842 3054 960 3096 Yy2
