2021 3434
338 218 390 257 12
725 216 774 255 Β.
820 213 1092 255 CYRILLI
1135 214 1510 257 ALEXANDR.
1821 216 1845 255 i.
1870 228 1904 256 1.

337 331 431 378 τῶν
463 327 627 393 Σύρων
665 326 910 377 σύνοπλον
946 326 1070 394 αὐτῷ
1108 325 1328 390 γενέσθαι
1366 329 1441 377 καὶ
1478 326 1807 393 συλλήπτορα,
1832 327 1908 376 καὶ

337 411 795 474 συνεκπολιορκῆσαι
829 406 914 471 τὴν
945 407 1273 473 Ἰερουσαλήμ.
1350 408 1693 473 συνεστηκότος
1732 407 1788 472 δὴ
1827 408 1908 458 οὖν

337 497 419 543 τοῦ
445 491 668 554 πολέμου,
694 488 988 553 τετελεύτηκε
1023 489 1106 552 μὲν
1124 489 1330 554 Ἰωάθαμ
1357 492 1382 541 ὁ
1409 490 1503 544 υἱὸς
1523 490 1756 557 Ἀζαρίου·
1803 493 1905 541 δια-

338 573 515 641 δέχεται
550 573 597 624 δέ
632 571 717 637 τὴν
757 572 1008 633 βασιλείαν
1026 569 1195 640 ’Άχαζ
1220 573 1244 623 ὁ
1284 572 1377 627 υἱὸς
1415 574 1570 636 αὐτοῦ,
1605 571 1808 638 πονηρὸς
1845 569 1910 621 ὢν

114 666 234 740 {1323-
337 656 459 721 ἄγαν
500 657 574 705 καὶ
614 653 972 721 εἰδωλολάτρης,
1011 657 1085 705 καὶ
1120 654 1422 718 καταμεθύων
1459 657 1579 706 οὕτω
1618 654 1736 721 πρὸς
1775 653 1902 705 πλά-
1928 667 1950 704 5

138 721 273 752 v1.2-4.
337 761 474 802 νησιν
512 739 816 800 εἰδωλομανῆ,
848 738 909 790 ὡς
940 738 1016 787 καὶ
1053 736 1135 788 τὸν
1174 737 1290 788 ἰ’διον
1320 737 1418 788 υἱὸν
1449 741 1687 804 διαγαγεῖν
1713 738 1760 788 ἐν
1782 738 1907 803 πυρὶ,

335 821 411 870 καὶ
452 818 571 886 πρὸς
612 824 707 870 πᾶν
748 819 901 870 ὁτιοῦν
942 820 1199 870 ἀπονεῦσαι
1236 824 1331 871 τῶν
1369 819 1603 883 ἐκτόπων,
1630 821 1705 870 καὶ
1740 822 1910 888 θυμιᾷν

335 909 364 931 “
389 904 437 953 ἐν
474 907 569 957 τοῖς
608 904 812 971 ὑψηλοῖς
847 903 922 953 καὶ
960 901 1176 953 ὑποκάτω
1214 901 1388 957 παντὸς
1427 903 1575 972 ξύλου
1615 901 1906 961 ἀλσώδους,”

163 1001 189 1035 9
213 1000 264 1034 A.
296 984 454 1036 εικατά
504 984 557 1036 τὸ
606 983 943 1051 γεγραμμένον.
1023 985 1394 1052 τεθορυβημένος
1445 985 1501 1049 δὴ
1552 986 1633 1036 οὖν
1685 986 1709 1035 ὁ
1736 982 1908 1051 ”Αχαζ,

115 1082 258 1124 Ib.7.8.
334 1066 489 1118 πάντα
539 1066 831 1132 συνενεγκὼν
880 1065 962 1117 τὸν
1017 1073 1227 1118 πλοῦτον
1276 1066 1359 1118 τὸν
1408 1067 1649 1135 εὑρεθέντα
1699 1069 1747 1117 ἐν
1800 1066 1909 1117 οἵκω
1933 1087 1980 1111 10

339 1149 528 1215 Κυρίου,
557 1149 846 1200 ἀποστελλει
883 1150 936 1200 δι’
965 1148 1183 1215 ἀγγέλων
1220 1173 1339 1216 προς
1378 1148 1782 1218 Θεγλαφαλασαρ
1812 1154 1904 1209 βα-

337 1231 478 1282 σιλεα
523 1232 812 1298 Ἀσσυρίων,
852 1233 927 1282 καὶ
966 1231 1202 1298 σώζεσθαι
1244 1231 1298 1283 δι’
1340 1233 1480 1283 αὐτοῦ
1517 1231 1785 1298 παρεκάλει.
1853 1233 1905 1282 ὁ·

119 1326 167 1357 lb-
187 1335 217 1368 9-
336 1313 546 1381 πλίζεται
571 1315 725 1365 τοίνυν
750 1313 1010 1380 Ἀσσύριος
1042 1336 1160 1364 κατα
1194 1317 1276 1378 τῆς
1300 1313 1521 1365 Ραασὼν
1547 1313 1809 1376 βασιλείας,
1835 1315 1910 1364 καὶ

338 1396 519 1464 δέχεται
551 1395 636 1460 μὲν
673 1395 758 1460 τὴν
783 1394 1061 1459 Δαμασκὸν,
1088 1397 1120 1461 ἤ
1150 1397 1253 1447 ἐστι
1290 1396 1580 1462 μητρόπολις
1618 1399 1699 1460 τῆς
1726 1396 1910 1460 Συρίας,

116 1482 229 1567 {gc-110
338 1480 517 1545 ἀναιρεῖ
565 1478 613 1530 δὲ
667 1477 748 1529 τὸν
785 1479 1021 1530 Ῥαασών.
1097 1476 1194 1529 εἶτα
1250 1478 1458 1529 κάτεισιν
1486 1477 1658 1545 ’Άχαζ
1707 1480 1756 1529 ἐκ
1816 1482 1910 1528 τῶν
1934 1497 1979 1535 15
2020 1478 2021 1518 ἶ

181 1551 187 1558 ⁸
335 1561 682 1627 Ἱεροσολύμων
721 1565 782 1615 εἰς
817 1560 1096 1623 Δαμασκὸν,
1134 1560 1368 1630 ὀψόμενος
1406 1560 1488 1612 τὸν
1517 1561 1797 1628 Ἀσσύριον.
1863 1562 1911 1612 ἐν

336 1642 385 1693 δὲ
415 1648 510 1697 τοῖς
543 1647 637 1694 τῶν
667 1642 871 1694 εἰδώλων
897 1643 1107 1707 τεμένεσι
1133 1642 1472 1710 θυσιαστήριον
1498 1643 1724 1710 ἑωρακὼς,
1750 1666 1906 1694 καινο-

295 1729 317 1769 b
336 1727 490 1791 πρεπῆ
522 1748 625 1777 τινα
659 1727 734 1776 καὶ
768 1724 888 1790 ἀήθη
924 1724 1215 1790 κατασκευὴν
1248 1726 1372 1794 ἕχον,
1402 1728 1477 1777 καὶ
1508 1726 1668 1790 ἡσθεὶς
1691 1727 1759 1776 ἐπ’
1786 1725 1912 1793 αὐτῷ

335 1808 459 1871 λίαν,
485 1807 735 1872 ἐκτύπωμα
772 1805 951 1869 λαβὼν,
991 1808 1279 1858 ἀποστέλλει
1316 1806 1433 1875 πρὸς
1463 1809 1643 1874 Οὐρίαν
1676 1807 1758 1859 τὸν
1790 1807 1911 1875 ἱερέα

336 1891 384 1940 ἐν
422 1894 516 1943 τοῖς
546 1890 908 1955 Ἰεροσολύμοις,
951 1891 1026 1940 καὶ
1065 1889 1120 1954 δὴ
1160 1891 1257 1940 κατ’
1292 1888 1403 1941 αὐτὸ
1443 1890 1663 1956 γενέσθαι
1699 1889 1906 1957 προστέ-
1932 1913 1980 1938 20
2014 1900 2017 1945 ξ

336 1994 493 2039 ταχεν.
573 1971 847 2038 εἰσενεγκὼν
884 1970 931 2023 δὲ
969 1974 1017 2023 ἐν
1056 1971 1165 2042 οἴκῳ
1198 1973 1386 2038 Κυρίου,
1431 1975 1506 2023 καὶ
1544 1975 1793 2041 μονονουχὶ
1836 1976 1912 2023 καὶ

338 2053 571 2117 ἀτιμάσας
596 2053 650 2105 τὸ
677 2053 794 2105 κατὰ
819 2053 1055 2118 βούλησιν
1077 2057 1201 2105 Θεοῦ
1228 2052 1304 2105 διὰ
1328 2054 1572 2109 Μωυσέως
1592 2054 1912 2120 γεγενημένον,

336 2137 404 2187 ἐπ’
431 2137 556 2206 αὐτῷ
580 2142 796 2203 πληροῦν
828 2142 888 2187 τὰ
922 2137 1229 2200 νενομισμένα
1253 2136 1563 2204 προστέταχε·
1607 2138 1683 2187 καὶ
1707 2137 1839 2203 ἕτερα
1864 2135 1913 2188 δὲ

336 2217 454 2283 πρὸς
498 2219 678 2272 τούτοις
722 2218 1103 2285 κεκαινούργηκεν
1147 2220 1195 2270 ἐν
1243 2222 1310 2288 τῷ
1361 2222 1472 2288 ναῷ,
1519 2217 1637 2269 κατὰ
1688 2217 1743 2270 τὸ
1788 2220 1914 2289 αὐτῷ

339 2304 516 2363 δοκοῦν,
556 2301 907 2368 ἀπερισκέπτως
952 2302 1026 2351 καὶ
1066 2299 1337 2370 ἀπᾳδόντως
1377 2304 1500 2370 Θεῷ.
1581 2298 1712 2351 ἀλλά
1750 2303 1824 2351 καὶ
1865 2303 1913 2352 ἐν
1934 2295 2011 2375 25}⁸¹

340 2387 435 2436 τοῖς
472 2384 611 2434 αὐτοῦ
649 2388 833 2450 καιροῖς,
873 2382 939 2434 ε”τι
976 2382 1143 2449 ζῶντος
1179 2382 1329 2448 Ὠσηὲ
1371 2386 1467 2434 υἱοῦ
1506 2382 1641 2434 Ἠλά
1675 2382 1914 2443 βασιλέως

303 2463 553 2529 θἸσραὴλ,
593 2465 736 2530 ἀνέβη
776 2463 1106 2531 Σαλμανασάρ
1147 2465 1374 2527 βασιλεὺς
1405 2466 1681 2532 Ἀσσυρίων
1719 2466 1792 2517 ε’πὶ
1830 2463 1914 2517 τόν

340 2545 554 2611 Ἰσραὴλ,
607 2545 655 2601 ὃς
713 2548 1022 2616 καταδῃώσας
1077 2546 1163 2612 τὴν
1226 2546 1491 2614 Σαμάρειαν
1546 2546 1774 2617 μετῴκισε
1830 2545 1914 2598 τὸν

341 2626 542 2693 Ἰσραὴλ
592 2630 639 2678 ἐν
688 2629 819 2696 ὄρεσι
870 2631 946 2681 καὶ
993 2634 1219 2693 ποταμοῖς
1266 2634 1360 2680 τῶν
1406 2628 1605 2694 Μήδων
1677 2629 1913 2682 ἀπέκτεινε

124 2722 271 2754 1b.xvii.
343 2709 391 2759 δὲ
429 2710 504 2758 καὶ
555 2708 695 2760 αὐτὸν
737 2710 820 2762 τὸν
857 2710 1020 2776 Ὠσηὲ.
1085 2713 1160 2763 καί
1203 2710 1279 2763 διὰ
1321 2712 1460 2763 ποίαν
1503 2713 1683 2772 αἰτίαν,
1734 2711 1805 2763 ὅτι
1848 2710 1913 2776 μὴ
1935 2734 2006 2780 3ο,ι

123 2780 152 2804 4'
341 2791 710 2856 προσκεκόμικεν
765 2795 889 2863 αὐτῷ
938 2793 992 2845 τὸ
1043 2792 1213 2858 μαναά,
1265 2796 1429 2863 φησὶν,
1481 2793 1506 2846 ὃ
1557 2792 1615 2857 ἧν
1663 2793 1915 2858 σύμβολον
2001 2801 2004 2837 f

393 2970 444 2993 11.
472 2958 567 2994 Haec
584 2959 624 2993 δι’
642 2960 798 3006 ἀγγέλων
815 2971 1034 2999 accesserunt
1052 2976 1092 2998 ex
1113 2964 1153 2998 B.
1499 2973 1552 3009 27.
1577 2962 1697 3009 ἀνέβη]
1723 2968 1758 3004 -1-
1781 2965 1798 2997 ὁ
1818 2963 1910 2999 Edd.

344 3006 398 3040 28.
425 3006 597 3052 μετῴκησε
615 3007 673 3041 iid.
1009 3022 1065 3056 30.
1092 3013 1150 3046 τὸν
1167 3017 1389 3056 assumptum
1406 3022 1447 3045 ex
1469 3010 1509 3044 B·
