2021 3434
310 218 395 258 680
701 218 751 258 B.
790 216 1064 258 CYRILLI
1115 215 1499 257 ALEXANDR.
1721 229 1761 254 v.
1785 224 1825 266 5,
1847 213 1887 252 6.

301 338 440 381 “va
463 338 686 395 Ἀσσύριος
722 338 883 397 ἐπέλθῌ
920 339 990 380 ἐπὶ
1026 337 1103 380 τὴν
1138 343 1210 386 Γΐ-ἰν
1248 338 1378 389 ὑμῶν,
1410 338 1479 378 καὶ
1515 338 1618 379 ὅταν
1655 337 1780 394 ἐπιβῇ
1818 334 1890 376 ἐπὶ

377 420 454 463 τιῖιν
479 420 622 478 χώραν
649 421 780 473 ὑμῶν,
808 421 877 462 καὶ
903 421 1262 478 ὲΠεῙ-ερθύσονται
1293 420 1353 462 ἐπ’
1386 421 1514 462 αὐτὸν
1551 419 1658 462 ἑπτὰ
1689 419 1889 467 Ποιμὲνεο

266 511 289 547 6
380 502 444 545 καὶ
476 503 593 545 ὀκτὼ
625 503 820 553 δίη-ματα
858 503 1116 561 ἀνθρώπων,
1144 503 1212 545 καὶ
1238 507 1496 553 Ποιμανοῦσι
1528 502 1602 545 τὸν
1627 500 1811 559 Ἀσσοὺρ
1843 501 1888 542 ὲν

378 586 571 646 ῥομφαίᾳ
610 585 674 628 καὶ
711 586 787 629 τὴν
827 591 901 635 Γῆν
938 592 1013 629 τοῦ
1054 587 1228 644 Νεβρῶὸ
1266 588 1310 629 ἐν
1346 592 1398 645 τῷ
1436 588 1590 644 τάφρῳ
1633 585 1778 636 αὐτῆς,
1822 584 1891 625 καί

380 671 554 728 ῥύσεται
587 671 635 711 ἐκ
666 675 740 713 Τοῦ
768 671 965 728 Ἀσσοὺρ,
1002 673 1106 713 ὅταν
1142 671 1305 730 ἐπέλθῌ
1342 671 1413 713 ἐπὶ
1446 671 1522 713 τὴν
1560 674 1635 718 Γῆν
1667 670 1785 720 ὑμῶν
1821 669 1890 710 καὶ
1912 672 1934 711 5

265 762 292 802 b
378 756 481 796 ὅταν
509 755 632 812 ὲπιβξι
660 755 730 796 ἐπὶ
755 754 806 797 τὰ
834 757 930 812 ὅρια
957 755 1090 804 ὑμῶν.

385 880 450 930 Ἡ
477 879 716 946 Ἑβραίων
743 880 928 932 ἕκδοσις
951 884 1035 930 τοῦ
1064 879 1366 945 προκειμένου
1399 879 1660 947 κεφαλαίου
1697 882 1894 930 ποιεῖται

312 960 399 1026 τὴν
424 961 574 1029 ἀρχὴν
606 961 700 1012 ἀπὸ
739 967 821 1013 τοῦ
849 964 943 1012 Καὶ
982 962 1116 1012 ἔσται
1153 963 1268 1026 αὕτη
1294 963 1321 1026 ἡ
1349 961 1517 1028 εἰρήνη,
1544 962 1643 1012 ’ότοιν
1668 960 1893 1027 Ἀσσύριος

314 1041 470 1117 ἐπέλθῃ
513 1044 585 1094 ἐπὶ
631 1042 701 1103 τὴν
741 1043 821 1110 γ’ἦν
859 1043 974 1112 ὑμῶν
1020 1049 1097 1095 καὶ
1143 1044 1242 1096 ‘ost-ow
1283 1046 1417 1116 ἐπιβῇ
1462 1043 1530 1104 τῆν
1574 1043 1719 1113 χώραν
1763 1041 1892 1110 ὑμῶν.

314 1126 450 1180 οὗτος
484 1125 577 1192 γὰρ
604 1126 752 1189 ἔσται,
777 1128 915 1195 φησὶ,
941 1129 1023 1190 τῆς
1054 1127 1234 1193 εἰρήνης
1261 1128 1285 1178 ὁ
1312 1126 1498 1193 τρόπος,
1525 1130 1562 1177 εἷ
1587 1125 1643 1189 δὴ
1667 1124 1894 1187 βούλοιτο
1917 1148 1964 1173 10

314 1212 532 1259 καταθεῖν
563 1211 646 1271 τῆς
680 1210 808 1271 ὑμῶν
835 1212 922 1274 γῆς
956 1231 1005 1260 τε
1043 1211 1119 1260 καὶ
1153 1210 1309 1276 χώρας
1345 1211 1370 1259 ὁ
1400 1208 1636 1274 Ἀσσούρ.
1699 1211 1888 1273 διερμη-

316 1289 521 1343 νεύοντες
560 1289 609 1341 δὲ
646 1289 754 1344 τοὺς
791 1291 1000 1359 στίχους,
1027 1293 1219 1358 ἐροῦμεν
1250 1292 1395 1355 ἡμεῖς,
1427 1291 1496 1342 ὅτι
1526 1295 1622 1341 τῶν
1653 1293 1895 1354 αἰσθητῶν

315 1377 391 1425 καὶ
418 1375 782 1443 ἐμφανεστέρων
806 1376 1101 1442 πραγμάτων
1140 1379 1378 1445 ἀποφοιτᾷ
1415 1375 1471 1440 δὴ
1509 1374 1656 1426 πάλιν
1683 1376 1707 1425 ὁ
1734 1374 1893 1439 λόγος,

315 1456 489 1524 αἴρεται
523 1457 572 1508 δὲ
607 1457 770 1524 ὥσπερ
808 1460 951 1527 ὑψοῦ,
986 1461 1060 1510 καὶ
1100 1459 1157 1528 ἐξ
1193 1461 1429 1527 ἐμφανοῦς
1464 1456 1635 1511 εἰκόνος
1670 1457 1893 1524 ἀποφέρει
2017 1524 2020 1532 .

276 1567 298 1593 c
317 1544 502 1594 λεπτῶς
533 1541 608 1591 ἐπὶ
640 1539 699 1591 τὰ
734 1545 908 1605 νοητῶς
936 1543 1275 1605 συμβαίνοντα.
1339 1540 1558 1611 Ἀσσῦριον
1596 1539 1682 1604 μὲν
1719 1538 1812 1605 γὰρ
1846 1541 1893 1589 ἐν
1918 1559 1988 1602 15

314 1623 494 1676 τούτοις
532 1622 680 1688 ἄνδρα
717 1622 805 1687 μὲν
839 1622 990 1674 οὐκέτι
1028 1623 1110 1674 τὸν
1149 1627 1198 1674 ἐκ
1226 1627 1529 1685 Βαβυλῶνος,
1557 1618 1894 1686 κατασημαίνει

316 1704 365 1756 δὲ
394 1710 585 1769 μᾶλλον
611 1705 693 1757 τὸν
719 1709 800 1770 τῆς
827 1707 1054 1773 ἁμαρτίας
1079 1705 1278 1773 εὑρετὴν,
1307 1708 1428 1773 φημὶ
1463 1704 1520 1770 δὴ
1556 1704 1639 1756 τὸν
1667 1709 1896 1769 σατανᾶν,

314 1792 504 1851 μᾶλλον
529 1790 592 1852 δε,
621 1789 920 1858 ἁπαξαπλῶς
953 1793 1109 1851 εἰπεῖν,
1135 1787 1221 1853 τὴν
1246 1788 1476 1839 ἀτίθασόν
1501 1811 1550 1839 τε
1585 1789 1660 1839 καὶ
1693 1786 1897 1855 φιλοπό-

315 1877 462 1935 λεμον
495 1875 589 1922 τῶν
621 1871 871 1934 δαιμονίων
895 1870 1102 1935 πληθὺν,
1130 1870 1159 1935 ἢ
1185 1871 1360 1925 παντὸς
1392 1871 1526 1937 ἁγίου
1559 1870 1897 1939 κατεξανίστα-

91 1965 212 2039 i1iiTiI11-1·
314 1976 390 2004 ται
417 1958 606 2018 νοητῶς,
627 1956 701 2004 καὶ
727 1953 925 2020 μάχεται
949 1958 1007 2020 τῇ
1033 1955 1146 2023 ἁγίᾳ
1171 1954 1320 2017 πόλει,
1341 1958 1399 2023 τῇ
1426 1957 1568 2022 νοητῇ
1590 1952 1728 2017 Σιὼν,
1754 1954 1896 2018 ((ἥτις
1916 1981 1964 2007 20

132 2034 138 2040 ⁸
180 2030 210 2051 ³⁸
316 2043 343 2066 ‘⁶
369 2037 501 2087 ἐστὶν
525 2037 756 2101 ἐκκλησία
782 2040 907 2087 Θεοῦ
943 2037 1111 2103 ζῶντος
1127 2037 1153 2053 ”
1182 2039 1258 2088 καὶ
1283 2040 1365 2100 τῆς
1401 2037 1497 2087 ἄνω
1523 2038 1599 2087 καὶ
1624 2037 1897 2102 ἐπουρανιου

317 2121 567 2186 νοουμένης
583 2120 902 2188 Ἰερουσαλὴμ
916 2120 1059 2175 τύπος
1077 2120 1152 2172 οἶοί
1167 2145 1236 2176 τις
1254 2125 1328 2172 καὶ
1346 2121 1476 2172 εἰκὼν
1493 2120 1710 2189 ἐμφερής.
1752 2122 1898 2174 οὕτως

359 2205 370 2219 ,
410 2207 430 2217 Α
556 2206 568 2221 χ
617 2205 626 2217 .
814 2204 826 2219 ι
1128 2203 1140 2218 x
1332 2204 1345 2221 s
1569 2203 1582 2218 ι

93 2217 149 2292 IPS-
198 2262 205 2268 ·
316 2227 458 2268 αυτης
495 2226 569 2254 και
609 2226 634 2254 ο
673 2207 926 2258 θεσπεσιος
963 2208 1173 2274 μελῳδος
1212 2208 1484 2268 διεμεμνητο
1522 2210 1675 2269 λεγων
1705 2206 1898 2254 ((Δεδο-

94 2273 217 2345 gxm'
318 2293 345 2315 ‘⁶
371 2285 584 2355 ξασμένα
621 2285 834 2351 ἐλαλήθη
872 2289 978 2352 περὶ
1016 2292 1107 2337 σοῦ
1140 2287 1166 2350 ἡ
1201 2287 1340 2340 πόλις
1378 2292 1460 2337 τοῦ
1493 2286 1658 2337 Θεοῦ·”
1699 2289 1904 2336 κατοικεῖ

272 2383 300 2424 (1
317 2367 410 2435 γὰρ
436 2368 523 2433 τὴν
546 2369 860 2432 Ἐκκλησίαν,
889 2371 965 2420 καὶ
991 2367 1154 2435 ὥσπερ
1189 2367 1292 2420 τινὰ
1322 2367 1465 2420 πόλιν
1497 2369 1615 2420 ἰδίαν
1641 2367 1896 2432 ἐποιήσατο
1916 2390 1960 2431 25
1980 2387 1987 2408 ,⁴

367 2527 397 2550 1.
424 2515 550 2559 ἐπελθῃ
577 2515 632 2549 ε’πι
660 2515 720 2559 τὴν
747 2516 811 2560 ’γῆν
838 2515 930 2559 ὑμῶν
958 2521 992 2549 et
1021 2515 1121 2560 ἐπιβῇ
1152 2515 1207 2550 ἐπὶ
1235 2516 1295 2560 τὴν
1322 2530 1358 2560 χ.
1386 2516 1478 2560 ὑμῶν
1505 2515 1595 2548 inter
1628 2526 1664 2549 se
1693 2521 1825 2559 transp.
1853 2514 1896 2547 A.

318 2573 350 2597 2.
378 2561 679 2607 ἐπεγερθὴσονται]
708 2561 949 2607 ἐγερθήσονται
968 2562 1005 2596 F.
1027 2563 1071 2597 cf.
1098 2575 1203 2607 supra
1220 2562 1266 2596 60
1283 2575 1312 2597 e.
1336 2561 1617 2607 ἐπενεχθὴσονται
1635 2562 1678 2595 Α.
1743 2560 1898 2604 ποιμένες

317 2610 401 2644 ἑπτὰ
417 2610 555 2644 inverso
572 2609 693 2643 ordine
711 2609 754 2643 Β.
939 2623 973 2652 4.
999 2609 1035 2643 ἐν
1051 2612 1090 2653 τῇ
1108 2608 1246 2654 τάφρῳ]
1267 2610 1301 2643 ἐν
1318 2611 1364 2655 τῷ
1383 2610 1481 2654 τάφῳ
1499 2609 1542 2643 A.
1594 2608 1720 2643 Statim
1738 2608 1841 2642 αὐτοῦ
1859 2607 1896 2642 F.

318 2656 412 2692 Edd.
430 2656 530 2702 (153.
534 2655 552 2702 )
568 2656 678 2690 invito
696 2656 740 2690 A.
1042 2666 1076 2701 5.
1100 2655 1184 2699 ἔλθῃ
1204 2656 1296 2690 Edd.
1314 2644 1390 2702 (49.
1409 2655 1474 2701 al.)
1491 2656 1608 2690 invitis
1625 2657 1667 2689 A.
1674 2655 1715 2689 B.
1787 2653 1895 2700 ὑμῶν]

317 2703 395 2747 ὑμῖν
413 2703 455 2737 Β.
666 2703 700 2737 8.
726 2718 807 2747 αυτη
826 2702 869 2737 Β.
887 2703 969 2747 αὐτῇ
987 2704 1031 2737 A.
1050 2704 1131 2748 αὐτὴ
1151 2702 1242 2737 Edd.
1449 2713 1503 2737 ΙΙ.
1530 2702 1729 2755 καταμαθεῖν
1746 2700 1835 2746 (Sic)
1852 2701 1896 2735 A.

323 2761 376 2795 13.
403 2750 443 2793 δὴ
462 2750 606 2784 accessit
622 2761 663 2784 ex
682 2750 725 2784 A.
729 2749 763 2784 Ι).
1176 2762 1228 2792 14.
1254 2750 1292 2793 ἐξ
1310 2749 1428 2783 deest
1421 2761 1457 2783 m
1480 2749 1568 2783 Edd.
1586 2749 1702 2783 invitis
1719 2748 1897 2782 omnibus.

324 2807 378 2842 17.
403 2798 492 2842 φημὶ
510 2797 550 2841 δὴ
568 2796 683 2831 A.b.'
668 2798 741 2841 η’τοι
758 2795 852 2831 Edd.
1108 2797 1163 2831 18.
1191 2796 1288 2831 Haec
1304 2811 1340 2830 τε
1359 2795 1412 2842 [τε
1429 2808 1499 2830 om.
1517 2795 1551 2830 b.
1555 2794 1571 2841 ]
1590 2796 1644 2830 καὶ
1661 2797 1899 2874 φιλοοπόλεμον

321 2882 542 2911 accesserunt
559 2889 601 2911 ex
618 2877 662 2911 A.
666 2877 701 2912 b.
911 2888 965 2923 19.
990 2877 1156 2919 δαιμόνων
1172 2876 1207 2911 Ι).
1421 2887 1475 2911 20.
1501 2878 1541 2920 τῇ
1560 2874 1677 2921 νοητῇ]
1697 2878 1735 2920 τῇ
1727 2851 1835 2918 ⁷⁷(sic)
1853 2874 1896 2909 A.

323 2933 448 2958 20-22.
477 2924 574 2958 Haec
599 2924 669 2968 ἥτις
694 2922 942 2959 ἐστιν-οὔτως
965 2925 1066 2968 αὐτῆς
1090 2931 1311 2958 accesserunt
1335 2935 1377 2958 ex
1403 2926 1445 2958 A.
1511 2923 1693 2957 Nonnulla
1717 2934 1828 2968 usque
1854 2920 1896 2955 ad

322 2970 444 3010 ζῶντος
468 2970 677 3005 adhibentur
701 2982 840 3017 quoque
864 2970 901 3004 in
918 2971 953 3005 b.
1003 2971 1071 3005 Pro
1087 2970 1177 3004 his
1160 2976 1198 3015 ῆς
1215 2969 1307 3004 Edd.
1559 2980 1614 3014 23.
1641 2969 1836 3013 ὃιεμέμνητο
1853 2968 1896 3001 Α.

322 3016 526 3061 ἐπεμέμνητο
545 3017 637 3053 Edd.
745 3028 800 3060 24.
827 3018 1072 3053 κατοικεῖ-καὶ
1089 3016 1223 3063 ὥσπερ]
1244 3018 1411 3053 κατοικίαν
1421 3018 1492 3062 γὰρ
1509 3017 1569 3061 τὴν
1585 3017 1676 3051 ἐκκλ.
1695 3019 1811 3060 ὥσπερ
1832 3015 1873 3049 Β.
