2021 3434
142 929 226 963 401
241 929 291 963 A·
323 938 344 962 a
363 916 510 967 οὐκέτι
541 915 599 967 τὰ
625 916 875 977 Ἰουδαίων,
902 915 1214 981 προσκειμένη
1248 915 1295 965 δὲ
1328 920 1517 979 μᾶλλον
1542 921 1636 969 τοῖς
1675 920 1769 966 τῶν
1794 917 1938 968 ἐθνῶν

143 1923 240 1954 Prov.

142 1968 231 1998 xxiv.
247 1974 294 2008 17,

146 2012 194 2042 18.

363 233 447 273 616
749 233 799 272 B.
842 231 1119 272 CYRILLI
1170 232 1549 274 ALEXANDR.
1826 233 1850 272 i.
1873 246 1933 272 10.

364 349 391 370 ‘⁶
419 343 751 409 Σεπφαρουείμ
771 364 782 403 ;
822 340 887 406 μὴ
906 340 1106 406 ἠδύνατο
1124 339 1365 408 ῥύσασθαι
1384 340 1648 407 Σαμάρειαν
1667 343 1716 392 ἐκ
1736 344 1816 405 τῆς
1836 364 1932 408 χει-

364 433 390 454 “
415 423 496 490 ρός
522 447 612 486 μου
632 446 644 486 ;
686 425 754 478 τίς
781 429 874 474 τῶν
893 428 1011 474 θεῶν
1030 424 1221 475 πάντων
1241 428 1333 474 τῶν
1349 424 1494 474 ἐθνῶν
1513 423 1690 475 τούτων
1708 423 1939 491 ἐῤῥύσατο

363 514 390 536 “
416 504 500 570 τὴν
537 509 628 572 γῆν
654 507 794 557 αὐτοῦ
833 508 882 556 ἐκ
921 506 1072 573 χειρός
1098 529 1187 567 μου
1209 507 1252 567 ;”
1303 506 1405 556 ε”στι
1429 505 1583 557 τοίνυν
1608 506 1635 569 ἡ
1665 505 1742 557 Γὲθ
1781 508 1933 556 ἀλλο-

362 588 530 656 φύλων
563 586 647 651 μέν
678 592 771 637 τῶν
806 588 1104 649 καλουμένων
1132 589 1427 650 Φυλιστιεῖμ,
1459 587 1746 653 μητρόπολις
1784 587 1833 638 δὲ
1857 590 1939 650 τῆς
2020 651 2021 660 ¹

365 669 707 734 Παλαιστίνης.
765 668 897 720 ἀλλὰ
934 671 1008 720 καὶ
1041 670 1306 736 ἡἘνακεὶμ
1345 670 1512 732 ὁμοίως
1549 670 1753 737 πολίχνη
1791 670 1978 724 ποίλιν5

362 754 410 802 ἐν
453 753 692 819 ἐσχατιαῖς
736 755 817 816 τῆς
858 752 1084 804 Ἰουδαίας
1130 750 1326 814 κειμένη,
1371 750 1490 816 πρὸς
1539 755 1597 819 τῇ
1642 752 1760 802 κατὰ
1804 750 1939 802 νότον
2019 776 2021 815 ;

362 833 536 903 ἐρήμῳ,
566 833 756 884 ε’ίκουσα
790 833 874 896 μὲν
898 838 993 887 τοῖς
1024 833 1177 883 Ἰούδα
1212 832 1483 898 σκήπτροις,
1512 839 1756 902 φρονοῦσα
1791 833 1939 900 γεμὴν

2018 949 2021 985 1

363 998 560 1065 ὁμόροις,
607 999 887 1058 Μωαβίταις
939 997 995 1062 δὴ
1037 998 1162 1063 λέγω
1213 1020 1287 1048 και
1330 998 1619 1061 ΗΙδουμαιοις.
1685 996 1722 1048 ῶ
1771 1021 1938 1061 τοινυν,
2018 998 2021 1046 Ι

363 1083 499 1149 φησι,
543 1083 625 1144 τῆς
668 1079 745 1131 Γὲθ
788 1079 1034 1145 οἰκήτορες,
1074 1078 1110 1129 ῶ
1148 1082 1230 1143 τῆς
1269 1084 1495 1148 Ἐνακειμ,
1537 1079 1600 1144 μὴ
1644 1103 1727 1134 τας
1772 1104 1939 1148 ετερων
1962 1073 2021 1140 10}

362 1162 616 1229 συμφορας
654 1164 814 1228 ἑορτῆς
852 1167 1060 1214 ποιεῖσθε
1097 1162 1380 1231 προφάσεις·
1425 1187 1485 1230 μη
1524 1162 1828 1230 μεγαλυνεσθε
1865 1162 1941 1214 δια
2016 1147 2021 1235 ἓ

362 1251 521 1306 ταῦτα,
548 1245 663 1309 μηδὲ
701 1244 944 1311 ἐπειδήπερ
978 1246 1002 1296 6
1033 1246 1200 1310 γείτων
1232 1245 1359 1306 ὑμῶν
1393 1242 1514 1298 οἶκος
1548 1244 1801 1311 ἠρήμωται,
1827 1269 1937 1296 του-
2016 1239 2020 1295 ἶ

362 1326 521 1378 τὲστιν
549 1329 572 1378 6
599 1333 681 1378 τοῦ
706 1328 925 1392 Ἰσραὴλ,
956 1327 1173 1394 ταύτῃτοι
1204 1325 1363 1377 πλατὺ
1392 1331 1575 1392 γελᾶτε,
1601 1329 1740 1394 φησὶ,
1769 1350 1937 1391 μονον·
2015 1299 2021 1398 ξ

363 1411 463 1476 ουχὶ
490 1414 583 1459 τῶν
610 1410 932 1460 ἀπολωλότων
959 1409 1334 1476 κατορχούμενοι.
1380 1408 1440 1477 μῆ
1469 1408 1729 1477 οἰκοδομεῖτε
1756 1410 1801 1480 ἐξ
1829 1412 1940 1462 οἴκου
2014 1404 2019 1445 ¹

368 1492 692 1556 καταγέλωτα,
720 1491 829 1542 ἀλλ’
859 1494 920 1545 ὡς
959 1493 1033 1542 καὶ
1071 1493 1200 1542 αὐτοὶ
1233 1490 1291 1542 τὰ
1317 1493 1454 1558 χείρω
1488 1491 1769 1554 πεισόμενοι,
1797 1491 1939 1544 καθά-
1962 1514 2006 1553 15

319 1581 346 1621 b
366 1571 456 1639 πέρ
495 1597 599 1624 τινα
631 1573 710 1639 ’γῆν
752 1572 1098 1625 καταπαττεο-θε
1135 1572 1218 1624 τὸν
1250 1574 1475 1636 ἐσόμενον
1513 1575 1620 1624 καθ’
1649 1574 1765 1641 ὑμῶν
1793 1598 1941 1626 κατα-

323 1704 326 1705 .
365 1655 562 1722 γέλωτα,
589 1658 663 1706 καὶ
689 1655 771 1709 τὰς
797 1657 971 1707 ἑαυτῶν
998 1660 1202 1721 θρηνεῖτε
1232 1655 1501 1724 συμφοράς.
1569 1655 1941 1724 κατορχήσονται

1921 1828 1941 1838 Α

2012 1644 2017 1743 Ῑ

364 1737 458 1804 γὰρ
497 1740 624 1801 ὑμῶν
663 1742 703 1789 οἱ
736 1739 1044 1801 Βαβυλώνιοι,
1085 1741 1158 1789 καὶ
1198 1743 1388 1803 οἰκτρῶς
1426 1739 1736 1790 ἀπολωλόσιν
1772 1742 1941 1804 ἐπιμει-
2011 1747 2016 1804 ξ

365 1819 614 1872 διάσουσιν
646 1825 688 1871 οὶ
723 1822 896 1888 ἐχθροί.
964 1821 1123 1889 σοφὸν
1157 1822 1237 1872 οὖν
1274 1821 1365 1888 ἄρα
1397 1821 1449 1871 τὸ
1484 1824 1822 1887 ἐπιμεμνῆσθαι
1860 1846 1941 1874 του
2010 1821 2015 1898 ᾗ

365 1901 589 1968 λέγοντος
624 1911 650 1932 “
670 1903 787 1954 Ἐὰν
814 1927 940 1972 πεσῃ
969 1905 993 1954 6
1025 1903 1188 1971 ἐχθρός
1215 1927 1324 1967 σου,
1355 1903 1419 1968 μὴ
1445 1906 1668 1972 ἐπιχαρῃς
1701 1906 1843 1973 αὑτῶ,
1873 1928 1940 1957 οτι
1959 1903 2014 1970 2οξ

2010 1991 2013 2012 Ι

366 1984 589 2054 “οψεται
621 1985 793 2052 Κυριος
827 2010 902 2037 και
934 1988 1015 2037 οὐκ
1025 1985 1209 2085 ”ἀρε’σει
1248 1988 1390 2055 αὑτω,
1422 2010 1496 2038 και
1527 1986 1824 2056 ἀποστρεψει
1861 1986 1942 2039 τὸν

2009 2088 2012 2104 Ι

2008 2106 2013 2124 1

366 2074 393 2096 “
420 2066 568 2131 θυμὸν
594 2069 734 2119 αὐτοῦ
761 2068 840 2120 ἀπ’
869 2071 1034 2121 αὑτοῦῖ
2008 2132 2012 2164 1

441 2149 717 2216 Πράττουσι
755 2151 803 2202 δὲ
840 2157 978 2202 τοῦτο
1009 2153 1084 2202 καὶ
1110 2155 1152 2202 οἱ
1178 2151 1394 2218 Χριστὸν
1424 2153 1506 2203 οὐκ
1534 2151 1716 2206 εἰδότες.
1784 2156 1942 2204 διωκο-

325 2230 517 2295 ρμένων
560 2232 653 2300 γὰρ
698 2233 802 2284 ἐσθ’
856 2233 931 2284 ὅτε
980 2238 1074 2284 τῶν
1120 2235 1397 2298 ἐκκλησιῶν,
1447 2257 1522 2285 και
1574 2233 1942 2301 δοκιμαζομενων
2007 2250 2011 2306 3'

365 2314 511 2380 ἁγιων
544 2314 644 2378 ἤτοι
676 2319 770 2366 τῶν
802 2317 850 2367 ἐν
877 2317 1054 2378 αὐταῖς,
1082 2314 1184 2367 τότε
1211 2315 1267 2380 δὴ
1293 2316 1397 2367 τότε
1427 2316 1642 2380 μάλιστα
1671 2340 1778 2371 τους
1804 2317 1941 2372 ἰδίους
1959 2317 2010 2394 25}

364 2398 494 2448 αὐτοὶ
548 2396 958 2463 καταθαυμαζῖωσι
1009 2399 1155 2453 θεούς.
1234 2400 1344 2449 ἀλλ’
1387 2399 1412 2449 6
1463 2401 1610 2464 γε’)ως
1667 2400 1821 2454 αὐτοῖς
1871 2401 1940 2451 ε’κ-
2005 2403 2009 2463 ξ

363 2483 560 2548 τελευτᾷ
596 2480 711 2546 πρὸς
750 2479 967 2547 δάκρυον,
1015 2481 1423 2548 κατευμαρίζοντος
1466 2481 1550 2545 μὲν
1590 2480 1649 2532 τὰ
1692 2481 1818 2533 δεινὰ
1859 2487 1940 2533 τοῦ
2004 2489 2009 2541 ξ

2003 2579 2007 2619 ί

414 2672 444 2694 I.
471 2661 708 2706 Σεπφαρουείμ
728 2661 770 2695 Β.
796 2662 924 2706 Σεφαρ.
943 2662 986 2695 Α.
1003 2661 1095 2696 Edd.
1139 2660 1290 2696 Statim’
1294 2661 1363 2696 Ανὰ
1382 2676 1434 2695 και
1447 2660 1534 2701 Ἀβά
1552 2663 1584 2704 (e
1603 2674 1623 2704 4
1642 2661 1728 2708 Reg.
1747 2662 1843 2706 xvii.)
1861 2660 1940 2696 add.
2002 2658 2006 2684 ³

364 2707 457 2741 Edd.
474 2708 753 2767 repugnantibus
767 2708 810 2742 A.
817 2709 857 2742 B.
889 2707 1085 2751 ἠδύνατοΑ.
1104 2709 1199 2754 (308.
1203 2708 1216 2753 )
1233 2708 1386 2743 δύνανται
1403 2709 1444 2743 Β.
1458 2708 1549 2743 Edd.
1565 2707 1738 2752 (ἐδυναντο
1756 2711 1799 2744 A.
1803 2709 1847 2743 V.
1862 2709 1923 2742 &c.
1928 2708 1940 2751 )
2001 2692 2006 2782 Ι

367 2765 398 2787 2.
427 2754 524 2788 Haec
542 2755 753 2800 τίς-χειρός
768 2770 832 2799 μου
850 2764 1071 2790 accesserunt
1088 2768 1129 2790 ex
1147 2757 1191 2790 A.
1392 2769 1425 2798 4.
1452 2760 1517 2790 τῶν
1533 2768 1602 2790 orn.
1621 2757 1665 2790 A.
2002 2786 2006 2801 f

364 2808 586 2845 assumptum
605 2814 645 2835 ex
666 2802 1016 2847 B.Statim’wa1<1p
1035 2802 1076 2837 Β.
1221 2812 1252 2848 7.
1278 2803 1337 2846 μὲν
1355 2803 1398 2836 A.
1406 2803 1446 2836 Β.
1464 2803 1568 2848 γεμὴν
1586 2766 2006 2862 Edd.10.⁵02-2

1998 2877 2004 3038 ἔ

1998 3046 2002 3092 ί

366 2846 526 2891 κὴτορσιν
543 2848 623 2892 (sic)
640 2850 684 2882 A.
734 2849 847 2892 ε’νακιμ
866 2849 908 2883 Β.
1168 2860 1220 2883 11.
1247 2851 1425 2895 πρόφασιν
1442 2850 1484 2883 Α.
1741 2861 1793 2884 12.
1819 2846 1937 2893 ταῦτα]

364 2908 463 2927 τουτο
481 2895 524 2928 Α.
577 2895 702 2929 Statim
720 2897 802 2938 μηδὲ
822 2896 966 2930 accessit
983 2908 1023 2930 ex
1042 2896 1132 2930 A.B.
1175 2897 1252 2940 ὑμῖν
1269 2898 1313 2931 A.
1425 2908 1476 2941 13.
1504 2895 1538 2941 ὁ]
1559 2897 1589 2930 οἶ
1606 2897 1650 2931 Α.
1765 2895 1817 2931 16.
1843 2909 1939 2930 κατα-

363 2940 497 2983 γέλωτα
517 2941 558 2974 Α.
576 2941 710 2986 γέλωτα
731 2943 820 2976 Edd.
1046 2944 1098 2977 18.
1125 2945 1156 2977 οἱ
1173 2950 1393 2988 assumptum
1412 2956 1451 2977 ex
1471 2944 1562 2978 AB.
1790 2955 1842 2988 19.
1867 2942 1938 2976 ἐπι-

364 2989 551 3027 μεμνῆσθαι
571 2990 613 3021 A.
631 3003 727 3032 μεμν.
748 2989 838 3023 Edd.
1006 3001 1061 3033 25.
1085 2992 1159 3025 τότε
1178 2991 1235 3024 alt.
1254 2997 1474 3036 assumptum
1493 3003 1531 3024 ex
1552 2991 1594 3025 A.
1763 2990 1818 3024 26.
1841 3002 1937 3023 κατα-

364 3032 571 3077 θαυμάζουσι
591 3036 633 3068 Α.
653 3035 750 3080 θαυμ.
772 3036 862 3071 Edd.
