2021 3434
320 193 404 233 696
706 192 756 233 B.
800 191 1078 233 CYRILLI
1120 191 1502 232 ALEXANDR.
1777 188 1832 229 vi.
1856 197 1896 241 5.

93 318 253 351 Heb.xii.
315 307 398 368 τῆς
447 305 682 369 σωτηρίας
732 304 864 368 ἡμῶν
915 311 942 333 “
967 303 1178 371 ἀρχηγὸν
1227 305 1302 354 καὶ
1363 302 1611 366 τελειωτὴν
1659 301 1895 366 Ἰησοῦνέῗ

93 372 123 393 2’
314 388 604 456 ἐξαπέστειλε
630 387 678 439 δὲ
703 386 866 454 ὥσπερ
902 389 977 438 καὶ
1007 387 1216 457 Μαριέιμ,
1242 391 1388 452 δῆλον
1414 386 1463 438 δὲ
1489 386 1559 438 ὅτι
1585 386 1670 451 τὴν
1694 388 1898 450 Ἐκκλη-

314 471 446 532 σίαν,
484 468 513 534 ἢ
552 473 635 534 τῆς
674 474 768 521 τῶν
802 471 983 537 ἐχθρῶν
1017 472 1272 534 ἐπιβουλῆς
1306 469 1630 537 καταλαλάξει
1668 473 1899 534 λαμπρῶς

278 575 281 590 ³
315 554 588 602 ἀνατιθεῖσα
631 550 717 616 τὴν
758 550 903 620 δόξαν
947 554 1013 621 τῷ
1053 549 1289 602 σεσωκότι
1330 555 1455 621 Θεῷ.
1520 552 1588 601 ἀεὶ
1626 548 1718 616 γὰρ
1765 551 1899 613 ὕμνοι
1996 621 1998 625 .

315 635 390 684 καὶ
421 631 718 700 χαριστήρια,
746 635 821 684 καὶ
855 636 938 696 τῆς
975 639 1058 684 τοῦ
1086 636 1210 684 Θεοῦ
1249 632 1391 701 δόξης
1429 632 1606 684 ε”παινοι
1645 633 1720 683 καὶ
1758 633 1940 699 ἀναρ-5

312 714 474 782 ῥήσεις
524 717 572 766 ἐν
623 715 909 779 ἐκκλησίαις.
974 715 1373 783 παραφυλακτέον
1425 713 1482 777 δὴ
1534 714 1615 764 οὖν
1667 715 1742 764 καὶ
1790 714 1900 778 ἡμῖν

91 815 176 850 447
193 813 244 847 A.
274 798 484 856 ααύτοῖς,
512 796 577 862 μὴ
613 797 704 862 ἄρα
738 820 839 851 πως
873 797 993 861 ἡμᾶς
1030 801 1125 849 τοῖς
1149 795 1418 850 Ἰουδαϊκοῖς
1456 795 1751 861 ἐγκλήμασιν
1786 797 1900 847 ὑπο-

314 881 445 950 βάλῃ
495 882 549 933 τὸ
590 881 819 951 ῥᾴθυμον,
855 884 929 933 καὶ
967 881 1032 946 μὴ
1072 881 1296 950 φορτικὸν
1343 881 1561 947 ἡγώμεθα
1602 880 1655 931 τὸ
1700 879 1901 932 ἀνδοὶνον

94 977 252 1009 1S-J0an-
316 969 438 1035 Θεῷ.
516 967 578 1018 ὡς
618 963 711 1030 γὰρ
756 966 781 1015 ὁ
822 962 1047 1030 μακάριός
1091 969 1242 1032 φησιν
1287 963 1506 1028 Ἰωάννης
1552 970 1581 993 “
1605 966 1665 1014 Αἱ
1715 964 1900 1013 ἐντολαὶ

90 1029 171 1059 ν’δ’
412 1048 422 1063 ›
490 1053 508 1063 a
665 1052 684 1060 Α
793 1048 803 1062 2
888 1051 898 1064 ‚
948 1046 1008 1075 '·'’
1103 1049 1114 1062 x
1186 1048 1196 1061 ³
1234 1045 1247 1061 x
1352 1046 1364 1064 x
1405 1048 1415 1061 t
1624 1044 1634 1060 1
1688 1043 1754 1074 “et
1883 1045 1894 1059 e
1992 1037 2002 1061 '.

90 1074 249 1106 SMatth.
316 1055 343 1078 ‘⁶
368 1070 510 1098 αυτου
544 1053 727 1114 βαρειαι
754 1070 835 1098 ουκ
862 1069 954 1098 εισι
1043 1070 1118 1097 και
1143 1070 1280 1100 αυτος
1316 1049 1365 1098 δε
1396 1070 1421 1097 ο
1448 1050 1661 1112 Χριστος
1756 1048 1848 1096 Οτι
1875 1068 1900 1095 ο
1921 1063 1967 1097 19
1996 1078 2002 1088 ι

90 1127 203 1158 ³¹'30'
317 1140 344 1162 ‘⁶
371 1131 506 1200 ζυγός
543 1155 634 1195 μου
671 1130 894 1234 χρηστὸς,
936 1134 1009 1182 καὶ
1048 1130 1101 1182 τὸ
1141 1132 1336 1201 φορτίον
1374 1155 1464 1193 μου
1502 1128 1713 1200 ἐλαφρόν
1750 1130 1898 1180 ἐστι.”

314 1215 634 1283 προσάγωμεν
676 1217 830 1267 τοίνυν
874 1215 928 1267 τὸ
969 1215 1170 1267 ἀδδοῖνον
1206 1218 1327 1286 Θεῷ,
1367 1215 1438 1267 ὅτι
1481 1219 1576 1266 τῶν
1613 1215 1721 1281 παρ’
1758 1215 1901 1265 αὐτοῦ

267 1298 541 1396 φορτικον
567 1299 712 1349 οὐδέν
754 1298 943 1366 χρηστὰ
976 1298 1023 1349 δε
1061 1322 1218 1350 παντα
1249 1322 1322 1350 και
1354 1303 1450 1353 τοῖς
1484 1298 1658 1365 ἄριστα
1689 1300 1901 1359 διαβιοῦν

315 1381 560 1450 ᾑρημενοις
598 1381 944 1445 εὐδιακόσμητα
981 1386 1238 1434 παντελῶς.

276 1661 298 1700 5
318 1651 427 1693 Λαόε
450 1666 544 1703 μου,
568 1651 778 1700 μνιίσθΗτι
812 1651 862 1693 ba
897 1651 936 1693 τί
968 1651 1253 1702 ἐβουλεύσατο
1289 1651 1394 1693 κατὰ
1431 1654 1504 1693 σοῦ
1535 1651 1678 1692 Βαλὰκ
1705 1650 1900 1702 βασιλεὺς
1923 1664 1967 1704 15
1996 1679 2004 1705 3

1998 1713 2001 1726 ἱ

272 1735 299 1775 b
383 1735 538 1787 ΛΛωὰβ,
565 1735 633 1776 καὶ
659 1734 697 1777 τί
724 1736 840 1790 αὐτῷ
874 1735 1082 1792 ἀπεκρίθΗ
1113 1735 1291 1785 Βαλαὰμ
1328 1733 1417 1779 υἷὸο
1449 1738 1522 1776 τοῦ
1553 1734 1672 1791 Βεὼρ
1702 1733 1788 1778 ἀπὸ
1813 1734 1900 1777 τῶν

385 1818 584 1875 Σχοίνων
616 1820 701 1861 ἕως
740 1823 814 1861 τοῦ
857 1818 1037 1871 ΓαΛΓὰΛ,
1080 1820 1200 1861 ὅπως
1244 1822 1412 1877 Γνωσθῌ
1463 1835 1486 1860 Η
1532 1818 1777 1860 ὃικαιοσύνΗ
1826 1821 1899 1860 τοῦ

388 1904 550 1962 Κυρίου.

395 2028 590 2080 Εὐθύνει
627 2027 683 2092 δὴ
717 2028 877 2091 παλιν,
913 2031 976 2083 ὡς
1010 2031 1212 2083 ἀνοσίως
1245 2028 1548 2098 ἐξυβρικότας
1580 2032 1642 2082 εἰς
1675 2027 1736 2079 τὰ
1761 2027 1902 2078 αὐτοῦ

319 2112 479 2177 κράτη,
507 2112 654 2162 καίτοι
693 2110 846 2176 λέγειν
881 2111 1074 2179 ἔχοντας
1111 2111 1257 2174 οὐδεν,
1284 2111 1357 2180 ἐφ’
1385 2110 1452 2165 οἷς
1486 2110 1543 2175 ἧν
1577 2110 1695 2165 εἰκὸς
1727 2111 1775 2161 ἐν
1800 2111 1902 2178 δίκῃ
1921 2133 1967 2158 20
2000 2137 2005 2144 ·

319 2193 670 2258 λελυπημενους
727 2196 977 2245 ἀποκλῖναι
1038 2193 1156 2261 πρὸς
1206 2194 1493 2246 ἀπόστασιν.
1575 2193 1762 2263 ἠξίωσα
1809 2191 1902 2259 γὰρ

1951 1846 1993 1973 Ξ

1989 1967 1993 2012 Ξ

1988 2015 1993 2067 Ξ

1988 2080 1993 2198 Ξ

1987 2204 1992 2224 Ξ

1986 2241 2021 2351 Ξ

369 2414 399 2437 1.
429 2402 526 2437 Haec
545 2417 597 2436 και
614 2402 816 2447 τελειωτὴν’
820 2405 943 2447 Ιησοῦν
956 2409 1177 2437 accesserunt
1194 2415 1235 2437 ex
1253 2403 1297 2436 A.
1518 2414 1551 2448 3.
1576 2402 1646 2447 ἥτις
1663 2414 1728 2448 pro
1744 2401 1764 2446 ἣ
1781 2404 1840 2447 τῆς
1857 2402 1900 2438 A.
1986 2352 2003 2456 Ξ

320 2450 563 2496 καταλαλάξει]
585 2450 642 2484 Sic
668 2450 771 2484 edidi.
794 2452 898 2484 κατ-αλ
948 2451 1045 2494 λάξει
1064 2452 1110 2494 (c.
1127 2450 1267 2494 lacuna)
1286 2450 1329 2484 A.
1348 2450 1383 2484 in
1407 2461 1478 2493 mg.
1496 2451 1542 2483 λα
1567 2449 1662 2483 unde
1686 2451 1899 2484 καταλλαλά-
1988 2459 1990 2487 [

320 2498 370 2540 ξει
388 2509 417 2531 e.
435 2497 612 2542 ἀπήλλαξε
631 2497 672 2531 Β.
692 2496 863 2542 ὑπερήρθη
882 2497 973 2532 Edd.
1269 2510 1300 2539 4.
1326 2497 1499 2531 ἀντιθεῖσα
1516 2508 1578 2542 pro
1596 2496 1791 2531 ἀνατιθεῖσα
1808 2496 1899 2532 Edd.
1986 2490 1991 2558 Ξ

319 2544 437 2578 invitis
455 2544 498 2578 A.
505 2544 546 2578 B.
829 2555 861 2588 5.
887 2545 988 2588 δόξης
1005 2543 1049 2578 Α.
1068 2544 1197 2580 δόσεως
1214 2545 1306 2579 Edd.
1589 2543 1621 2577 6.
1648 2544 1840 2587 ἐκκλησίαις
1855 2544 1899 2578 Α.

321 2591 482 2635 ἐκκλησίᾳ
500 2591 559 2625 ild.
608 2590 647 2634 δη
665 2597 886 2635 assumptum
905 2603 946 2625 ex
964 2593 1008 2626 A.
1330 2601 1361 2635 7.
1387 2591 1471 2634 ἡμᾶς
1487 2592 1558 2625 τοῖς
1573 2589 1672 2624 Ἰ.ουδ
1691 2590 1900 2635 ἐγκλήμασιν
1985 2566 1990 2635 Ξ

320 2638 476 2682 ὑποβάλῃ
502 2639 540 2671 τὸ
566 2637 732 2682 ῥᾳθυμον]
764 2638 821 2672 Sic
846 2638 936 2671 edldl
964 2650 1005 2672 ex
1031 2638 1074 2672 A.
1101 2650 1168 2672 mSl
1174 2638 1287 2696 ..qUOd
1313 2637 1508 2673 Ιουδαικοῖς
1533 2649 1613 2672 cum
1644 2637 1735 2671 Edd.
1760 2638 1897 2672 retinui.
1984 2641 1990 2722 Ξ

319 2684 489 2719 Ἰουδαίων
513 2685 558 2718 Α.
592 2684 684 2728 ἡμεῖς
713 2684 822 2730 [ἡμεῖς
852 2684 948 2719 deest
977 2685 1013 2719 in
1044 2685 1086 2719 B.
1090 2684 1104 2730 ]
1134 2687 1204 2720 τοῖς
1229 2684 1328 2719 Ἰουδ.
1361 2685 1454 2730 ἐγκλ.
1484 2684 1709 2728 ὑποπεσωμεν
1736 2684 1778 2719 Β.
1807 2684 1899 2719 Edd.

324 2743 377 2766 10.
396 2731 449 2777 δέ]
473 2736 510 2773 -Ξ-
531 2733 640 2776 φησὶν
658 2731 749 2766 Edd.
767 2732 877 2766 invito
895 2733 939 2767 A.
989 2732 1040 2766 ὅτι
1057 2736 1281 2777 assumptum
1301 2744 1342 2766 ex
1360 2733 1403 2765 A.
1528 2743 1580 2765 11.
1606 2746 1670 2774 μου
1687 2732 1747 2766 alt.
1765 2743 1836 2765 om.
1854 2731 1897 2765 A.
1984 2723 1990 2842 Ξ

319 2778 394 2812 ἐστι
412 2787 633 2824 assumptum
651 2791 692 2812 ex
710 2779 754 2813 A.
916 2790 981 2813 12—
988 2788 1039 2824 15.
1068 2779 1167 2816 Quae
1185 2785 1381 2824 sequuntur
1397 2790 1509 2824 usque
1526 2778 1568 2812 ad
1588 2780 1675 2814 Λαός
1690 2793 1755 2823 μου
1773 2778 1899 2812 desunt

319 2825 354 2858 iu
374 2825 416 2859 B.
656 2836 709 2859 12.
727 2826 765 2859 τὸ
783 2826 925 2860 ἇδδάνον
943 2829 1016 2873 Θεῷ
1036 2826 1079 2860 A.
1098 2828 1172 2872 Θεῷ
1190 2827 1228 2860 τὸ
1246 2825 1374 2870 εὐηνιον
1392 2825 1483 2860 Edd.
1802 2824 1897 2858 Haec
1984 2849 1989 2874 !

318 2873 453 2915 χρηστὰ
470 2872 505 2906 δέ
523 2873 852 2908 πάντα-παντελῶς
869 2879 1089 2907 accesserunt
1107 2885 1148 2906 ex
1166 2874 1210 2906 A.
1552 2873 1605 2906 16.
1631 2872 1719 2917 αὐτῷ
1721 2836 1896 2916 Ιἀπεκρίθη

320 2918 411 2952 Edd.
431 2919 550 2961 (XII.)
568 2919 684 2962 ἀπεκρ.
703 2920 791 2965 αὐτῷ
809 2920 852 2954 Α.
873 2921 932 2964 (A.
937 2920 997 2964 V.)
1046 2922 1105 2954 τοῦ
1124 2919 1243 2953 deest
1237 2932 1272 2953 m
1292 2919 1329 2954 F.
1349 2919 1441 2953 Edd.
1461 2919 1536 2964 (87.
1556 2920 1598 2952 al.
1604 2919 1655 2963 )
1638 2934 1656 2952 ο
1673 2933 1733 2952 του
1751 2930 1812 2963 pro
1829 2919 1897 2953 υἱὸς

319 2967 378 2998 τοῦ
396 2965 438 2998 A.
456 2978 486 2999 c.
506 2967 610 2999 nullis
630 2966 743 3001 Codd.
759 2967 854 3001 Pars.
1088 2958 1139 3001 18.
1169 2965 1310 3011 Κυρίου]
1332 2969 1419 3000 Θεου
1436 2967 1479 3000 Α.
1499 2978 1527 3000 c.
1546 2966 1650 3000 nul¹is
1671 2964 1783 3000 Codd.
1801 2965 1895 2999 Pars.
1982 2880 1989 3068 Ξ

1981 3130 1987 3247 Ξ

322 3022 376 3044 21.
406 3012 581 3056 ἀπόκριναι
600 3012 688 3057 (sic)
707 3014 750 3048 A.
814 3013 939 3047 Statim
957 3014 1003 3049 εἷς
1021 3025 1083 3059 pro
1101 3015 1185 3059 πρὸς
1203 3014 1246 3048 A.
1297 3012 1425 3057 ἠξίωσα
1443 3013 1508 3058 γὰρ
1528 3025 1598 3047 0111.
1617 3014 1660 3047 A.
