2021 3434
269 152 352 192 252
658 153 707 191 B.
750 152 1027 191 CYRILLI
1070 152 1447 192 ALEXANDR.
1619 150 1688 191 xii.
1708 164 1747 205 9,
1771 162 1832 189 10.

230 281 251 306 c
268 265 457 324 μᾶλλον
497 260 584 324 τὴν
625 261 902 329 πλεονεξίαν
945 263 1020 311 καὶ
1059 259 1144 324 τὴν
1183 258 1437 324 ἀνισότητα
1476 261 1550 309 καὶ
1587 264 1682 310 πᾶν
1719 257 1837 312 εἶδος

268 344 456 397 ἀδικίας.
511 344 620 393 ἀλλ’
649 342 746 393 ἰδοὺ
777 343 832 407 δὴ
858 342 1004 394 πάλιν
1030 347 1238 408 πειρᾶται
1265 341 1494 403 δεικνύειν,
1520 342 1581 393 ὡς
1606 339 1670 403 μὴ
1694 338 1838 403 μόνον

266 422 493 489 γεγονότα
523 423 581 474 τὰ
616 428 677 477 εἰς
710 425 983 490 ἀνθρώπους
1012 429 1232 486 τοιοῦτον,
1259 421 1389 473 ἀλλὰ
1417 420 1507 487 γὰρ
1533 422 1606 471 καὶ
1634 419 1687 471 τὸ
1713 422 1838 486 ἐγγί-

266 504 355 570 ζειν
380 509 486 574 Θεῷ
513 504 587 556 διὰ
620 504 910 571 πραγμάτων
941 506 1092 556 αὐτῶν
1128 503 1511 570 παραιτούμενον.
1554 506 1749 552 αἰτιᾶται
1782 501 1838 566 δὴ

266 587 360 649 οὖν,
393 589 454 640 ὡς
488 585 751 652 ἠγνοηκότα
784 585 865 638 τὸν
896 585 1164 653 Λυτρωτὴν,
1197 588 1259 639 ὡς
1296 589 1395 638 ταῖς
1433 584 1668 636 ἀπονοίαις
1704 605 1834 648 περι·
1857 602 1879 641 5

266 669 529 735 υβρίσαντα
579 668 662 719 τὸν
712 669 768 738 ἐξ
816 668 941 720 οἴκου
993 669 1202 721 δουλείας
1253 664 1577 730 ἐκκεκομικότα
1632 665 1840 729 σημείοις

264 773 313 801 τε
360 752 434 801 καὶ
480 750 655 817 τέρασι,
697 753 772 802 καὶ
824 753 871 802 ἐν
922 749 1108 813 δυνάμει
1157 748 1357 817 μεγάλῃ,
1408 750 1482 798 καὶ
1533 749 1581 798 ἐν
1625 748 1841 814 βραχίονι

265 833 454 902 ὑψηλῷ.
531 832 618 899 ἐγὼ
656 831 748 900 γάρ
787 837 937 901 φησιν
975 834 1196 899 ἀνήγαγον
1235 833 1354 900 ὑμᾶς
1393 831 1438 899 ἐξ
1471 829 1714 896 Αἰγύπτου.
1792 831 1841 880 ἐν

266 913 315 965 δὲ
358 918 424 983 τῷ
464 917 684 981 ἀνήγαγον
722 919 875 978 εἰπεῖν,
915 915 1137 983 ἀποφέρει
1180 912 1298 980 πρὸς
1336 911 1599 976 ἀνάμνησιν
1639 915 1733 962 τῶν
1771 913 1838 962 ἐπ’

222 997 418 1049 ᾶαύτοῖς
462 995 733 1062 γενομένων,
773 998 905 1064 ἄχρις
946 995 1003 1046 ἂν
1041 994 1359 1046 εἷσελάσωσιν
1397 998 1459 1047 εἷς
1501 992 1586 1057 τὴν
1629 995 1719 1058 γῆν
1756 992 1840 1057 τὴν
1861 1017 1908 1042 10

265 1082 361 1131 τοῖς
402 1078 549 1144 ἁγίοις
592 1077 829 1144 πατράσιν
871 1078 1236 1144 ἐπηγγελμένην.
1294 1076 1435 1143 μυρία
1479 1074 1526 1126 δὲ
1565 1074 1658 1125 ὅσα
1695 1078 1840 1139 ταυτὶ,

265 1161 341 1210 καὶ
365 1159 539 1214 παντὸς
571 1161 774 1212 ἐπέκεινα
811 1160 1060 1224 θαύματος.
1128 1159 1198 1210 ὅτι
1223 1158 1270 1209 δὲ
1296 1157 1663 1226 ἀπροφάσιστον
1688 1158 1840 1211 αὐτοῖς

265 1240 319 1292 τὸ
345 1242 737 1294 ἐπιλανθάνεσθαι
756 1242 945 1304 τούτων,
964 1241 1203 1310 παρέδειξε
1222 1240 1493 1307 προστιθείς
1503 1239 1606 1290 ’Ἔτι
1629 1239 1843 1291 κατοικιῶ

266 1347 316 1375 σε
342 1324 380 1374 ἐν
405 1327 599 1386 σκηναῖς,
629 1323 773 1379 καθὼς
801 1324 938 1394 ἡμέρα
964 1323 1117 1393 ἑορτῆς.

341 1408 435 1456 Καὶ
469 1406 517 1456 τί
548 1405 604 1470 δὴ
639 1406 776 1457 τοῦτό
812 1408 928 1468 ἐστι,
954 1406 1108 1473 πεύσῃ
1135 1403 1190 1468 δὴ
1216 1404 1376 1456 πάλιν.
1446 1404 1470 1454 ὁ
1495 1402 1568 1454 διὰ
1596 1403 1840 1457 Μωυσέως
1861 1423 1907 1461 15
2004 1446 2007 1469 ξ

263 1487 559 1555 προστέταχε
604 1486 755 1551 νόμος,
797 1490 845 1538 ἐν
889 1491 955 1557 τῷ
993 1487 1177 1557 ἑβδόμῳ
1215 1490 1337 1551 μηνὶ,
1369 1489 1426 1553 τῇ
1461 1485 1841 1554 πεντεκαιδεκάτῃ
2006 1479 2007 1488 ¹

264 1569 425 1638 ἡμέρᾳ,
462 1572 544 1633 τῆς
586 1571 909 1636 σκηνοπηγίας
946 1574 1184 1621 τελεῖσθαι
1223 1568 1308 1630 τὴν
1345 1566 1521 1634 ἑορτήν.
1589 1570 1664 1618 καὶ
1705 1567 1772 1620 τίς
1812 1568 1840 1631 ἡ

225 1655 398 1702 οτοῦδε
438 1651 693 1721 πρόφασις,
736 1652 872 1706 αὐτὸς
910 1652 1019 1717 ἡμῖν
1061 1652 1085 1702 ὁ
1129 1651 1377 1715 νομοθέτης
1421 1648 1646 1745 διεσάφει,
1689 1648 1842 1715 λέγων

1294 1737 1315 1746 Α

43 1741 223 1825 ἓξζὲᾘῃ·
263 1757 369 1801 περι
406 1738 487 1799 τῆς
526 1757 862 1800 σκηνοπηγιας,
904 1736 952 1786 ἐν
991 1738 1056 1804 τῷ
1094 1738 1318 1803 Λευιτικω
1354 1740 1382 1763 “
1405 1733 1490 1785 Ἐν
1527 1736 1593 1783 τῶ
1629 1735 1738 1797 μηνὶ
1775 1735 1842 1783 τῶ

265 1816 504 1886 “ἑβδόμω
547 1816 792 1884 ἑορτάσετε
833 1816 991 1882 αὐτήν.
1059 1818 1107 1867 ἐν
1149 1820 1345 1880 σκηναῖς
1388 1813 1687 1879 κατοικήσετε
1724 1813 1841 1866 ἑπτὰ
1860 1839 1909 1864 20

265 1906 292 1929 ‘⁶
318 1899 502 1966 ἡμέρας.
585 1904 675 1953 πᾶς
715 1900 739 1950 ὁ
781 1898 1023 1967 αὐτόχθων
1060 1900 1108 1949 ἐν
1144 1897 1348 1965 Ἰσραὴλ
1385 1896 1748 1961 κατοικήσουσιν
1792 1897 1842 1947 ἐν

265 1989 293 2012 “
318 1986 528 2047 σκηναῖς·
597 1981 722 2036 ὅπως
766 1982 928 2033 ἴδωσιν
970 1985 1015 2032 αἱ
1057 1984 1208 2048 γενεαὶ
1251 1982 1394 2044 ὑμῶν,
1442 1979 1512 2030 ὅτι
1556 1980 1603 2029 ἐν
1645 1983 1841 2042 σκηναῖς

264 2071 293 2094 “
317 2063 557 2134 κατῴκισα
590 2062 697 2118 τοὺς
731 2063 852 2117 υἱοὺς
876 2063 1090 2131 Ἰσραὴλ,
1126 2065 1174 2114 ἐν
1209 2067 1275 2132 τῷ
1309 2062 1556 2130 ἐξαγαγεῖν
1588 2083 1645 2125 με
1676 2058 1841 2114 αὐτοὺς

265 2154 292 2177 “
316 2148 365 2197 ἐκ
400 2149 488 2212 γῆς
514 2146 772 2211 Αιγύπτου·
813 2145 905 2212 ἐγὼ
935 2146 1106 2212 Κύριος
1145 2147 1170 2196 ὁ
1199 2143 1316 2199 Θεὸς
1352 2145 1524 2208 ὑμῶν.”
1589 2144 1753 2194 οὐκοῦν
1779 2146 1841 2197 εἰς

267 2228 531 2292 ἀνάμνησιν
555 2231 638 2292 τῆς
663 2228 827 2297 ἐξόδου
852 2232 933 2292 τῆς
963 2227 1020 2294 ἐξ
1044 2227 1285 2294 Αιγύπτου
1310 2225 1628 2292 γεγενημένης,
1655 2223 1840 2275 ἐτέλουν
1859 2244 1906 2282 25

264 2309 349 2375 τὴν
390 2309 567 2377 εορτήν.
641 2308 739 2360 εἶτα
780 2315 878 2364 πῶς
925 2309 982 2361 ἂν
1025 2309 1195 2372 δυναιο,
1239 2311 1402 2377 φησιν,
1446 2306 1844 2359 ἐπιλανθάνεσθαί

47 2410 122 2444 175
144 2410 193 2444 A.
227 2421 248 2443 a
265 2416 354 2454 μου
378 2399 461 2444 τοῦ
488 2392 803 2462 ἐξαγαγόντος
837 2415 895 2443 σε
925 2392 981 2461 ἐξ
1005 2390 1261 2458 Αἰγύπτου,
1288 2389 1528 2456 γινόμενος
1553 2389 1618 2440 ε’τι
1650 2390 1724 2439 καὶ
1750 2387 1840 2440 ὑπὸ

264 2480 470 2539 σκηναῖς,
510 2476 584 2525 καὶ
622 2473 868 2542 πρόφασιν
910 2474 1068 2539 ἑορτῆς
1106 2473 1159 2524 τὸ
1202 2475 1362 2541 χρῆμα
1402 2470 1837 2538 προσποιούμενος;

265 2557 322 2607 ἔτι
366 2556 458 2623 γὰρ
509 2556 720 2608 κατοικιῶ
770 2580 820 2608 σε
864 2557 902 2608 ἑν
952 2559 1132 2617 σκηναῖς
1183 2554 1328 2610 καθὼς
1378 2552 1515 2625 ἡμέρα
1567 2552 1718 2622 ἑορτῆς.
1784 2551 1838 2604 τὸ

268 2639 478 2690 κατοικιεῖ)
514 2663 564 2690 σε
599 2641 763 2708 φησὶν,
790 2640 893 2689 ἀντὶ
929 2643 1012 2689 τοῦ
1048 2636 1299 2703 κατοικίζω,
1324 2635 1425 2700 ἤτοι
1462 2639 1580 2687 ποιῶ
1614 2639 1838 2686 κατοικεῖν
1856 2659 1905 2695 30

313 2769 346 2801 8.
373 2768 409 2812 ἐξ
427 2769 597 2814 Αἰγύπτου
614 2782 684 2805 om.
704 2770 750 2805 D.
994 2779 1046 2803 12.
1071 2766 1353 2813 ἀπροφάσιστον]
1372 2766 1616 2812 ἆποφάσιστον
1633 2766 1735 2801 Pont.
1752 2780 1836 2811 προ-

266 2815 441 2859 φάσιστον
457 2816 646 2850 Aubertus.
813 2816 865 2850 16.
890 2817 988 2860 νόμος
1005 2815 1218 2860 προστέταχε
1236 2827 1294 2849 mv
1296 2825 1372 2848 erso
1389 2813 1509 2848 ordine
1526 2814 1561 2848 b.
1728 2824 1783 2847 21.
1801 2828 1837 2847 εν
2013 2838 2015 2863 Ι

266 2861 362 2905 prius
380 2869 601 2906 assumptum
620 2875 660 2897 ex
681 2863 721 2896 B.
728 2863 773 2896 D.
893 2862 1083 2906 κατοικήσει
1102 2861 1193 2896 Edd.
1509 2871 1563 2903 25.
1590 2860 1627 2904 ἐξ
1645 2872 1715 2894 om.
1735 2860 1781 2894 D.
1798 2859 1834 2893 b.

269 2906 324 2940 26
350 2907 570 2941 ἐπιλαθέσθαι
589 2909 623 2943 b.
730 2920 784 2955 27.
812 2925 852 2943 σε
870 2921 939 2943 om.
960 2909 1007 2965 D.
1055 2911 1230 2953 γενόμενος
1248 2907 1295 2942 D.
1407 2907 1462 2942 28
1480 2906 1769 2952 προσποιούμενος
1787 2906 1834 2940 D.

266 2953 462 2996 ποιούμενος
480 2954 571 2989 Edd.
701 2967 756 3001 29.
774 2955 898 3001 καθὼς]
918 2960 954 2997 4-
972 2971 1006 2991 εν
1024 2955 1114 2989 Edd.
1134 2955 1250 2989 invms
1270 2954 1401 2989 B.D.b.

2005 3406 2021 3434 ἰι
