2021 3434
83 1300 174 1332 Hiob
192 1301 212 1332 i.

86 1355 136 1377 20.

94 2143 113 2170 4
131 2131 215 2181 155³ss-

95 2186 183 2205 xvnl.
200 2183 248 2214 13.

95 2230 147 2260 Ib.
171 2236 219 2268 17,

99 2275 137 2304 23
154 2284 224 2314 sqq.

103 2591 158 2621 Es.

102 2634 259 2673 xxxvii.3.

293 200 377 239 518
685 198 735 238 B.
779 193 1057 237 CYRILLI
1097 187 1479 233 ALEXANDR.
1625 182 1710 224 viii.
1735 196 1775 236 9,
1802 192 1867 221 10.

294 311 406 361 ὅταν
441 308 638 375 α’ίρηται,
663 307 805 370 λύπη,
833 308 906 357 καὶ
941 303 1141 370 σκοτίζει
1179 300 1372 367 καρδίαν
1403 297 1463 349 τὰ
1493 296 1600 361 παρ’
1629 294 1796 345 ἐλπίδα
1821 312 1871 342 τε

295 394 369 443 καὶ
405 389 641 454 ἀδοκήτως
676 388 1015 452 συμβαίνοντα,
1044 388 1117 436 καὶ
1153 388 1246 434 τῶν
1277 382 1575 446 σκυθρωπῶν
1601 377 1629 440 ἡ
1654 374 1874 442 δριμύτης

296 471 449 541 ἀχλὺν
489 471 564 523 οἶά
605 494 707 522 τινα
751 471 825 520 καὶ
864 470 1067 536 ὁμίχλην
1113 470 1212 520 ταῖς
1249 468 1342 515 τῶν
1379 459 1626 514 παθόντων
1670 456 1876 522 καρδίαις

251 559 278 599 b
297 553 599 621 ἐνεργάζεται.

372 638 560 688 Οὐκοῦν
599 635 799 703 ὄψονται
835 632 1020 694 σκότος,
1049 632 1185 701 φησὶ,
1213 628 1299 680 κᾶν
1334 631 1371 679 εἰ
1408 621 1703 694 μεσημβρίζοι
1737 617 1879 686 τυχὸν
1900 631 1921 668 5

299 722 478 781 ὁῆλιος.
546 721 588 769 οἱ
624 716 671 768 δὲ
711 716 766 780 δὴ
804 715 956 768 πάλαι
994 716 1223 779 λαμπρῶς
1262 709 1566 776 ἑορτάζοντες,
1602 706 1792 771 χορδαῖς
1830 723 1880 751 τε

300 803 374 853 καὶ
411 800 574 867 λύραις
609 801 684 850 καὶ
716 803 811 852 τοῖς
849 802 942 849 τῶν
982 794 1210 866 ᾀσμάτων
1249 789 1578 858 λιγυρωτέροις
1616 786 1684 836 ἀεὶ
1721 805 1879 849 προσ-

300 883 542 952 χρώμενοι,
592 886 685 932 τῶν
747 880 830 943 μὲν
892 879 1113 930 τοιούτων
1169 875 1423 944 ἀφέξονται
1484 864 1883 930 σπουδασμάτων,

302 965 649 1033 κατοιμώξουσι
694 963 742 1014 δὲ
786 967 992 1026 μᾶλλον,
1036 962 1110 1011 καὶ
1155 957 1351 1021 μελέτην
1388 952 1666 1017 ποιήσονται
1704 945 1787 1002 τέις
1826 951 1885 1000 ε’ἰς
2007 1011 2010 1022 .

303 1047 429 1117 θρῆνον
476 1044 609 1118 ᾠδὰς,
651 1047 725 1096 καὶ
769 1045 823 1096 τὸ
866 1049 960 1095 τῶν
1001 1041 1296 1095 πενθούντων
1335 1035 1664 1103 ἀναλήψονται
1704 1031 1886 1096 σχῆμα,
1912 1050 1957 1074 ιο
2007 1067 2009 1071 ,

304 1130 475 1181 σάκκον
519 1128 575 1180 τέ
611 1133 734 1197 φημι
779 1128 854 1177 καὶ
899 1124 1220 1194 φαλάκρωμοο.
1286 1114 1560 1179 ἀτιμοποιὸν
1602 1113 1650 1164 δὲ
1695 1109 1889 1181 σφόδρα
2008 1104 2010 1118 ’

305 1214 694 1281 καταψιλοῦσθαι
735 1208 819 1272 τὴν
858 1205 1085 1275 κεφαλήν.
1150 1208 1224 1256 καὶ
1266 1208 1380 1268 γοῦν
1426 1201 1450 1250 ὁ
1490 1196 1742 1249 θεσπέσιος
1775 1191 1889 1253 Ἰὼβ

306 1294 579 1359 ἀπεκείρατο
614 1291 699 1355 τὴν
734 1290 882 1354 κόμην
913 1294 1005 1340 τῶν
1031 1288 1202 1339 τέκνων
1229 1281 1566 1337 ἀπολωλότων.
1631 1275 1890 1341 ποιήσομαι

267 1375 362 1428 οδέ
398 1380 520 1444 φησι
553 1373 620 1426 τον
654 1373 831 1432 Ἰακὼβ
873 1375 930 1426 ὡς
970 1369 1118 1425 πένθος
1157 1368 1410 1435 οὶγοοπητοῧ,
1449 1361 1706 1421 τουτέστιν,
1746 1359 1890 1411 οὕτως

307 1457 377 1509 ἐπ’
407 1458 531 1526 αὐτῷ
567 1455 926 1521 στυγνάσουσιν
961 1457 1002 1503 οἱ
1033 1451 1205 1505 ἰδόντες
1244 1448 1397 1510 αὑτὸν,
1425 1446 1596 1497 ὡσανεὶ
1631 1444 1705 1494 καὶ
1736 1438 1889 1505 μητὴρ
1918 1462 1960 1501 ¹5
2006 1497 2007 1504 ἵ

308 1540 335 1605 ἦ
367 1538 522 1604 πατὴρ
559 1539 629 1607 ἐφ’
658 1539 722 1588 ἑνὶ
760 1538 834 1587 καὶ
873 1537 1105 1603 οὶγοιπητῷ
1139 1531 1329 1601 κειμένῳ
1364 1529 1522 1597 τέκνῳ·
1569 1528 1647 1577 noe)
1675 1522 1772 1578 τοὶς
1798 1527 1891 1589 μετ’

309 1623 438 1674 οιύτοῧ
473 1620 521 1672 δὲ
557 1626 615 1675 εἰς
651 1619 808 1688 ἡμέραν
844 1615 997 1678 ὀδύνης,
1029 1615 1284 1676 τουτέστιν,
1317 1616 1359 1663 οἱ
1393 1613 1441 1661 ἐκ
1472 1608 1690 1676 γειτόνων
1715 1604 1894 1658 Ἰούδας

310 1708 385 1756 καὶ
426 1704 659 1766 Βενιαμὶν,
700 1704 742 1751 οὶ
779 1700 897 1763 ὁμοῦ
935 1703 1001 1768 τῷ
1026 1696 1240 1765 Ἐφραὶμ
1278 1694 1486 1746 εἰδώλοις
1521 1685 1895 1754 λελατρευκότες,

313 1790 387 1839 καὶ
419 1786 515 1848 μετ’
546 1785 688 1835 αὐτοῦ
715 1780 958 1849 γεγονότες
991 1779 1109 1831 κατὰ
1141 1784 1307 1830 τοῦτον
1346 1773 1562 1840 δηλονότι
1595 1771 1678 1823 τὸν
1706 1768 1895 1836 τρόπον,

315 1873 372 1925 ὡς
410 1868 566 1937 ἡμέραν
601 1866 782 1934 ἔχοντες
822 1862 974 1927 ὀδύνης,
1014 1867 1089 1913 καὶ
1129 1864 1189 1915 ὡς
1228 1862 1275 1910 ἐν
1314 1861 1449 1910 ὠδῖσι
1486 1853 1731 1922 γεγονότες
1765 1853 1893 1918 εὑρε-
1918 1872 1966 1896 20

271 1961 295 2002 d
316 1951 558 2016 θήσονται·
598 1951 646 2000 ἐν
673 1951 809 1999 ὠδῖσι
841 1946 894 1998 δέ
924 1951 1044 2015 φημι
1078 1949 1177 1997 ταῖς
1209 1944 1258 1993 ἐκ
1294 1939 1521 2004 δειμάτων
1546 1939 1619 1988 καὶ
1644 1935 1798 2000 λύπης
1823 1937 1899 1985 καὶ

314 2034 486 2086 πόνων.
572 2030 880 2099 καταδῃώσας
922 2027 1015 2095 γὰρ
1063 2025 1149 2091 τὴν
1203 2023 1468 2090 Σαμάρειαν
1519 2022 1544 2071 ὁ
1598 2018 1899 2085 Σεναχηρεῖμ,

315 2115 476 2169 πάσας
514 2113 636 2165 εἶλεν
673 2114 826 2164 αὐτῶν
864 2110 946 2165 τὰς
985 2108 1163 2162 πόλεις.
1234 2105 1332 2158 εἶτα
1368 2104 1538 2167 πέμπει
1566 2099 1819 2169 Ῥαψάκην
1851 2099 1901 2148 ἐκ

319 2197 493 2265 Λάχεις
527 2201 589 2250 εἷς
611 2193 940 2262 Ἰερουσαλὴμ,
976 2191 1025 2245 ὃς
1059 2189 1347 2255 ἐπηπείλησε
1386 2185 1444 2237 τὰ
1483 2184 1606 2236 δεινὰ
1639 2187 1734 2235 τοῖς
1764 2183 1813 2232 ἐν
1835 2184 1902 2250 τῷ

318 2281 472 2347 τείχει.
514 2279 806 2344 συνέθραυσε
842 2274 889 2327 δὲ
925 2277 1070 2327 οὕτως
1104 2277 1165 2326 εἰς
1197 2271 1389 2335 ἀκηδίαν
1422 2267 1528 2321 τοὺς
1558 2268 1606 2316 ἐν
1636 2269 1730 2317 τοῖς
1755 2265 1898 2329 Ἰερο-
1923 2281 1970 2319 25
2002 2261 2009 2321 ᾗ

320 2363 563 2424 σολύμοις,
603 2363 664 2414 ὡς
703 2358 867 2410 αὐτίκα
909 2357 965 2421 δὴ
1007 2356 1139 2421 μάλα
1177 2359 1271 2407 τοῖς
1316 2355 1364 2404 ἐν
1403 2349 1640 2417 Σαμαρείᾳ
1675 2345 1899 2397 συνδιόλ-

321 2449 499 2496 λυσθαι
530 2446 815 2509 προσδοκᾶν.
879 2441 983 2491 τότε
1021 2438 1078 2502 δὴ
1110 2437 1213 2488 τότε
1245 2432 1584 2501 βαρυθυμήσας
1616 2430 1738 2495 ἄγαν
1769 2430 1844 2479 καὶ
1876 2430 1901 2479 ὁ

322 2525 552 2588 βασιλεὺς
577 2525 796 2592 Ἐζεκίας,
823 2523 992 2586 πέμπει
1026 2519 1128 2572 τινὰ
1163 2518 1279 2584 πρὸς
1310 2517 1392 2568 τὸν
1416 2512 1666 2582 προφήτην
1691 2511 1903 2563 “Ησαίἀν

325 2609 477 2677 λέγων
520 2617 546 2639 “
568 2607 754 2674 Ἡμέρα
799 2606 1012 2673 θλίψεως
1052 2604 1126 2654 καὶ
1166 2602 1432 2663 ὀνειδισμοῦ
1470 2599 1544 2647 καὶ
1586 2597 1788 2660 ἐλεγμοῦ
1829 2595 1904 2644 καὶ

379 2784 409 2807 Ι.
434 2772 675 2817 ἀνταναιρεῖται
693 2781 755 2815 pro
773 2769 852 2803 ὅταν
869 2766 1000 2812 αἵρηται
1017 2766 1062 2800 Α.
1223 2772 1255 2806 5.
1280 2759 1502 2806 μεσημβρίζοι
1523 2757 1563 2791 Β.
1581 2755 1793 2801 μεσημβρίζῃ
1812 2754 1904 2788 Edd.

331 2829 361 2863 7.
387 2820 629 2864 λιγυρωτάτοις
647 2817 738 2852 Edd.
757 2815 874 2850 invitis
893 2814 983 2848 AB.
1285 2820 1337 2843 12.
1362 2810 1445 2853 γοῦν
1461 2817 1530 2840 om.
1548 2805 1591 2839 A.
1642 2805 1769 2838 Statim
1787 2802 1869 2836 haec
1887 2803 1905 2835 ὁ

329 2868 514 2901 θεσπέσιος
531 2872 711 2909 assumpta
728 2875 767 2897 ex
790 2863 829 2896 B.
848 2864 907 2896 τοῦ
925 2859 1111 2895 θεσπεσίου
1130 2858 1171 2891 Α.
1300 2856 1352 2889 16.
1377 2855 1429 2887 καὶ
1446 2853 1541 2898 prius
1563 2857 1783 2895 assumptum
1802 2861 1843 2882 ex
1863 2848 1904 2882 B.

332 2923 385 2956 17.
412 2913 518 2946 αὐτῶν
536 2913 579 2946 Α.
629 2909 691 2956 εἰς]
712 2910 756 2945 ὡς
773 2921 790 2944 e
808 2920 872 2943 suo
888 2908 1010 2953 Migne
1022 2906 1087 2951 (εἷς
1101 2904 1197 2948 240.)
1245 2902 1355 2937 Ἰούδα
1374 2899 1462 2935 Edd.
1478 2898 1595 2932 invitis
1613 2897 1705 2931 AB.
1800 2906 1851 2941 19.
1871 2895 1907 2928 ἐν

329 2958 434 3005 τούτῳ
452 2960 608 3001 δηλονότι
626 2960 671 3004 τῷ
689 2959 803 3003 τρόπῳ
820 2955 881 2989 iid.
1061 2963 1115 2994 24.
1143 2953 1264 2995 Λάχεις
1282 2950 1325 2983 Α.
1344 2949 1456 2992 Λάχης
1475 2944 1565 2979 Edd.
1756 2952 1811 2988 25.
1836 2943 1907 2977 τοῖς

331 3004 427 3039 deest
444 3006 478 3038 in
498 3005 590 3039 Edd.
781 3004 836 3037 28.
867 3001 962 3036 Haec
979 3001 1037 3035 τὸν
1053 2997 1231 3044 προφήτην
1248 3001 1428 3039 assumpta
1445 3004 1485 3027 ex
1505 2991 1594 3026 A.ss.
