2021 3434
311 206 337 246 6
701 208 748 248 B.
793 206 1066 248 CYRILLI
1105 205 1492 246 ALEXANDR.

313 316 580 383 ὑπενεχθείη
607 316 772 382 ζυγοῖς,
800 316 881 366 δύο
918 314 1141 379 δαμάλεις
1171 313 1408 380 ἐργάζεται
1441 319 1636 382 χρυσᾶς,
1663 315 1737 364 καὶ
1770 312 1890 380 πρὸς

311 396 365 448 τὸ
416 399 464 447 ἐν
515 397 742 465 Αἰγύπτῳ
786 397 936 457 σε’βας
986 395 1285 462 ἀναβιβάζων
1328 395 1410 447 τὸν
1443 395 1660 462 Ἰσραὴλ,
1711 396 1888 446 ἐκέλευε

91 489 208 549 {Be}
311 485 593 545 προσκυνεῖν
632 481 802 542 αὐταῖς,
840 481 915 530 καὶ
943 480 1242 530 ὁλοκαυτοῦν.
1314 487 1341 509 “
1361 481 1453 530 Καὶ
1486 478 1722 541 ἀπε’θετο,”
1752 480 1889 546 φησὶ,

89 542 217 574 ML29'
313 568 339 591 ‘⁶
355 561 441 625 τὴν
479 560 564 625 μὲν
602 565 662 615 εἰς
698 560 945 627 Γάλγαλα,
981 560 1067 623 τὴν
1107 560 1154 612 δὲ
1189 565 1251 616 εἷς
1282 561 1431 611 Δάν·”
1471 560 1632 614 πόλεις
1669 560 1716 610 δὲ
1755 560 1889 610 αὗται

310 643 704 710 περιφανέστεραι
730 648 824 694 τῶν
851 643 1031 705 ἄλλων,
1060 643 1107 694 αἳ
1131 642 1258 708 ἦσαν
1285 646 1332 695 ἐν
1359 643 1492 712 χώρᾳ
1519 647 1836 709 Σαμαρειτῶν.
1909 653 1931 690 5

385 726 573 775 Οὐκοῦν
608 725 737 790 διττὴ
776 726 938 792 γε’γονε
964 730 1058 776 τῶν
1094 727 1203 777 δέκα
1241 731 1410 795 φυλῶν
1444 727 1471 790 ἡ
1504 724 1787 788 ἀπόστασις,
1816 726 1891 775 καὶ

310 813 393 858 τοῦ
433 807 632 871 ἡμίσους
671 811 829 875 φυλῆς
862 807 1089 876 Ἐφραίμ.
1166 808 1401 879 ἐξῴχοντο
1445 808 1554 874 γὰρ,
1600 809 1702 875 οὐχὶ
1746 805 1891 869 μόνον

265 904 292 945 b
312 894 405 940 τῶν
430 889 792 956 Ἱεροσολύμων,
819 890 949 942 ἀλλὰ
978 893 1054 941 καὶ
1089 892 1230 956 αὐτῆς
1268 894 1349 956 τῆς
1388 896 1449 945 εἰς
1478 892 1601 942 Θεὸν
1632 890 1887 952 εὐσεβείας,

311 972 548 1036 δαμάλεσι
591 979 965 1039 προσκυνοῦντες
1004 979 1218 1041 χρυσαῖς,
1260 974 1445 1029 θύοντές·
1485 997 1534 1025 τε
1578 975 1652 1024 καὶ
1695 972 1890 1038 λατρεύ-

87 1061 181 1092 Hier.

84 1117 95 1136 1
128 1105 165 1137 16
311 1078 439 1108 οντες
483 1062 510 1083 “
527 1059 621 1110 τοῖς
670 1056 820 1123 ἔργοις
874 1060 968 1107 τῶν
1012 1061 1180 1124 χειρῶν
1223 1056 1415 1119 αὐτῶν,”
1456 1055 1578 1109 καθὰ
1615 1056 1889 1122 γέγραπται.
1913 1073 1959 1098 10

310 1140 352 1188 οἱ
390 1136 446 1188 δέ
483 1161 536 1204 γε
581 1138 981 1203 ἀπομεμενηκότες
1020 1141 1069 1189 ἐν
1107 1144 1202 1193 τοῖς
1236 1138 1599 1206 Ἱεροσολύμοις,
1626 1139 1803 1192 ’[ούδας
1842 1139 1898 1188 τέ

310 1224 432 1287 φημι
480 1223 555 1271 καὶ
607 1223 838 1285 Βενιαμὶν,
893 1224 1007 1272 αἰδῶ
1058 1222 1142 1285 μέν
1192 1246 1296 1273 τινα
1348 1226 1423 1273 καὶ
1471 1221 1619 1287 λόγον
1670 1226 1764 1272 τῶν
1815 1220 1891 1271 διὰ

311 1302 556 1357 Μωυσέως
603 1306 841 1355 ἐποιοῦντο
878 1305 1235 1368 θεσπισμάτων.
1301 1306 1436 1357 ε”θυον
1474 1305 1566 1371 γὰρ
1595 1306 1643 1355 ἐν
1674 1307 1740 1373 τῷ
1774 1308 1886 1373 ναῷ·

307 1384 437 1449 πλὴν
476 1387 563 1453 οὐχ
603 1385 876 1453 ὁλοτρόπως
908 1390 990 1451 τῆς
1020 1392 1083 1441 εἰς
1118 1388 1242 1439 Θεὸν
1267 1388 1452 1454 ἀγάπης
1484 1387 1730 1456 ἐξείχοντο,
1760 1409 1892 1438 κατε-
2010 1450 2013 1465 ¹

308 1467 547 1534 μερίζοντο
580 1468 628 1519 δὲ
668 1471 743 1519 καὶ
779 1470 909 1520 αὐτοὶ
948 1469 1067 1536 πρὸς
1105 1469 1392 1522 ἀπόστασιν.
1476 1470 1612 1521 ε”θυον
1637 1469 1730 1537 γὰρ
1764 1469 1892 1520 εἰδώ-
1914 1481 1959 1519 Ι5
2010 1472 2013 1493 ³

87 1562 138 1592 Ib-
155 1561 199 1592 iii·
216 1560 247 1592 6.
309 1557 411 1604 λοις
439 1553 555 1602 ί(ἐπὶ
580 1550 735 1602 πάντα
761 1552 934 1610 βουνὸν
962 1552 1166 1621 ὑψηλὸν,
1194 1555 1269 1604 καὶ
1297 1553 1514 1605 ὑποκάτω
1539 1552 1716 1606 παντὸς
1743 1543 1893 1621 ξύλου

269 1649 290 1675 C
310 1640 336 1662 ‘⁶
361 1633 650 1697 ἀλσώδους,”
681 1633 800 1684 κατὰ
836 1634 920 1699 τὴν
954 1641 1036 1686 τοῦ
1069 1635 1319 1704 προφήτου
1354 1635 1534 1706 φωνήν.
1600 1635 1713 1686 ὅταν
1739 1635 1893 1686 τοίνυν

309 1715 479 1784 ἀκούῃς
510 1721 604 1767 τῶν
636 1717 783 1782 ἁγίων
814 1722 1074 1786 προφητῶν
1106 1718 1428 1785 ὀνομαζόντων
1458 1717 1541 1770 τὸν
1565 1717 1766 1785 Ἰσραὴλ
1791 1718 1893 1782 ἤτοι

309 1796 391 1848 τὸν
414 1798 641 1867 Ἐφραὶμ,
667 1799 771 1850 τότε
803 1799 860 1864 δή
887 1823 966 1863 μοι
996 1799 1087 1851 νόει
1112 1801 1218 1855 τοὺς
1245 1804 1292 1852 ἐν
1317 1805 1374 1866 τῆ
1404 1802 1661 1870 Σαμαρείᾳ·
1707 1800 1820 1851 ὅταν
1845 1800 1893 1852 δὲ

309 1879 392 1930 τὸν
407 1880 590 1932 Ἰούδαν
615 1884 689 1932 καὶ
711 1885 944 1946 Βενιαμὶν,
964 1882 1069 1937 τοὺς
1095 1885 1434 1948 ἀπομείναντας
1461 1887 1508 1935 ἐν
1528 1883 1891 1950 Ἱεροσολύμοις.
1913 1908 1961 1932 20

311 1961 438 2026 ἦσαν
473 1962 521 2014 δὲ
554 1967 630 2015 καὶ
656 1968 898 2033 προφῆται
933 1967 1041 2032 παρ’
1072 1968 1239 2030 αὐτοῖς,
1266 1968 1541 2033 ἀδιακρίτως
1574 1967 1684 2032 περί
1716 1990 1764 2017 τε
1800 1972 1894 2018 τῶν
2012 1966 2015 2017 ᾗ

312 2047 360 2096 ἐν
398 2049 456 2113 τῇ
496 2048 752 2116 Σαμαρείᾳ,
789 2049 864 2098 καὶ
901 2053 995 2099 τῶν
1035 2050 1082 2099 ἐν
1119 2054 1214 2103 τοῖς
1240 2048 1591 2116 Ἱεροσολύμοις
1628 2049 1894 2116 προφητεύ-
2014 2060 2021 2091 3¹

313 2146 454 2182 οντες·
496 2131 571 2179 καὶ
597 2132 639 2180 οἱ
665 2129 750 2193 μὲν
775 2131 823 2180 ἐν
847 2135 942 2183 τοῖς
959 2130 1322 2197 Ἱεροσολύμοις,
1345 2135 1387 2182 οὶ
1414 2131 1460 2183 δέ
1486 2131 1571 2196 τὴν
1593 2136 1894 2198 Σαμαρειτῶν

313 2213 542 2265 οἰκοῦντες
561 2211 733 2279 χώραν,
754 2210 860 2267 τοὺς
884 2212 1012 2280 παρὰ
1033 2217 1158 2265 Θεοῦ
1183 2219 1277 2268 τοῖς
1303 2215 1613 2277 ἀκροωμένοις
1639 2214 1894 2280 διεκόμιζον

270 2303 296 2343 d
316 2291 499 2357 λόγους.
1913 2315 1960 2352 25

386 2375 566 2427 Ἰστεόν
615 2377 677 2440 δὲ,
726 2377 796 2429 ὅτι
844 2378 960 2441 μετὰ
1011 2377 1064 2430 τὸ
1114 2381 1434 2446 ἀπορραγῆναι
1483 2384 1577 2429 τῶν
1617 2381 1887 2446 Ἱεροσολύ-

313 2479 416 2518 μων
454 2457 537 2512 τάς
581 2459 690 2510 δέκα
722 2459 879 2528 φυλὰς
918 2462 993 2512 καὶ
1032 2460 1085 2512 τὸ
1127 2461 1274 2526 ἥμισυ
1313 2465 1469 2530 φυλῆς
1499 2462 1724 2529 Ἐφραὶμ,
1765 2463 1893 2517 ἰδίοις

313 2530 517 2596 ἐχρῶντο
552 2538 810 2592 βασιλεῦσι
850 2536 926 2585 καὶ
967 2539 1009 2586 οἱ
1048 2537 1096 2586 ἐν
1133 2539 1189 2603 τῇ
1230 2537 1469 2604 Σαμαρείᾳ
1512 2539 1586 2586 καὶ
1630 2540 1672 2587 οὶ
1711 2538 1759 2587 ἐν
1796 2541 1892 2590 τοῖς

314 2611 678 2677 Ἱεροσολύμοις.
741 2619 816 2667 καὶ
843 2623 980 2668 τοῦτο
1006 2617 1283 2684 κεκράτηκεν
1309 2619 1418 2685 ἄχρι
1444 2624 1605 2685 καιροῦ
1631 2621 1712 2682 τῆς
1735 2626 1892 2670 τελευ-

97 2711 111 2733 1
130 2702 224 2734 Esdr,

95 2748 106 2777 i
136 2748 170 2777 fii
316 2694 446 2746 ταιάς
481 2697 820 2761 αἰχμαλωσίας,
859 2699 933 2750 ὅτε
972 2702 1047 2751 καὶ
1086 2699 1418 2764 ὑπενόστησαν
1455 2703 1503 2751 ἐν
1530 2700 1890 2767 Ἱεροσολύμοις,
1911 2733 1960 2768 30

319 2774 478 2841 Κύρου
522 2778 865 2844 κεκρατηκότος,
907 2785 982 2833 καὶ
1032 2782 1219 2837 ἀνέντος
1269 2784 1421 2837 αὐτοῖς
1471 2782 1556 2847 τὴν
1604 2781 1890 2848 άποδρομῆν,

366 2952 395 2977 2.
424 2943 519 3000 Haec
538 2944 572 2977 ἐν
589 2944 746 2994 Αἰγύπτῳ
765 2955 986 2986 accesserunt
1003 2964 1044 2986 ex
1064 2952 1104 2986 B.
1317 2966 1349 2995 4.
1375 2954 1491 2988 πόλεις
1509 2951 1561 2997 δὲ]
1580 2954 1696 2987 πόλεις
1713 2953 1777 2997 γὰρ
1798 2951 1888 2988 Edd.

320 3000 373 3023 21.
400 3004 453 3023 και
470 2999 690 3036 assumptum
708 3005 748 3028 ex
770 2995 809 3028 B.
