2021 3434
117 215 172 255 iv.
196 216 235 265 6,
262 228 298 268 7.
494 217 572 258 IN
614 217 1002 258 MICHAEAM.
1065 217 1215 258 TOM.
1252 217 1312 256 Π.
1615 216 1695 253 665

113 325 173 376 τὰ
207 327 348 376 αὐτοῦ
381 327 702 389 θεσπίσματα,
736 327 1121 388 συμβαδιούμεθα
1162 326 1209 377 δὲ
1248 326 1409 389 ὥσπερ
1451 326 1587 391 αὐτῷ,
1626 326 1698 372 καὶ

113 409 215 475 οὐχὶ
251 407 307 471 δὴ
342 408 487 470 μόνον
519 412 580 462 εἷς
616 414 758 459 αἰῶνα
797 408 879 459 τὸν
913 407 1195 471 ἐνεστηκότα
1230 411 1301 457 καὶ
1335 406 1699 473 παρερχόμενον,

113 489 225 539 ἀλλ’
262 492 335 541 ἐπὶ
371 490 498 541 πολὺ
536 493 609 541 καὶ
649 491 868 542 ἐπέκεινα.
936 493 1010 541 καὶ
1049 488 1243 555 ἀτρεκὴς
1271 491 1295 539 ὁ
1322 489 1482 554 λόγος·
1526 491 1568 537 οὶ
1607 485 1700 551 γὰρ

115 573 212 622 νυνὶ
275 570 661 639 συμπάσχοντες,
712 573 1000 623 συνέσονταί
1050 595 1099 621 τε
1153 571 1404 624 διαπαντὸς
1453 573 1528 620 καὶ
1577 591 1695 618 συν-

69 663 93 700 5
115 653 499 722 δοξασθήσονται
564 657 638 705 καὶ
701 654 1170 717 συμβασιλεύσουσι.
1263 653 1492 719 φροντίδα
1553 649 1700 716 γεμὴν

112 742 352 786 ποιοῦνται
396 736 611 802 Χριστὸν
656 740 696 787 οἱ
739 740 821 799 τῆς
871 741 932 789 εἷς
983 735 1125 786 αὐτὸν
1173 734 1358 799 ἀγάπης
1407 732 1700 799 προτιθέντες

114 817 259 879 οὐδὲν,
294 821 336 868 οὶ
374 818 721 884 καταλήγοντες
758 818 842 881 μὲν
876 824 971 869 τῶν
1005 819 1187 869 εἰκαίων
1224 823 1307 867 τοῦ
1345 817 1528 879 κόσμου
1563 836 1695 878 περι·
1718 820 1744 860 b

113 904 373 962 σπασμῶν,
417 899 655 965 ζητοῦντες
700 900 749 951 δὲ
792 906 983 963 μᾶλλον
1032 900 1118 963 τὴν
1165 899 1482 962 δικαιοσύνην,
1527 898 1600 947 καὶ
1645 894 1700 945 τὸ

115 981 315 1032 ἁνδάνον
347 982 485 1049 αὐτῷ,
523 984 597 1032 καὶ
632 981 686 1033 τὸ
725 983 995 1049 διαπρέπειν
1028 985 1076 1032 ἐν
1108 984 1305 1047 ἀρεταῖς,
1343 980 1500 1032 ὁποῖός
1537 1001 1606 1031 τις
1644 975 1702 1040 ἧν

7 1086 95 1110 -ιο
115 1066 189 1114 καὶ
242 1064 266 1113 ὁ
315 1064 569 1117 θεσπέσιος
624 1068 835 1117 Παῦλος.
928 1063 1100 1131 γράφει
1156 1068 1272 1127 γοῦν
1335 1062 1405 1112 ὅτι
1455 1069 1481 1090 “
1502 1063 1702 1128 Χριστῷ
1763 1063 1891 1093 Gal-³³·

391 1143 402 1160 Ι
652 1151 670 1159 a
730 1144 741 1161 x
807 1147 817 1161 ς
878 1146 900 1163 ’l
975 1148 983 1161 ,
1026 1146 1038 1161 x
1103 1145 1149 1160 υν-
1213 1144 1223 1160 x
1264 1147 1274 1160 5
1339 1145 1348 1159 9
1410 1145 1424 1161 x
1621 1142 1629 1155 Ι
1675 1143 1700 1158 θ’

114 1153 141 1174 “
162 1166 570 1210 συνεσταυρωμαι·
614 1144 674 1211 ζω
695 1148 742 1196 δε
768 1169 851 1197 ουκ
870 1170 934 1196 ετι
961 1169 1066 1210 εγω,
1093 1161 1146 1213 ςῃ
1177 1147 1224 1195 δε
1251 1168 1299 1194 εν
1327 1167 1425 1206 εμοι
1445 1147 1673 1207 Χριστος.

1767 1227 1779 1247 1
1800 1218 1875 1249 Cor.

116 1233 190 1278 καὶ
213 1227 360 1278 πάλιν
387 1235 413 1257 “
433 1228 509 1278 Οὐ
545 1227 637 1293 γὰρ
673 1228 827 1292 ε”κρινά
862 1251 906 1278 τι
940 1228 1102 1279 εἰδέναι
1134 1230 1182 1278 ἐν
1214 1229 1333 1290 ὑμῖν,
1361 1231 1397 1276 εἰ
1422 1225 1486 1290 μὴ
1513 1227 1703 1290 Ἰησοῦν
1764 1263 1796 1292 ii·
1818 1271 1841 1291 2·

116 1317 144 1339 ‘⁶
170 1309 401 1376 Χριστὸν,
428 1311 503 1360 καὶ
529 1316 696 1360 τοῦτον
721 1310 1124 1376 ἐσταυρωμε’νον.”

112 1520 188 1562 Ἐν
226 1525 277 1578 τῷ
316 1521 454 1579 ἡμέρα
484 1520 641 1578 ἐκείνῌ,
679 1522 793 1568 λεΓει
834 1521 995 1577 Κύριος,
1030 1522 1199 1563 συνάξω
1235 1520 1312 1562 τιὲιν
1343 1520 1699 1577 συντετριμμὲνΗν
1721 1526 1743 1561 6

51 1613 97 1651 15
187 1606 256 1646 καὶ
292 1604 370 1646 τὴν
408 1605 670 1653 ἀπωσμένΗν
713 1603 971 1655 εἰσδέξομαι,
1014 1605 1083 1645 καὶ
1120 1606 1193 1645 οὓς
1231 1604 1486 1652 ἀπωσάμι-ιν·
1526 1601 1590 1643 καὶ
1629 1603 1742 1651 (θέε-7
1793 1618 1813 1640 c

186 1703 312 1736 σομαι
349 1688 425 1729 τὴν
459 1688 816 1744 συντετριμμένΗν
852 1685 912 1729 εἰς
946 1688 1201 1737 ὑπόλειμμα,
1230 1687 1298 1727 καὶ
1328 1687 1405 1728 τὴν
1439 1687 1702 1734 ἀπωσμενΗν

186 1769 246 1811 εἰς
283 1771 406 1814 ἔθνος
440 1769 621 1828 ἰσχυρὸν,
657 1772 726 1812 καὶ
765 1772 1005 1820 βασιλεύσει
1046 1770 1193 1827 Κύριος
1233 1770 1293 1811 ἐπ’
1338 1769 1493 1811 αὐτοὺς
1531 1770 1575 1811 ἐν
1612 1769 1705 1826 ὄρει

186 1854 301 1895 Σιὼν
327 1853 414 1896 ἀπὸ
439 1858 512 1895 τοῦ
537 1858 608 1895 νῦν
637 1855 706 1895 καὶ
732 1852 792 1895 εἰς
818 1854 891 1895 τὸν
919 1852 1068 1895 αἰῶνα.

185 1961 301 2013 θὈτι
338 1965 420 2026 τῆς
454 1963 642 2015 ἐλπίδος
677 1962 849 2026 ἥκιστά
885 1985 938 2026 γε
974 1960 1321 2026 διολισθήσειεν
1347 1960 1404 2010 ἂν
1430 1958 1704 2025 ὁλοτρόπως

53 2046 144 2100 205
182 2044 398 2111 Ἰσραὴλ,
440 2044 686 2113 ὑποφαίνει
736 2044 917 2095 λοιπόν
987 2049 1209 2112 συνετριβη
1261 2041 1344 2105 μὲν
1388 2042 1494 2108 γὰρ,
1539 2042 1704 2107 γέγονε

119 2130 168 2181 δὲ
206 2132 281 2181 καὶ
317 2128 638 2192 ἀπόπεμπτος,
671 2130 818 2195 ἤγουν
864 2129 1194 2192 ἀποβέβληται
1236 2127 1311 2178 διὰ
1353 2126 1545 2191 πολλὴν
1583 2127 1707 2192 ἄγαν

120 2212 354 2273 ἀσέβειαν·
399 2211 628 2279 θεομάχος
666 2235 715 2262 τε
758 2212 849 2278 γὰρ
889 2214 963 2261 καὶ
997 2211 1356 2274 εἰδωλολάτρης,
1390 2208 1619 2275 βδελυρός
1657 2233 1707 2260 τε

120 2296 196 2346 καὶ
239 2294 446 2359 βέβηλος
495 2293 565 2358 ἦν,
608 2297 682 2344 καὶ
732 2299 828 2347 τοῖς
878 2296 960 2356 τῆς
1004 2294 1271 2359 μιαιφονίας
1312 2292 1609 2357 ἐγκλήμασιν
1654 2294 1705 2343 οὐ
1724 2304 1751 2344 d

121 2377 317 2444 μετρίως
356 2377 675 2444 ἐνισχημένος.
733 2375 1021 2427 ἀπεκτόνασι
1056 2375 1149 2441 γὰρ
1180 2375 1287 2428 τοὺς
1312 2374 1580 2442 προφήτας,
1611 2371 1708 2425 εἶτα

56 2481 103 2519 235
122 2463 386 2510 τελευταῖον
427 2461 501 2510 καὶ
545 2458 687 2510 αὐτὸν
725 2458 1036 2523 ἐσταύρωσαν
1077 2457 1158 2508 τὸν
1201 2461 1296 2507 τῶν
1338 2456 1465 2507 ὅλων
1508 2460 1709 2522 Σωτῆρα

172 2619 203 2642 2.
229 2608 482 2653 παρερχόμενον
499 2608 542 2641 A.
560 2605 804 2653 παρῳχημένον
822 2605 914 2639 Edd.
1143 2615 1176 2649 3.
1203 2604 1256 2638 ἐπὶ
1273 2603 1364 2637 πολὺ
1381 2604 1425 2637 A.
1443 2604 1491 2637 ἔτι
1507 2604 1598 2638 πολὺ
1616 2603 1709 2638 Edd.

124 2669 178 2689 και
195 2655 254 2689 alt.
272 2660 491 2699 assumptum
511 2665 552 2688 ex
570 2654 614 2687 A.
620 2642 662 2687 Β.
948 2664 981 2693 4.
1008 2651 1209 2686 συνέσονται
1228 2652 1268 2685 A.
1275 2651 1317 2685 Β.
1335 2650 1597 2685 συνελεύσονται
1617 2650 1708 2684 Edd.

126 2702 252 2736 Statim
269 2715 305 2735 τε
322 2708 546 2746 assumptum
563 2712 605 2734 ex
622 2700 666 2734 A.
890 2698 923 2732 6.
949 2714 994 2742 πρ
998 2698 1130 2733 οθεντες
1148 2698 1191 2732 A.
1406 2706 1438 2742 7.
1465 2698 1496 2731 οἶ
1514 2700 1632 2732 καταλ.
1649 2699 1710 2740 μὲν

125 2760 196 2782 om.
210 2749 253 2782 A.
565 2758 618 2781 12.
644 2746 764 2781 εἷδεναι
781 2760 813 2779 τι
831 2746 900 2779 inV.
915 2714 994 2779 ord?
1004 2747 1047 2778 A.
1066 2760 1097 2779 τι
1115 2745 1175 2779 εἷδ.
1194 2744 1299 2778 habet
1318 2744 1360 2778 Β.
1409 2746 1561 2788 Χριστὸν
1576 2743 1711 2786 Ἰησοῦν

126 2795 265 2829 inverso
282 2794 404 2828 ordine
423 2794 466 2829 Β.
671 2803 723 2837 15.
749 2792 951 2835 ἀπωσμένην
968 2792 1011 2825 A.
1020 2792 1058 2825 B.
1065 2792 1101 2826 F.
1118 2790 1255 2836 (Alex.)
1273 2790 1467 2836 ἐξωσμένην
1484 2791 1576 2825 Edd.
1595 2791 1692 2834 (.Vat
1698 2791 1711 2835 )

130 2850 185 2886 17.
211 2841 355 2886 ἰσχυρὸν
371 2841 415 2876 Α.
421 2841 462 2875 Β.
481 2840 598 2882 (Alex.
614 2840 716 2882 XII.)
735 2839 876 2873 δυνατὸν
894 2838 985 2872 Edd.
1004 2838 1052 2880 (λ
1055 2793 1128 2881 at.()
1328 2838 1380 2872 18.
1408 2852 1461 2872 και
1486 2845 1707 2883 assumptum

126 2899 168 2922 ex
186 2888 229 2922 A.
236 2888 277 2922 Β.
297 2888 412 2933 (Alex.
431 2887 532 2931 XII.)
582 2887 628 2922 εἷς
644 2886 722 2921 τοὺς
739 2886 858 2921 αἰῶνας
878 2886 915 2919 F.
936 2885 1026 2919 Edd.
1046 2884 1143 2937 (Ald.
1148 2885 1160 2928 )
1449 2895 1505 2919 20.
1530 2884 1710 2929 ὑποφαίνει

126 2936 248 2968 λοιπόν
264 2934 306 2969 A.
324 2934 433 2980 ἀποφ.
451 2935 554 2969 πάλιν
571 2932 664 2968 Edd.
901 2943 956 2966 22.
983 2946 1019 2966 τε
1037 2932 1134 2976 prius
1152 2938 1374 2977 assumptum
1392 2943 1434 2965 ex
1453 2932 1495 2965 A.
1543 2932 1711 2975 Βδελυρός

126 2981 180 3027 τε]
199 2982 350 3026 μυσαρὰς
370 2981 413 3015 A.
533 2992 587 3023 24.
614 2979 836 3023 ἐνησκημένος
854 2990 916 3023 pro
934 2978 1152 3024 ἐνισχημὲνος
1169 2979 1212 3013 A.
1327 2989 1383 3024 25.
1408 2980 1601 3013 τελευταῖον
1619 2978 1709 3013 Α.Β.

127 3030 345 3064 τελευτῶντες
363 3027 455 3063 Edd.
508 3027 632 3062 Statim
651 3041 704 3061 και
721 3038 791 3061 om.
807 3027 850 3060 A

185 3098 279 3126 voL.
305 3099 331 3125 1.
868 3097 895 3135 4
918 3097 945 3134 Q
