2021 3434
308 163 391 203 412
697 163 746 203 Β.
790 160 1064 202 CYRILLI
1103 158 1490 200 ALEXANDR.
1654 156 1698 197 ii.
1726 168 1790 206 11,
1816 168 1880 197 12.

383 270 524 336 Μέγα
563 270 680 336 πρὸς
724 269 988 334 ὀνειδισμὸν
1033 271 1107 321 καὶ
1159 270 1447 335 κατάῤῥησιν
1495 266 1580 330 τὴν
1629 267 1702 317 ἐπὶ
1742 267 1882 317 παντὶ

308 355 447 421 κακῶ,
486 350 541 403 τὸ
582 353 817 406 οὶονείπως
857 355 1216 420 ἀχαριστεῖσθαι
1255 348 1385 416 παρὰ
1425 352 1564 410 Θεοῦ,
1606 353 1689 398 τοῦ
1728 345 1883 398 πάντα

307 433 416 496 ἡμῖν
446 434 739 495 διανέμοντος
773 434 832 485 τοί
864 457 914 485 τε
949 438 1009 488 εἷς
1043 432 1187 502 δόξαν
1222 434 1296 483 καὶ
1330 430 1389 482 τὰ
1423 430 1620 497 ζωαρκῆ.
1685 432 1885 480 πολλῶν

306 515 390 577 μὲν
437 515 531 581 γὰρ
592 515 740 567 ὄντων
791 515 909 567 κατὰ
959 516 1044 579 τὴν
1094 514 1363 579 οἰκουμένην
1412 515 1570 573 ἐθνῶν,
1623 509 1885 561 ἀπόλεκτον

305 599 501 648 ἐποιεῖτο
539 597 682 660 μόνον
718 597 798 649 τὸν
836 597 1052 664 Ἰσραὴλ,
1089 598 1164 648 καὶ
1201 600 1261 650 εἰς
1300 601 1439 646 τοῦτο
1477 592 1645 644 λοιπὸν
1678 592 1883 645 εὐκλείας
1903 608 1925 647 5

304 678 457 730 ἐκάλει
483 682 558 730 καὶ
584 680 816 747 ἀνεκόμιζε
841 679 976 738 Θεὸς,
1005 682 1067 733 ὡς
1099 681 1174 729 καὶ
1209 682 1274 747 τῷ
1305 680 1387 741 τῆς
1424 675 1712 743 προφητείας
1745 673 1885 742 ἀξιώ-

261 767 288 808 b
306 784 418 825 ματι
461 762 908 813 κατακαλλύνεσθαί
940 786 1067 815 τινας
1111 760 1217 814 τοὺς
1258 759 1340 811 τὸν
1378 760 1522 823 εὐαγῆ
1561 780 1611 808 τε
1648 758 1724 807 καὶ
1760 758 1886 806 ε’ννο-

305 843 522 907 μώτατον
576 846 857 910 ἀγαπῶντας
911 845 1030 906 βίον,
1079 840 1549 909 παραλαμβάνεσθαι
1599 838 1647 889 δὲ
1700 839 1775 888 καὶ
1827 843 1886 893 εἰς

305 927 532 992 ἀγιασμὶν
558 926 664 980 τοὺς
691 929 739 977 ἐν
766 928 919 980 αὐτοῖς
945 928 1208 988 νεανία-κους,
1234 923 1462 984 τουτέστι,
1483 920 1590 974 τοὺς
1613 919 1886 987 ἁδροτέρους

306 1005 360 1058 τὸ
388 1007 621 1076 φρόνημα,
649 1011 725 1060 καὶ
760 1007 929 1073 νοητὴν
964 1009 1154 1076 ἔχοντας
1187 1006 1457 1072 εὐρωστίαν.
1526 1001 1770 1069 ἡγιάζοντο
1794 1001 1886 1068 γάρ
1909 1025 1955 1052 10
2016 1034 2019 1035 ν

86 1094 188 1125 Num.
205 1094 247 1125 vi.
306 1112 426 1143 τινες
466 1090 584 1141 κατὰ
628 1090 789 1154 νόμον,
834 1094 875 1141 οἱ
926 1091 1121 1154 ἐπίκλην
1163 1087 1418 1154 Ναζιραῖοι,
1460 1086 1710 1154 τρέφοντες
1749 1084 1887 1151 τρίχα

86 1193 137 1225 lb.
157 1202 187 1234 3·
309 1171 453 1236 κόμης
479 1173 631 1223 αὐτῶν
657 1177 723 1242 τῷ
752 1176 925 1241 Κυρίῳ,
955 1171 1050 1223 οἶνον
1075 1174 1148 1222 καὶ
1180 1170 1239 1221 τὰ
1271 1169 1327 1238 ἐξ
1357 1170 1512 1230 αὐτοῦ,
1537 1166 1646 1236 ὅξος
1679 1164 1735 1227 δὴ
1761 1165 1886 1232 λέγω

308 1255 383 1305 καὶ
430 1254 687 1323 σταφυλὴν
735 1259 810 1305 καὶ
859 1255 1072 1323 σταφίδα
1123 1255 1197 1304 καὶ
1241 1252 1466 1318 γίγαρτον
1509 1247 1884 1316 παραιτούμενοι,

87 1353 139 1383 Ib.
158 1353 188 1385 6.
307 1339 654 1406 ἀποφοιτῶντες
688 1336 736 1387 δὲ
767 1338 874 1388 λίαν
906 1339 981 1387 καὶ
1013 1339 1187 1402 νεκρῶν
1211 1333 1461 1398 σωμάτων.
1530 1334 1606 1383 καὶ
1631 1328 1780 1392 βαθὺς
1803 1329 1888 1393 μὲν

308 1420 333 1469 ὁ
360 1419 504 1485 λόγος
532 1420 556 1469 ὁ
580 1421 685 1485 περὶ
710 1419 888 1470 τούτων
914 1419 1029 1471 ἐστί.
1091 1416 1220 1481 πλὴν
1255 1417 1387 1479 ἐτίμα
1413 1414 1534 1468 Θεὸς
1570 1416 1644 1464 καὶ
1684 1418 1743 1468 εἷς
1782 1436 1887 1482 προ·
1910 1432 1956 1472 15

270 1504 472 1570 ρφήτας,
510 1504 571 1555 ὡς
606 1501 738 1570 ἔφην,
774 1503 849 1551 καὶ
887 1507 946 1555 εἷς
987 1499 1041 1550 τὸ
1083 1500 1366 1569 αγιοὶζεσθαι
1407 1501 1607 1549 τυπικῶς
1641 1495 1888 1563 ἀναφέρων

306 1582 414 1637 τοῦς
439 1583 495 1652 ἐξ
517 1584 683 1634 αὐτῶν.
735 1587 778 1634 οἱ
805 1583 852 1634 δὲ
879 1585 954 1634 καὶ
981 1581 1064 1647 τὴν
1089 1582 1208 1632 οὕτω
1228 1579 1455 1646 λαμπράν
1480 1601 1529 1629 τε
1556 1579 1632 1629 καὶ
1657 1577 1890 1646 ἀξιόληπ-

305 1689 387 1716 τον
438 1666 582 1735 δόξαν
633 1664 839 1719 ἐκτόπως
889 1663 1337 1730 ἀποσπουδάζοντες,
1390 1661 1596 1731 ἐπότιζον
1649 1659 1745 1711 οἶνον
1792 1657 1890 1713 τοὸς

305 1748 610 1816 ἦγιοισμένους,
636 1749 850 1799 τουτέστι
883 1746 990 1801 τοὺς
1025 1745 1164 1814 εὐχὴν
1197 1745 1389 1812 ἔχοντας
1414 1744 1484 1811 ἐφ’
1514 1743 1691 1795 ἑαυτοῖς
1719 1743 1890 1806 ἀγιασ-
1958 1806 1962 1807 ⁷

304 1837 410 1896 μοῦ.
478 1830 719 1882 ἀνέπειθον
752 1830 845 1897 γὰρ
884 1833 957 1881 καὶ
993 1831 1132 1880 αὐτοῦ
1159 1834 1241 1878 τοῦ
1266 1825 1539 1893 ἁγιάζεσθαι
1565 1828 1888 1892 καταφρονεῖν,
1910 1840 1957 1866 20

305 1913 494 1968 πάντως
529 1936 621 1965 που
656 1913 886 1979 λέγοντες,
920 1911 1050 1962 οὐδὲν
1089 1908 1201 1961 εἶναι
1239 1912 1482 1962 παντελῶς
1526 1906 1609 1958 τὸν
1646 1912 1729 1958 τοῦ
1764 1910 1889 1958 Θεοῦ

307 1995 463 2060 νόμον,
509 1999 583 2046 καὶ
627 1993 851 2058 ἀνόνητον
891 1993 1152 2060 ἀνθρώποις
1191 1990 1244 2043 τὸ
1289 1990 1562 2057 ἁγιάζεσθαι
1609 1989 1775 2052 θέλειν,
1814 1990 1890 2039 καὶ

306 2083 521 2143 πληροῦν
545 2079 618 2128 ἐπὶ
644 2076 792 2147 τούτῳ
823 2074 882 2127 τὰ
913 2074 1232 2138 νενομισμένα.
1299 2078 1335 2124 εἱ
1362 2072 1454 2139 γὰρ
1480 2077 1555 2123 καὶ
1581 2071 1638 2136 ἧν
1663 2073 1712 2122 ἐν
1735 2075 1891 2124 σκιαῖς

309 2161 333 2210 ὁ
373 2158 525 2223 νόμος,
571 2160 679 2210 ἀλλ’
728 2160 810 2209 οὐκ
854 2157 1074 2224 ἐστέρητο
1117 2160 1361 2208 παντελῶς
1410 2158 1504 2205 τῶν
1542 2156 1625 2218 τῆς
1669 2153 1891 2218 ἀληθείας

265 2240 571 2307 ᾱδογμοῖτων·
626 2239 936 2308 ἐναστροῖπτει
980 2239 1072 2306 γὰρ
1117 2243 1212 2292 τοῖς
1255 2238 1417 2291 τύποις
1458 2239 1541 2300 τῆς
1587 2235 1824 2296 εὐσεβείας
1861 2234 1956 2299 ἦ25

309 2323 573 2392 μόρφωσις.
617 2321 670 2375 τὸ
707 2323 754 2374 δὲ
787 2324 860 2374 καὶ
896 2323 1048 2375 αὐτοῖς
1086 2324 1171 2375 τοῖς
1210 2320 1358 2386 ἁγίοις
1389 2320 1639 2390 προφήταις
1664 2319 1890 2382 ἐπιτιμᾶν,

310 2405 658 2470 ἀποσειομένων
714 2407 816 2456 ἐστὶ
864 2408 1107 2457 παντελῶς
1155 2402 1237 2454 τὸν
1287 2405 1370 2452 τοῦ
1421 2404 1546 2452 Θεοῦ
1596 2398 1761 2465 λόγον,
1816 2401 1891 2451 καὶ

362 2603 392 2626 1.
418 2591 478 2635 τὴν
495 2591 592 2626 deest
608 2591 646 2625 in
664 2589 755 2625 Edd.
916 2601 946 2624 2.
973 2587 1049 2634 τοῦ]
1068 2589 1109 2622 τὰ
1127 2587 1186 2622 iid.
1351 2597 1384 2631 3.
1414 2587 1455 2620 τὰ
1472 2586 1530 2620 alt.
1549 2589 1772 2630 assumptum
1788 2595 1830 2617 ex
1847 2582 1890 2617 A.

314 2646 346 2684 7.
371 2654 407 2673 τε
425 2651 494 2673 om.
515 2639 557 2672 A.
703 2648 756 2671 ΙΙ.
783 2637 958 2679 Ναζιραῖοι
979 2636 1020 2670 Β.
1040 2636 1229 2680 Ναζωραῖοι
1245 2633 1290 2668 A.
1310 2634 1492 2678 Ναζαραῖοι
1511 2631 1603 2666 Edd.
1765 2641 1818 2665 12.
1836 2631 1890 2664 κό-

311 2701 376 2729 μην
395 2685 455 2720 iid.
476 2685 594 2719 invitis
620 2684 712 2718 A.B.
762 2684 803 2717 τὰ
820 2689 1040 2727 assumptum
1057 2694 1098 2716 ex
1116 2682 1207 2716 A.B.
1256 2679 1411 2725 ἀμπέλου
1436 2691 1499 2725 pro
1523 2679 1625 2713 αὐτοῦ
1643 2677 1686 2712 Β.
1736 2677 1841 2712 Haec.
1851 2676 1890 2720 δὴ

312 2732 402 2777 λέγω
421 2737 641 2766 accesserunt
657 2743 699 2765 ex
716 2731 808 2764 A.B.
859 2730 984 2764 Statim
1002 2729 1055 2763 καὶ
1075 2741 1145 2763 om.
1164 2728 1207 2762 Β.
1528 2736 1582 2771 13.
1609 2724 1780 2769 σταφίδας
1797 2722 1889 2758 Edd.

314 2779 434 2812 invitis
452 2779 540 2813 A.B.
755 2787 808 2822 15.
835 2778 853 2810 ὁ
871 2778 930 2810 alt.
949 2788 1019 2810 om.
1038 2777 1082 2810 A.
1307 2782 1361 2819 17.
1387 2788 1423 2808 τε
1441 2784 1510 2807 om.
1529 2773 1574 2806 A.
1622 2771 1828 2815 ἀξιόληπτον
1845 2769 1890 2804 Α.

313 2824 514 2867 ἀξιόπιστον
531 2824 623 2860 Edd.
826 2824 879 2858 18.
906 2824 1051 2858 ἐκτόπως
1072 2821 1216 2856 accessit
1233 2833 1274 2855 ex
1292 2820 1384 2854 A.B.
1586 2830 1640 2864 19.
1666 2818 1780 2853 αὑτοῖς
1795 2816 1889 2851 Aub-

313 2871 424 2906 αὐτοῖς
443 2872 544 2906 Pont.
564 2871 681 2906 invitis
700 2870 790 2905 A.B.
981 2881 1036 2904 20.
1061 2869 1218 2903 ἀνέπιθον
1233 2868 1278 2902 Α.
1328 2868 1381 2901 καὶ
1398 2878 1468 2901 om.
1486 2866 1529 2900 A.
1584 2865 1710 2899 Statim
1727 2864 1828 2898 αὐτοῦ
1849 2862 1890 2897 Β.

314 2917 433 2952 αὐτοὺς
450 2918 493 2951 A.
510 2918 601 2952 Edd.
778 2928 832 2960 25.
857 2915 1050 2961 εὐσεβείας]
1070 2915 1227 2958 ἀληθείας
1245 2915 1288 2948 Β.
1463 2913 1517 2947 26.
1543 2914 1614 2947 τοῖς
1631 2911 1726 2945 deest
1742 2911 1779 2945 in
1795 2908 1888 2944 Edd.

317 2972 371 3007 27.
396 2966 568 3000 παντελῶς
585 2965 728 3000 accessit
746 2976 787 3001 ex
804 2966 847 2999 A.
897 2966 998 3008 νόμον
1014 2975 1077 3008 pro
1094 2964 1199 3008 λόγον
1217 2961 1308 2996 Edd.
1326 2959 1605 3006 repugnantibus
1623 2957 1715 2993 A.B.
