2021 3434
137 238 175 264 v,
201 237 264 265 11.
616 227 688 267 IN
730 227 924 269 AMOS.
985 228 1135 269 TOM.
1169 228 1229 268 Π.
1623 228 1701 265 461

137 332 278 395 νόμον
316 335 535 390 ἀπονοίας
575 338 726 388 αὐτῶν
764 340 838 388 καὶ
877 339 1184 404 ἀποστροφῆς
1223 340 1563 402 διαμεμνῆσθαι
1596 337 1706 386 νυνί.

136 415 334 482 ἤλεγχον
366 416 450 480 μὲν
479 417 570 483 γὰρ
600 422 641 469 οἱ
675 422 927 488 προφῆται,
957 423 1232 486 προσιόντες
1270 419 1529 486 ἀκρύπτως.
1594 418 1708 471 ’ὄσ-ως

137 496 186 547 δὲ
211 501 347 563 λόγος
373 501 397 550 ὁ
424 499 561 563 νόμος
585 499 656 564 ἦν,
683 500 753 552 ὅτι
788 502 862 551 καὶ
889 505 1012 552 Θεοῦ
1046 504 1120 552 καὶ
1153 502 1447 566 δικαιοσύνης
1471 499 1707 567 πρύτανις,

138 580 213 628 καὶ
243 580 540 646 παιδαγωγὸς
575 586 634 634 εἷς
671 583 924 645 εὐσέβειαν,
951 585 1025 633 καὶ
1060 589 1141 633 τοῦ
1173 583 1315 651 φύσει
1340 606 1388 633 τε
1421 586 1495 633 καὶ
1520 584 1708 645 ἀληθῶς

98 677 119 715 5
139 664 261 711 Θεοῦ
287 662 517 716 δεικτικός.
585 662 658 713 διὰ
689 669 825 714 τοῦτο
860 667 932 714 καὶ
969 665 993 714 ὁ
1031 663 1254 731 μακάριος
1291 669 1497 727 Παῦλος,
1525 671 1551 692 “
1571 664 1709 727 ἁγίαν
1728 693 1748 718 e
1769 679 1864 729 Rpm.

139 749 166 771 ‘⁶
191 745 266 793 καὶ
291 745 468 794 δικαίαν
494 746 569 795 καὶ
594 744 805 810 ἀγαθὴν”
824 745 908 808 τὴν
934 745 1008 796 διὰ
1037 746 1281 800 Μωυσέως
1307 746 1480 812 ε’ίρηκεν
1501 744 1708 808 ἐντολήν.
1769 733 1824 753 vn'
1844 732 1892 752 η’

138 825 302 875 οὐκοῦν
336 826 616 890 νοσημάτων
649 827 912 894 αἴσχιστον,
939 829 1012 878 καὶ
1050 832 1143 878 τῶν
1178 830 1225 878 ἐν
1251 832 1386 894 ψυχῇ
1421 831 1585 877 παθῶν
1610 827 1711 892 ῥίζα

137 930 207 960 τις
232 905 393 975 ὥσπερ
420 911 492 959 καὶ
517 908 695 973 γένεσις
722 909 774 959 τὸ
799 909 1103 960 ἀποσείεσθαι
1137 909 1432 972 συμβουλὰς,
1460 911 1534 958 καὶ
1560 912 1711 975 μισεῖν

139 989 373 1055 ἐλέγχους,
400 992 474 1041 καὶ
501 994 650 1041 δοκεῖν
676 990 757 1041 τὸν
782 995 903 1041 θεῖον
928 991 1042 1055 μηδὲ
1070 991 1232 1042 εἰδέναι
1259 990 1414 1054 νόμον.
1474 991 1498 1039 ὁ
1526 988 1615 1055 γάρ
1643 1012 1712 1039 τοι

76 1096 121 1120 10
138 1071 254 1137 πρὸς
291 1077 428 1123 τοῦτο
462 1071 758 1141 φαυλότητος
795 1072 1081 1137 καθιγμένος,
1114 1072 1194 1137 νηί
1224 1095 1317 1123 που
1353 1072 1540 1124 πάντως
1580 1070 1713 1121 ἔσται

138 1154 426 1220 προσεοικὼς
454 1155 698 1219 πηδαλίων
738 1154 895 1222 ἐρήμῃ,
935 1157 1010 1204 καὶ
1050 1155 1133 1205 οὐκ
1172 1154 1346 1222 ἐχούσῃ
1385 1153 1466 1205 τὸν
1504 1155 1709 1222 ἐφεστη-

140 1235 266 1300 κότα,
306 1235 335 1301 ἢ
377 1239 515 1288 παντὶ
559 1236 785 1300 πνεύματι
827 1237 1135 1304 περιφέρεται,
1180 1238 1255 1287 καὶ
1305 1235 1421 1302 πρὸς
1465 1234 1517 1286 τὸ
1562 1238 1714 1286 ὠθοῦν

140 1318 305 1371 ἁπλῶς
352 1318 701 1383 ἀπερισκέπτως
751 1317 878 1380 ἵεται,
924 1320 1171 1385 μονονουχὶ
1217 1320 1291 1368 καὶ
1343 1317 1596 1380 μεθύουσα,
1639 1319 1714 1367 καὶ

140 1398 355 1463 κυμάτων
385 1400 570 1466 ἄθυρμα
604 1399 859 1468 φαινομένη
895 1399 1076 1450 λοιπόν.
1144 1399 1254 1450 ἀλλ’
1284 1399 1308 1451 ὅ
1332 1423 1385 1466 γε
1417 1398 1572 1467 σοφὸς
1607 1401 1753 1462 ἡμῖνᾶ
1782 1423 1868 1457 302
1883 1422 1932 1456 A,

75 1498 120 1536 15
141 1484 314 1532 Δαυεὶδ
347 1480 581 1547 μακαρίζει
615 1481 697 1532 τὸν
730 1482 904 1532 δίκαιον
939 1483 1108 1532 ἐκεῖνον
1134 1482 1287 1547 λέγων
1315 1489 1341 1511 “
1360 1483 1421 1532 Ὁ
1450 1480 1590 1545 νόμος
1630 1486 1713 1531 τοῦ
1775 1494 1829 1524 Ps-
1861 1537 1868 1544 ‚

141 1573 167 1594 ‘⁶
192 1569 316 1617 Θεοῦ
340 1566 480 1617 αὑτοῦ
506 1567 554 1616 ἐν
580 1566 744 1635 καρδίᾳ
769 1566 923 1628 αὐτοῦ,
948 1568 1022 1616 καὶ
1056 1567 1141 1634 οὐχ
1168 1566 1630 1630 ὑποσκελισθήσεται
1656 1565 1714 1616 τὰ
1775 1547 1936 1577 xxxv1.31.

140 1655 168 1677 ‘⁶
193 1648 458 1713 διαβήματα
491 1649 674 1699 αὐτοῦ·”
729 1649 932 1714 ἀπορθοῖ
970 1647 1062 1714 γὰρ
1101 1649 1125 1698 ὁ
1161 1648 1298 1713 νόμος
1330 1652 1392 1701 εἷς
1425 1647 1478 1699 τὸ
1514 1647 1715 1714 ἀρέσκον

141 1733 263 1800 Θεῷ.

140 1918 219 1959 Διὰ
268 1920 389 1959 τοῦτο
436 1918 529 1959 ἀνθ’
575 1916 635 1959 ὧν
685 1917 1025 1974 κατεκονὸύλιςον
1070 1915 1129 1959 εἰς
1173 1918 1365 1974 κεφαλὰς
1404 1919 1600 1974 Πτωχών,
1645 1919 1777 1960 min

75 2024 123 2049 20
208 2001 327 2059 δῶρα
366 2000 543 2042 ἐκλεκτοί
581 2001 781 2045 ἐδέξασθε
824 2001 916 2058 Παρ’
962 2001 1116 2052 αὐτῶν,
1159 1998 1302 2042 οἷ’κουε,
1343 2002 1515 2044 ἓυστοὺο
1555 2001 1715 2056 ᾠκοδο-

208 2089 370 2135 μήσατε
414 2087 481 2127 καὶ
529 2087 576 2127 οὐ
618 2086 673 2135 μή
726 2085 1008 2128 κατοικύῡΗτε
1051 2086 1094 2126 ἐν
1138 2083 1294 2137 αὐτοῖς,
1344 2086 1411 2126 καὶ
1454 2086 1714 2134 ἀμπελῶνας

209 2170 491 2219 ἐπιθυμΗτοὺε
516 2170 777 2226 ὲφυτεύσατε
805 2169 872 2210 καὶ
898 2169 945 2209 οὐ
972 2169 1027 2218 μή
1055 2168 1178 2210 ΠίΗτε
1203 2168 1275 2210 τὸν
1301 2165 1415 2210 οἶνον
1442 2169 1597 2210 αὐτῶν.
1733 2164 1759 2204 b

214 2278 429 2343 Ἀληθές,
471 2277 540 2329 ὅτι
580 2280 654 2328 καὶ
696 2277 848 2341 πάντη
890 2299 939 2327 τε
980 2279 1053 2327 καὶ
1091 2275 1278 2330 πάντως
1318 2275 1372 2327 τὸ
1416 2277 1716 2343 ἀποσχέσθαι

142 2365 236 2413 τῶν
276 2363 466 2427 ἀγαθῶν
503 2359 588 2425 τὴν
625 2363 707 2424 τῆς
750 2357 1046 2428 φαυλότητος
1089 2358 1181 2426 ἔχει
1219 2357 1416 2424 γένεσιν,
1457 2360 1531 2408 καὶ
1570 2358 1597 2422 ἡ
1636 2363 1718 2408 τοῦ

77 2467 123 2506 25
143 2442 379 2512 χρησίμου
416 2465 464 2493 τε
510 2444 583 2493 καὶ
627 2445 826 2510 ὠφελεῖν
869 2440 1132 2509 πεφυκότος
1176 2439 1461 2509 ἀποστροφὴ
1499 2445 1594 2494 τοῖς
1633 2441 1718 2508 οὐχ

196 2622 223 2644 1.
249 2612 307 2644 νῦν
326 2621 387 2654 pro
405 2610 475 2644 νυνί
491 2610 534 2643 Α.
782 2619 814 2642 2.
839 2595 1058 2653 r'ffie'yxova.
1339 2616 1372 2650 3.
1403 2606 1456 2639 καὶ
1473 2605 1568 2650 prius
1587 2617 1656 2640 om.
1678 2606 1719 2640 B.

144 2667 177 2700 5.
207 2656 302 2690 Haec
319 2658 337 2690 ὁ
354 2657 512 2701 μακάριος
529 2661 709 2700 assumpta
725 2667 767 2689 ex
784 2655 873 2688 A.B.
1153 2661 1184 2697 7.
1210 2652 1400 2697 αἰσχίστων
1417 2652 1460 2686 A.
1509 2653 1607 2697 ψυχῇ
1627 2653 1718 2686 Α.Β.

143 2705 277 2749 ψυχαῖς
295 2703 386 2737 Edd.
803 2712 854 2745 13.
881 2699 1011 2745 ἁπλῶς]
1032 2704 1068 2741 —ff-
1090 2700 1142 2732 καὶ
1161 2699 1251 2733 Edd.
1301 2698 1383 2732 ἵεται
1404 2699 1444 2732 Β.
1462 2697 1545 2733 ’ίεται
1562 2700 1606 2732 Α.
1627 2699 1718 2733 Edd.

148 2762 201 2793 14.
220 2750 352 2793 ἅθυρμα
362 2748 545 2794 φαινομένη
559 2749 648 2783 Α.Β.
660 2747 862 2792 ἀθροίσματι
879 2746 1048 2792 φερομένη
1065 2745 1155 2780 Edd.
1198 2745 1274 2788 ἡμῖν
1285 2745 1406 2780 Δαυεὶδ
1420 2745 1486 2780 hoc
1496 2745 1617 2779 ordIne
1628 2746 1717 2780 A.B.

146 2797 199 2831 16.
225 2797 327 2830 αὐτοῦ
345 2797 441 2840 prius
459 2808 529 2829 orn.
551 2795 592 2829 B.
612 2796 683 2839 (39.
701 2796 760 2836 al.)
998 2805 1050 2837 19.
1076 2793 1123 2828 εἷς
1139 2793 1291 2837 κεφαλὰς
1306 2796 1450 2836 πτωχῶν
1467 2792 1556 2826 ΑΒ.
1575 2792 1716 2837 (Alex.)

144 2845 281 2888 πτωχὸν
299 2843 335 2876 F.
356 2842 447 2876 Edd.
467 2842 541 2887 (36.
560 2841 623 2885 al.)
644 2840 815 2886 [πτωχοὺς
832 2838 931 2884 Vat.]
1189 2850 1244 2873 20.
1270 2840 1372 2873 αὐτοῦ
1392 2839 1426 2872 F.
1447 2839 1538 2873 Edd.
1558 2838 1633 2883 (22.
1653 2840 1718 2884 al.)

145 2890 292 2934 ξυστοὺς
310 2889 398 2923 Α.Β.
414 2888 555 2934 (Alex.)
569 2888 711 2933 ξεστοὺς
730 2887 820 2921 Edd.
835 2886 957 2931 (Vat.)
1008 2886 1133 2921 Statim
1151 2886 1393 2929 οἷκοδομὴσατε
1413 2885 1455 2919 Α.
1474 2885 1550 2930 (62,
1569 2896 1626 2931 95,
1643 2897 1718 2931 147,

149 2948 225 2982 153,
247 2936 345 2982 185.)
499 2947 553 2969 21.
581 2935 632 2968 καὶ
650 2936 707 2968 ah.
727 2940 946 2978 assumptum
964 2945 1003 2966 ex
1023 2933 1113 2967 A.B.
1133 2933 1248 2975 (Alex.
1265 2932 1367 2975 XII.)
1520 2944 1574 2966 22.
1604 2932 1720 2967 Habet

147 2983 355 3029 ἐφυτεύσατε
375 2984 416 3017 Α.
584 2993 637 3026 23.
665 2982 717 3014 καὶ
736 2981 830 3025 prius
848 2987 1069 3025 assumptum
1087 2992 1128 3014 ex
1147 2981 1190 3014 A.
1357 2990 1411 3022 24.
1438 2979 1571 3025 γένεσιν
1588 2980 1658 3024 ἕχει
1676 2980 1718 3013 Α.

150 3040 202 3073 25.
228 3031 399 3076 χρησίμου
418 3029 461 3063 A.
479 3031 632 3074 χρηστοῦ
652 3028 692 3062 Β.
715 3027 804 3062 Edd.
