2021 3434
486 210 559 250 IN
601 210 827 250 OSEAM
873 210 1253 252 PRAEFATIO.
1634 216 1659 255 7

80 323 427 388 καθηγουμένου
484 322 568 385 μὲν
621 321 904 387 Ζοροβάβελ
956 328 1038 373 τοῦ
1089 321 1350 387 Σαλαθιὴλ,
1404 321 1452 376 ὃς
1504 322 1560 386 ἦν
1609 325 1658 374 ἐκ

80 408 236 473 φυλῆς
255 404 421 466 Ἰούδα,
450 405 760 471 ἱερατεύοντος
795 403 843 455 δὲ
868 405 1029 469 Ἰησοῦ
1056 410 1138 455 τοῦ
1162 406 1390 456 Ἰωσεδέκ.
1450 404 1555 455 τότε
1583 409 1657 456 καὶ
1677 431 1698 457 e

79 486 161 538 τὸν
195 486 306 538 ναὸν
340 488 650 550 ἀνεδείμαντο,
687 489 762 537 καὶ
800 485 889 538 ὑπὸ
927 488 1038 550 μίαν
1077 487 1333 552 γεγόνασιν
1373 486 1536 555 ἀρχὴν,
1581 491 1656 539 καὶ

81 569 407 639 κατῳκήκασιν
433 571 481 620 ἐν
499 568 860 636 Ἱεροσολύμοις,
881 570 1111 636 διχονοίας
1138 569 1328 634 ἁπάσης
1353 570 1653 639 ἐξῃρημένης.

39 667 61 704 5
82 650 191 702 ὅσαι
236 651 283 702 δὲ
328 651 446 702 κατὰ
485 650 668 718 καιροὺς
714 651 1036 718 αἱχμαλωσίαι
1086 650 1342 717 γεγόνασιν
1391 652 1480 703 ἀνὰ
1519 653 1658 719 μέρος

81 738 174 784 τῶν
194 734 302 785 δέκα
329 738 508 801 φυλῶν,
529 735 603 783 καὶ
628 732 713 796 μέν
738 755 809 783 τοι
835 734 909 783 καὶ
935 738 1017 783 τοῦ
1042 733 1233 797 ἡμίσεος
1261 735 1658 804 φυλῆς-Ἐφραὶμ,

82 817 273 866 καὶτῶν
308 817 356 866 ἐν
390 820 484 869 τοῖς
508 813 869 881 Ἱεροσολύμοις,
896 813 1050 865 Ἰούδα
1082 815 1139 865 τέ
1168 819 1291 884 φημι
1322 819 1398 867 καὶ
1425 820 1656 881 Βενιαμὶν,

81 896 255 964 προιὼν
280 899 304 948 ὁ
331 896 475 963 λόγος
506 896 718 965 ἐπιδείξει
750 900 934 965 σαφῶς.
997 896 1288 963 ἀνάγραπτοι
1320 897 1369 948 δὲ
1404 898 1658 965 γεγόνασιν

82 981 342 1046 ἀναγκαίως
367 982 440 1029 καὶ
467 982 508 1029 οἱ
537 977 710 1046 χρόνοι,
738 980 839 1030 καθ’
868 978 946 1033 οὓς
979 979 1178 1033 ἕκαστος
1209 984 1302 1031 τῶν
1332 981 1480 1046 ἁγίων
1506 982 1655 1033 λελά-

18 1083 63 1108 10
81 1068 195 1126 ληκε
237 1065 509 1130 προφητῶν,
546 1061 600 1111 ἵν’
633 1062 854 1126 εἰδείημεν
894 1062 1100 1128 ἀκριβῶς
1139 1064 1186 1113 ἐν
1229 1063 1342 1133 ποίᾳ
1381 1065 1468 1114 τινὶ
1509 1087 1652 1116 κατα·
1676 1086 1698 1110 a
1755 1078 1780 1112 6
1803 1076 1852 1111 A.

81 1143 254 1195 στάσει
279 1148 375 1195 τῶν
400 1143 694 1210 πραγμάτων
719 1144 950 1208 κειμένων,
968 1145 1072 1195 τίνα
1096 1167 1147 1195 τε
1172 1143 1349 1212 τρόπον
1375 1145 1591 1215 ἐχόντων,
1617 1151 1658 1199 οὶ

79 1225 208 1293 παρὰ
234 1230 355 1278 Θεοῦ
381 1225 497 1293 πρὸς
525 1224 692 1281 αὐτοὺς
717 1224 944 1293 γεγόνασι
969 1225 1120 1293 λόγοι.

625 1360 655 1394 6.
682 1359 837 1406 ἡμίσεος]
856 1359 1003 1405 ἡμίσεως
1020 1359 1113 1395 Edd.
