<?xml version="1.0" encoding="UTF-8"?>
<!DOCTYPE html PUBLIC "-//W3C//DTD XHTML 1.0 Transitional//EN"
    "http://www.w3.org/TR/xhtml1/DTD/xhtml1-transitional.dtd">
<html xmlns="http://www.w3.org/1999/xhtml" xml:lang="en" lang="en">
 <head>
  <title>
</title>
<meta http-equiv="Content-Type" content="text/html;charset=utf-8" />
  <meta name='ocr-system' content='tesseract 3.04.00' />
  <meta name='ocr-capabilities' content='ocr_page ocr_carea ocr_par ocr_line ocrx_word'/>
</head>
<body>
  <div class='ocr_page' id='page_1' title='image "./operacyrilli01cyriuoft_0412.png"; bbox 0 0 2021 3434; ppageno 0'>
   <div class='ocr_carea' id='block_1_1' title="bbox 321 203 1895 247">
    <p class='ocr_par' dir='ltr' id='par_1_1' title="bbox 321 203 1895 247">
     <span class='ocr_line' id='line_1_1' title="bbox 321 203 1895 247; baseline 0.001 -5"><span class='ocrx_word' id='word_1_1' title='bbox 321 203 406 242; x_wconf 89' lang='lat'>368</span> <span class='ocrx_word' id='word_1_2' title='bbox 712 204 761 244; x_wconf 92' lang='lat' dir='ltr'>B.</span> <span class='ocrx_word' id='word_1_3' title='bbox 806 203 1078 246; x_wconf 87' lang='lat' dir='ltr'>CYRILLI</span> <span class='ocrx_word' id='word_1_4' title='bbox 1116 206 1495 247; x_wconf 87' lang='lat' dir='ltr'>ALEXANDR.</span> <span class='ocrx_word' id='word_1_5' title='bbox 1807 205 1832 245; x_wconf 89' lang='lat' dir='ltr'>i.</span> <span class='ocrx_word' id='word_1_6' title='bbox 1860 217 1895 244; x_wconf 91' lang='lat'>1.</span> 
     </span>
    </p>
   </div>
   <div class='ocr_carea' id='block_1_2' title="bbox 319 311 1895 465">
    <p class='ocr_par' dir='ltr' id='par_1_2' title="bbox 319 311 1895 465">
     <span class='ocr_line' id='line_1_2' title="bbox 320 311 1895 381; baseline 0.001 -19"><span class='ocrx_word' id='word_1_7' title='bbox 320 312 393 362; x_wconf 82' lang='grc' dir='ltr'>ἐπὶ</span> <span class='ocrx_word' id='word_1_8' title='bbox 426 311 552 362; x_wconf 87' lang='grc' dir='ltr'>τίσιν</span> <span class='ocrx_word' id='word_1_9' title='bbox 590 311 713 366; x_wconf 82' lang='grc' dir='ltr'>ὅλως</span> <span class='ocrx_word' id='word_1_10' title='bbox 750 317 792 364; x_wconf 80' lang='grc' dir='ltr'>οἱ</span> <span class='ocrx_word' id='word_1_11' title='bbox 829 315 937 380; x_wconf 90' lang='grc' dir='ltr'>παρ’</span> <span class='ocrx_word' id='word_1_12' title='bbox 971 315 1112 367; x_wconf 83' lang='grc' dir='ltr'>αὐτοῦ</span> <span class='ocrx_word' id='word_1_13' title='bbox 1151 315 1375 381; x_wconf 89' lang='grc' dir='ltr'>γεγόνασι</span> <span class='ocrx_word' id='word_1_14' title='bbox 1411 314 1561 381; x_wconf 86' lang='grc' dir='ltr'>λόγοι,</span> <span class='ocrx_word' id='word_1_15' title='bbox 1588 319 1680 366; x_wconf 83' lang='grc' dir='ltr'>τῶν</span> <span class='ocrx_word' id='word_1_16' title='bbox 1713 335 1895 380; x_wconf 88' lang='grc' dir='ltr'>προκει-</span> 
     </span>
     <span class='ocr_line' id='line_1_3' title="bbox 319 393 1271 465; baseline 0.005 -22"><span class='ocrx_word' id='word_1_17' title='bbox 319 393 470 457; x_wconf 80' lang='grc' dir='ltr'>μένων</span> <span class='ocrx_word' id='word_1_18' title='bbox 495 393 730 462; x_wconf 81' lang='grc' dir='ltr'>ἁψάμενοι</span> <span class='ocrx_word' id='word_1_19' title='bbox 755 400 1077 465; x_wconf 82' lang='grc' dir='ltr'>σαφηνιοῦμεν</span> <span class='ocrx_word' id='word_1_20' title='bbox 1104 399 1165 451; x_wconf 88' lang='grc' dir='ltr'>ὡς</span> <span class='ocrx_word' id='word_1_21' title='bbox 1191 398 1271 448; x_wconf 75' lang='grc' dir='ltr'>ἔνι.</span> 
     </span>
    </p>
   </div>
   <div class='ocr_carea' id='block_1_3' title="bbox 103 620 2015 691">
    <p class='ocr_par' dir='ltr' id='par_1_3' title="bbox 103 620 2015 691">
     <span class='ocr_line' id='line_1_4' title="bbox 103 620 2015 691; baseline -0.001 -17"><span class='ocrx_word' id='word_1_22' title='bbox 103 625 204 674; x_wconf 66' lang='grc' dir='ltr'>Κεφ·</span> <span class='ocrx_word' id='word_1_23' title='bbox 223 620 271 662; x_wconf 75' lang='grc' dir='ltr'>α’·</span> <span class='ocrx_word' id='word_1_24' title='bbox 321 630 442 679; x_wconf 81' lang='grc' dir='ltr'>ΛόΓοι</span> <span class='ocrx_word' id='word_1_25' title='bbox 460 631 618 682; x_wconf 69' lang='grc' dir='ltr'>Ἀμώς,</span> <span class='ocrx_word' id='word_1_26' title='bbox 646 629 686 673; x_wconf 85' lang='grc' dir='ltr'>οἳ</span> <span class='ocrx_word' id='word_1_27' title='bbox 712 632 906 680; x_wconf 81' lang='grc' dir='ltr'>ὲΓένοντο</span> <span class='ocrx_word' id='word_1_28' title='bbox 932 633 977 675; x_wconf 77' lang='grc' dir='ltr'>ἐν</span> <span class='ocrx_word' id='word_1_29' title='bbox 995 633 1228 691; x_wconf 82' lang='grc' dir='ltr'>Ἀκκαρεὶμ</span> <span class='ocrx_word' id='word_1_30' title='bbox 1263 634 1309 674; x_wconf 81' lang='grc' dir='ltr'>ὲκ</span> <span class='ocrx_word' id='word_1_31' title='bbox 1346 632 1517 684; x_wconf 83' lang='grc' dir='ltr'>Θεκουὲ,</span> <span class='ocrx_word' id='word_1_32' title='bbox 1543 633 1616 673; x_wconf 71' lang='grc' dir='ltr'>οὓς</span> <span class='ocrx_word' id='word_1_33' title='bbox 1649 627 1760 673; x_wconf 77' lang='grc' dir='ltr'>εἶδεν</span> <span class='ocrx_word' id='word_1_34' title='bbox 1790 630 1896 688; x_wconf 81' lang='grc' dir='ltr'>ὑπὲρ</span> <span class='ocrx_word' id='word_1_35' title='bbox 2010 630 2015 685; x_wconf 68' lang='lat'>5</span> 
     </span>
    </p>
   </div>
   <div class='ocr_carea' id='block_1_4' title="bbox 380 714 677 771">
    <p class='ocr_par' dir='ltr' id='par_1_4' title="bbox 380 714 677 771">
     <span class='ocr_line' id='line_1_5' title="bbox 380 714 677 771; baseline 0.01 -17"><span class='ocrx_word' id='word_1_36' title='bbox 380 715 389 727; x_wconf 84' lang='lat'>‘</span> <span class='ocrx_word' id='word_1_37' title='bbox 404 714 677 771; x_wconf 73' lang='grc' dir='ltr'>Ιερουσαλήμ.</span> 
     </span>
    </p>
   </div>
   <div class='ocr_carea' id='block_1_5' title="bbox 282 832 1940 903">
    <p class='ocr_par' dir='ltr' id='par_1_5' title="bbox 282 832 1940 903">
     <span class='ocr_line' id='line_1_6' title="bbox 282 832 1940 903; baseline 0.001 -20"><span class='ocrx_word' id='word_1_38' title='bbox 282 852 304 878; x_wconf 86' lang='lat' dir='ltr'>e</span> <span class='ocrx_word' id='word_1_39' title='bbox 395 833 547 884; x_wconf 72' lang='grc' dir='ltr'>Οὗτοί</span> <span class='ocrx_word' id='word_1_40' title='bbox 587 838 737 903; x_wconf 91' lang='grc' dir='ltr'>φησιν</span> <span class='ocrx_word' id='word_1_41' title='bbox 776 833 936 898; x_wconf 82' lang='grc' dir='ltr'>Ἀμὼς</span> <span class='ocrx_word' id='word_1_42' title='bbox 976 840 1059 886; x_wconf 84' lang='grc' dir='ltr'>τοῦ</span> <span class='ocrx_word' id='word_1_43' title='bbox 1100 836 1149 886; x_wconf 88' lang='grc' dir='ltr'>ἐκ</span> <span class='ocrx_word' id='word_1_44' title='bbox 1193 833 1365 886; x_wconf 79' lang='grc' dir='ltr'>Θεκουὲ</span> <span class='ocrx_word' id='word_1_45' title='bbox 1408 837 1491 898; x_wconf 81' lang='grc' dir='ltr'>τῆς</span> <span class='ocrx_word' id='word_1_46' title='bbox 1530 832 1815 902; x_wconf 78' lang='grc' dir='ltr'>προφητείας</span> <span class='ocrx_word' id='word_1_47' title='bbox 1855 835 1940 884; x_wconf 81' lang='grc' dir='ltr'>οἱ5</span> 
     </span>
    </p>
   </div>
   <div class='ocr_carea' id='block_1_6' title="bbox 320 886 2021 1480">
    <p class='ocr_par' dir='ltr' id='par_1_6' title="bbox 321 886 2021 1396">
     <span class='ocr_line' id='line_1_7' title="bbox 321 886 2021 1020; baseline -0.001 -54"><span class='ocrx_word' id='word_1_48' title='bbox 321 916 448 980; x_wconf 75' lang='grc' dir='ltr'>λόγοι</span> <span class='ocrx_word' id='word_1_49' title='bbox 477 916 512 966; x_wconf 73' lang='grc' dir='ltr'>οἳ</span> <span class='ocrx_word' id='word_1_50' title='bbox 535 916 787 982; x_wconf 88' lang='grc' dir='ltr'>γεγόνασιν</span> <span class='ocrx_word' id='word_1_51' title='bbox 823 917 860 968; x_wconf 79' lang='grc' dir='ltr'>ἐν</span> <span class='ocrx_word' id='word_1_52' title='bbox 883 919 1151 987; x_wconf 75' lang='grc' dir='ltr'>Ἀκκοιρεῖμ.</span> <span class='ocrx_word' id='word_1_53' title='bbox 1220 916 1374 968; x_wconf 81' lang='grc' dir='ltr'>ἰστέον</span> <span class='ocrx_word' id='word_1_54' title='bbox 1399 916 1462 979; x_wconf 72' lang='grc' dir='ltr'>δὲ,</span> <span class='ocrx_word' id='word_1_55' title='bbox 1491 915 1561 967; x_wconf 77' lang='grc' dir='ltr'>ὅτι</span> <span class='ocrx_word' id='word_1_56' title='bbox 1598 914 1684 979; x_wconf 85' lang='grc' dir='ltr'>τὴν</span> <span class='ocrx_word' id='word_1_57' title='bbox 1715 912 1898 966; x_wconf 78' lang='grc' dir='ltr'>τοιάνδε</span> <span class='ocrx_word' id='word_1_58' title='bbox 2007 886 2021 1020; x_wconf 52' lang='lat'>³³</span> 
     </span>
     <span class='ocr_line' id='line_1_8' title="bbox 321 997 2021 1108; baseline -0.001 -60"><span class='ocrx_word' id='word_1_59' title='bbox 321 997 468 1066; x_wconf 78' lang='grc' dir='ltr'>λέξιν,</span> <span class='ocrx_word' id='word_1_60' title='bbox 497 998 599 1062; x_wconf 77' lang='grc' dir='ltr'>ἤτοι</span> <span class='ocrx_word' id='word_1_61' title='bbox 632 997 686 1049; x_wconf 80' lang='grc' dir='ltr'>τὸ</span> <span class='ocrx_word' id='word_1_62' title='bbox 723 1000 760 1050; x_wconf 81' lang='grc' dir='ltr'>ἐν</span> <span class='ocrx_word' id='word_1_63' title='bbox 785 1001 1049 1069; x_wconf 67' lang='grc' dir='ltr'>Ἀκκοιρεῖμ,</span> <span class='ocrx_word' id='word_1_64' title='bbox 1070 1000 1152 1050; x_wconf 80' lang='grc' dir='ltr'>οὐκ</span> <span class='ocrx_word' id='word_1_65' title='bbox 1189 997 1309 1050; x_wconf 75' lang='grc' dir='ltr'>οἶδεν</span> <span class='ocrx_word' id='word_1_66' title='bbox 1340 999 1463 1052; x_wconf 78' lang='grc' dir='ltr'>ὅλως</span> <span class='ocrx_word' id='word_1_67' title='bbox 1489 1002 1582 1049; x_wconf 80' lang='grc' dir='ltr'>τῶν</span> <span class='ocrx_word' id='word_1_68' title='bbox 1608 997 1844 1064; x_wconf 76' lang='grc' dir='ltr'>Ἑβραίων</span> <span class='ocrx_word' id='word_1_69' title='bbox 1870 997 1898 1060; x_wconf 82' lang='grc' dir='ltr'>ἡ</span> <span class='ocrx_word' id='word_1_70' title='bbox 2014 1021 2021 1108; x_wconf 63' lang='lat'>5</span> 
     </span>
     <span class='ocr_line' id='line_1_9' title="bbox 322 1079 1904 1148; baseline 0 -18"><span class='ocrx_word' id='word_1_71' title='bbox 322 1079 518 1133; x_wconf 78' lang='grc' dir='ltr'>ἕκδοσις·</span> <span class='ocrx_word' id='word_1_72' title='bbox 558 1081 702 1143; x_wconf 88' lang='grc' dir='ltr'>μόνον</span> <span class='ocrx_word' id='word_1_73' title='bbox 735 1080 827 1147; x_wconf 79' lang='grc' dir='ltr'>γὰρ</span> <span class='ocrx_word' id='word_1_74' title='bbox 863 1081 1074 1147; x_wconf 80' lang='grc' dir='ltr'>εἰρήκασι</span> <span class='ocrx_word' id='word_1_75' title='bbox 1104 1080 1158 1132; x_wconf 83' lang='grc' dir='ltr'>τὸ</span> <span class='ocrx_word' id='word_1_76' title='bbox 1186 1083 1320 1147; x_wconf 74' lang='grc' dir='ltr'>Λόγοι</span> <span class='ocrx_word' id='word_1_77' title='bbox 1349 1079 1499 1148; x_wconf 65' lang='grc' dir='ltr'>Ἀμῶς</span> <span class='ocrx_word' id='word_1_78' title='bbox 1534 1082 1584 1132; x_wconf 79' lang='grc' dir='ltr'>ἐκ</span> <span class='ocrx_word' id='word_1_79' title='bbox 1612 1080 1789 1132; x_wconf 77' lang='grc' dir='ltr'>Θεκουέ.</span> <span class='ocrx_word' id='word_1_80' title='bbox 1856 1080 1904 1131; x_wconf 85' lang='grc' dir='ltr'>οἵ</span> 
     </span>
     <span class='ocr_line' id='line_1_10' title="bbox 322 1153 2021 1231; baseline 0.001 -19"><span class='ocrx_word' id='word_1_81' title='bbox 322 1184 376 1227; x_wconf 89' lang='grc' dir='ltr'>γε</span> <span class='ocrx_word' id='word_1_82' title='bbox 410 1161 504 1226; x_wconf 82' lang='grc' dir='ltr'>μὴν</span> <span class='ocrx_word' id='word_1_83' title='bbox 535 1162 677 1229; x_wconf 80' lang='grc' dir='ltr'>ἕτεροι</span> <span class='ocrx_word' id='word_1_84' title='bbox 714 1167 808 1214; x_wconf 79' lang='grc' dir='ltr'>τῶν</span> <span class='ocrx_word' id='word_1_85' title='bbox 841 1163 1130 1229; x_wconf 83' lang='grc' dir='ltr'>ἑρμηνευτῶν</span> <span class='ocrx_word' id='word_1_86' title='bbox 1156 1165 1256 1214; x_wconf 77' lang='grc' dir='ltr'>ἀντὶ</span> <span class='ocrx_word' id='word_1_87' title='bbox 1283 1169 1364 1214; x_wconf 84' lang='grc' dir='ltr'>τοῦ</span> <span class='ocrx_word' id='word_1_88' title='bbox 1400 1164 1437 1214; x_wconf 78' lang='grc' dir='ltr'>ἐν</span> <span class='ocrx_word' id='word_1_89' title='bbox 1459 1163 1713 1231; x_wconf 62' lang='grc' dir='ltr'>Ἀκκοιρεῖμ</span> <span class='ocrx_word' id='word_1_90' title='bbox 1750 1163 1894 1214; x_wconf 87' lang='grc' dir='ltr'>τεθεί-</span> <span class='ocrx_word' id='word_1_91' title='bbox 2017 1153 2021 1174; x_wconf 45' lang='lat'><strong>¹</strong></span> 
     </span>
     <span class='ocr_line' id='line_1_11' title="bbox 323 1244 2021 1314; baseline 0.001 -20"><span class='ocrx_word' id='word_1_92' title='bbox 323 1267 475 1307; x_wconf 84' lang='grc' dir='ltr'>κασιν,</span> <span class='ocrx_word' id='word_1_93' title='bbox 514 1246 562 1296; x_wconf 86' lang='grc' dir='ltr'>ἐν</span> <span class='ocrx_word' id='word_1_94' title='bbox 602 1250 697 1299; x_wconf 83' lang='grc' dir='ltr'>τοῖς</span> <span class='ocrx_word' id='word_1_95' title='bbox 735 1244 1080 1314; x_wconf 78' lang='grc' dir='ltr'>κτηνοτρόφοις.</span> <span class='ocrx_word' id='word_1_96' title='bbox 1145 1246 1269 1297; x_wconf 74' lang='grc' dir='ltr'>οὗτοι</span> <span class='ocrx_word' id='word_1_97' title='bbox 1310 1246 1464 1298; x_wconf 83' lang='grc' dir='ltr'>τοίνυν</span> <span class='ocrx_word' id='word_1_98' title='bbox 1501 1247 1652 1314; x_wconf 79' lang='grc' dir='ltr'>φησὶν</span> <span class='ocrx_word' id='word_1_99' title='bbox 1688 1248 1729 1296; x_wconf 79' lang='grc' dir='ltr'>οἱ</span> <span class='ocrx_word' id='word_1_100' title='bbox 1770 1246 1896 1311; x_wconf 74' lang='grc' dir='ltr'>λόγοι</span> <span class='ocrx_word' id='word_1_101' title='bbox 1920 1264 1969 1290; x_wconf 89' lang='lat'>10</span> <span class='ocrx_word' id='word_1_102' title='bbox 2002 1266 2021 1308; x_wconf 93' lang='lat'>5</span> 
     </span>
     <span class='ocr_line' id='line_1_12' title="bbox 321 1324 1898 1396; baseline 0.001 -19"><span class='ocrx_word' id='word_1_103' title='bbox 321 1324 473 1394; x_wconf 66' lang='grc' dir='ltr'>Ἀμῶς</span> <span class='ocrx_word' id='word_1_104' title='bbox 511 1332 593 1377; x_wconf 84' lang='grc' dir='ltr'>τοῦ</span> <span class='ocrx_word' id='word_1_105' title='bbox 627 1328 676 1379; x_wconf 78' lang='grc' dir='ltr'>ἐκ</span> <span class='ocrx_word' id='word_1_106' title='bbox 713 1326 888 1390; x_wconf 68' lang='grc' dir='ltr'>Θεκουὲ,</span> <span class='ocrx_word' id='word_1_107' title='bbox 928 1328 1087 1382; x_wconf 82' lang='grc' dir='ltr'>οἵτινες</span> <span class='ocrx_word' id='word_1_108' title='bbox 1122 1327 1376 1394; x_wconf 81' lang='grc' dir='ltr'>γεγόνασιν</span> <span class='ocrx_word' id='word_1_109' title='bbox 1413 1330 1460 1379; x_wconf 86' lang='grc' dir='ltr'>ἐν</span> <span class='ocrx_word' id='word_1_110' title='bbox 1498 1331 1641 1396; x_wconf 76' lang='grc' dir='ltr'>καιρῷ</span> <span class='ocrx_word' id='word_1_111' title='bbox 1677 1332 1759 1378; x_wconf 85' lang='grc' dir='ltr'>τοῦ</span> <span class='ocrx_word' id='word_1_112' title='bbox 1795 1350 1898 1379; x_wconf 89' lang='grc' dir='ltr'>ποι-</span> 
     </span>
    </p>

    <p class='ocr_par' dir='ltr' id='par_1_7' title="bbox 320 1408 1897 1480">
     <span class='ocr_line' id='line_1_13' title="bbox 320 1408 1897 1480; baseline 0.001 -22"><span class='ocrx_word' id='word_1_113' title='bbox 320 1409 497 1471; x_wconf 90' lang='grc' dir='ltr'>μαίνειν</span> <span class='ocrx_word' id='word_1_114' title='bbox 522 1409 600 1471; x_wconf 77' lang='grc' dir='ltr'>ἔτι,</span> <span class='ocrx_word' id='word_1_115' title='bbox 628 1410 702 1459; x_wconf 79' lang='grc' dir='ltr'>καὶ</span> <span class='ocrx_word' id='word_1_116' title='bbox 741 1410 788 1459; x_wconf 89' lang='grc' dir='ltr'>ἐν</span> <span class='ocrx_word' id='word_1_117' title='bbox 827 1409 986 1464; x_wconf 79' lang='grc' dir='ltr'>αὐταῖς</span> <span class='ocrx_word' id='word_1_118' title='bbox 1017 1415 1116 1464; x_wconf 80' lang='grc' dir='ltr'>ταῖς</span> <span class='ocrx_word' id='word_1_119' title='bbox 1154 1415 1248 1461; x_wconf 81' lang='grc' dir='ltr'>τῶν</span> <span class='ocrx_word' id='word_1_120' title='bbox 1280 1409 1534 1476; x_wconf 80' lang='grc' dir='ltr'>προβάτων</span> <span class='ocrx_word' id='word_1_121' title='bbox 1564 1411 1740 1463; x_wconf 80' lang='grc' dir='ltr'>αὐλαῖς.</span> <span class='ocrx_word' id='word_1_122' title='bbox 1793 1408 1897 1480; x_wconf 71' lang='grc' dir='ltr'>ὑπὲρ</span> 
     </span>
    </p>
   </div>
   <div class='ocr_carea' id='block_1_7' title="bbox 103 1312 2006 1706">
    <p class='ocr_par' dir='ltr' id='par_1_8' title="bbox 103 1312 2006 1643">
     <span class='ocr_line' id='line_1_14' title="bbox 2002 1312 2006 1330; baseline 0 0"><span class='ocrx_word' id='word_1_123' title='bbox 2002 1312 2006 1330; x_wconf 70' lang='grc' dir='ltr'>ὖ</span> 
     </span>
     <span class='ocr_line' id='line_1_15' title="bbox 2002 1355 2005 1377; baseline 0 0"><span class='ocrx_word' id='word_1_124' title='bbox 2002 1355 2005 1377; x_wconf 81' lang='grc' dir='ltr'>Ι</span> 
     </span>
     <span class='ocr_line' id='line_1_16' title="bbox 2002 1395 2004 1414; baseline 0 0"><span class='ocrx_word' id='word_1_125' title='bbox 2002 1395 2004 1414; x_wconf 67' lang='lat'>5</span> 
     </span>
     <span class='ocr_line' id='line_1_17' title="bbox 2000 1446 2004 1487; baseline 0 -6"><span class='ocrx_word' id='word_1_126' title='bbox 2000 1446 2004 1487; x_wconf 76' lang='grc' dir='ltr'>Ῐ</span> 
     </span>
     <span class='ocr_line' id='line_1_18' title="bbox 322 1489 2003 1560; baseline 0.002 -20"><span class='ocrx_word' id='word_1_127' title='bbox 322 1490 462 1553; x_wconf 80' lang='grc' dir='ltr'>αὐτῆς</span> <span class='ocrx_word' id='word_1_128' title='bbox 501 1490 549 1541; x_wconf 78' lang='grc' dir='ltr'>δὲ</span> <span class='ocrx_word' id='word_1_129' title='bbox 585 1493 668 1554; x_wconf 81' lang='grc' dir='ltr'>τῆς</span> <span class='ocrx_word' id='word_1_130' title='bbox 701 1489 990 1560; x_wconf 54' lang='lat' dir='ltr'>‘lepowomffl</span> <span class='ocrx_word' id='word_1_131' title='bbox 1028 1492 1109 1542; x_wconf 82' lang='grc' dir='ltr'>οὐκ</span> <span class='ocrx_word' id='word_1_132' title='bbox 1148 1493 1346 1542; x_wconf 85' lang='grc' dir='ltr'>ἀκοῦσαι</span> <span class='ocrx_word' id='word_1_133' title='bbox 1384 1496 1584 1554; x_wconf 79' lang='grc' dir='ltr'>μᾶλλον,</span> <span class='ocrx_word' id='word_1_134' title='bbox 1617 1491 1727 1542; x_wconf 82' lang='grc' dir='ltr'>ἀλλ’</span> <span class='ocrx_word' id='word_1_135' title='bbox 1755 1493 1898 1558; x_wconf 85' lang='grc' dir='ltr'>ἑωρα-</span> <span class='ocrx_word' id='word_1_136' title='bbox 1999 1511 2003 1559; x_wconf 86' lang='lat'>5</span> 
     </span>
     <span class='ocr_line' id='line_1_19' title="bbox 103 1570 2002 1643; baseline 0.001 -23"><span class='ocrx_word' id='word_1_137' title='bbox 103 1586 189 1620; x_wconf 87' lang='grc'>248</span> <span class='ocrx_word' id='word_1_138' title='bbox 210 1585 261 1620; x_wconf 88' lang='lat' dir='ltr'>A.</span> <span class='ocrx_word' id='word_1_139' title='bbox 282 1595 304 1619; x_wconf 86' lang='lat' dir='ltr'>a</span> <span class='ocrx_word' id='word_1_140' title='bbox 322 1571 446 1622; x_wconf 84' lang='grc' dir='ltr'>κέναι</span> <span class='ocrx_word' id='word_1_141' title='bbox 473 1574 594 1641; x_wconf 75' lang='grc' dir='ltr'>φησὶ</span> <span class='ocrx_word' id='word_1_142' title='bbox 620 1571 726 1626; x_wconf 73' lang='grc' dir='ltr'>τοὺς</span> <span class='ocrx_word' id='word_1_143' title='bbox 751 1571 937 1638; x_wconf 82' lang='grc' dir='ltr'>λόγους.</span> <span class='ocrx_word' id='word_1_144' title='bbox 1001 1575 1185 1643; x_wconf 82' lang='grc' dir='ltr'>ἐμφανῆ</span> <span class='ocrx_word' id='word_1_145' title='bbox 1210 1573 1302 1640; x_wconf 80' lang='grc' dir='ltr'>γὰρ</span> <span class='ocrx_word' id='word_1_146' title='bbox 1337 1578 1432 1628; x_wconf 82' lang='grc' dir='ltr'>τοῖς</span> <span class='ocrx_word' id='word_1_147' title='bbox 1463 1575 1610 1639; x_wconf 80' lang='grc' dir='ltr'>ἁγίοις</span> <span class='ocrx_word' id='word_1_148' title='bbox 1635 1575 1899 1641; x_wconf 84' lang='grc' dir='ltr'>προφήταις</span> <span class='ocrx_word' id='word_1_149' title='bbox 1998 1570 2002 1622; x_wconf 64' lang='lat'>5</span> 
     </span>
    </p>

    <p class='ocr_par' dir='ltr' id='par_1_9' title="bbox 1997 1680 2001 1706">
     <span class='ocr_line' id='line_1_20' title="bbox 1997 1680 2001 1706; baseline 0 0"><span class='ocrx_word' id='word_1_150' title='bbox 1997 1680 2001 1706; x_wconf 85' lang='lat'>5</span> 
     </span>
    </p>
   </div>
   <div class='ocr_carea' id='block_1_8' title="bbox 319 1653 1998 2219">
    <p class='ocr_par' dir='ltr' id='par_1_10' title="bbox 321 1645 2021 1804">
     <span class='ocr_line' id='line_1_21' title="bbox 321 1653 1968 1724; baseline 0.001 -21"><span class='ocrx_word' id='word_1_151' title='bbox 321 1654 612 1718; x_wconf 74' lang='grc' dir='ltr'>κατέστησεν</span> <span class='ocrx_word' id='word_1_152' title='bbox 650 1655 675 1705; x_wconf 85' lang='grc' dir='ltr'>ὁ</span> <span class='ocrx_word' id='word_1_153' title='bbox 711 1653 830 1708; x_wconf 76' lang='grc' dir='ltr'>Θεὸς</span> <span class='ocrx_word' id='word_1_154' title='bbox 869 1656 985 1719; x_wconf 85' lang='grc' dir='ltr'>ὁμοῦ</span> <span class='ocrx_word' id='word_1_155' title='bbox 1025 1660 1125 1709; x_wconf 82' lang='grc' dir='ltr'>ταῖς</span> <span class='ocrx_word' id='word_1_156' title='bbox 1163 1655 1500 1724; x_wconf 82' lang='grc' dir='ltr'>ἀποκαλύψεσι</span> <span class='ocrx_word' id='word_1_157' title='bbox 1537 1658 1784 1724; x_wconf 76' lang='grc' dir='ltr'>μονονουχὶ</span> <span class='ocrx_word' id='word_1_158' title='bbox 1823 1658 1898 1707; x_wconf 79' lang='grc' dir='ltr'>καὶ</span> <span class='ocrx_word' id='word_1_159' title='bbox 1923 1677 1968 1715; x_wconf 87' lang='lat'>15</span> 
     </span>
     <span class='ocr_line' id='line_1_22' title="bbox 321 1736 1898 1804; baseline 0.001 -17"><span class='ocrx_word' id='word_1_160' title='bbox 321 1736 439 1788; x_wconf 77' lang='grc' dir='ltr'>αὐτὰ</span> <span class='ocrx_word' id='word_1_161' title='bbox 476 1737 687 1803; x_wconf 88' lang='grc' dir='ltr'>παρόντα</span> <span class='ocrx_word' id='word_1_162' title='bbox 722 1737 780 1787; x_wconf 76' lang='grc' dir='ltr'>τὰ</span> <span class='ocrx_word' id='word_1_163' title='bbox 818 1738 1088 1804; x_wconf 86' lang='grc' dir='ltr'>πράγματα,</span> <span class='ocrx_word' id='word_1_164' title='bbox 1123 1736 1248 1790; x_wconf 72' lang='grc' dir='ltr'>ὥστε</span> <span class='ocrx_word' id='word_1_165' title='bbox 1286 1742 1435 1790; x_wconf 81' lang='grc' dir='ltr'>δοκεῖν</span> <span class='ocrx_word' id='word_1_166' title='bbox 1467 1741 1542 1789; x_wconf 83' lang='grc' dir='ltr'>καὶ</span> <span class='ocrx_word' id='word_1_167' title='bbox 1581 1738 1773 1804; x_wconf 77' lang='grc' dir='ltr'>ὁρατοὺς</span> <span class='ocrx_word' id='word_1_168' title='bbox 1810 1739 1898 1804; x_wconf 73' lang='grc' dir='ltr'>ἤδη</span> 
     </span>
    </p>

    <p class='ocr_par' dir='ltr' id='par_1_11' title="bbox 319 1809 1999 2219">
     <span class='ocr_line' id='line_1_23' title="bbox 319 1818 1998 1888; baseline 0.002 -19"><span class='ocrx_word' id='word_1_169' title='bbox 319 1842 419 1873; x_wconf 86' lang='grc' dir='ltr'>πως</span> <span class='ocrx_word' id='word_1_170' title='bbox 456 1819 675 1886; x_wconf 87' lang='grc' dir='ltr'>γενέσθαι</span> <span class='ocrx_word' id='word_1_171' title='bbox 716 1818 822 1874; x_wconf 74' lang='grc' dir='ltr'>τοὺς</span> <span class='ocrx_word' id='word_1_172' title='bbox 860 1822 1032 1886; x_wconf 70' lang='grc' dir='ltr'>λόγους,</span> <span class='ocrx_word' id='word_1_173' title='bbox 1067 1820 1359 1887; x_wconf 81' lang='grc' dir='ltr'>συνθεούσης</span> <span class='ocrx_word' id='word_1_174' title='bbox 1396 1819 1519 1888; x_wconf 85' lang='grc' dir='ltr'>τάχα</span> <span class='ocrx_word' id='word_1_175' title='bbox 1556 1844 1647 1872; x_wconf 89' lang='grc' dir='ltr'>που</span> <span class='ocrx_word' id='word_1_176' title='bbox 1683 1823 1764 1885; x_wconf 80' lang='grc' dir='ltr'>τῆς</span> <span class='ocrx_word' id='word_1_177' title='bbox 1804 1825 1900 1872; x_wconf 80' lang='grc' dir='ltr'>τῶν</span> <span class='ocrx_word' id='word_1_178' title='bbox 1995 1820 1998 1883; x_wconf 89' lang='lat'>5</span> 
     </span>
     <span class='ocr_line' id='line_1_24' title="bbox 320 1902 1898 1972; baseline 0.001 -19"><span class='ocrx_word' id='word_1_179' title='bbox 320 1903 651 1968; x_wconf 76' lang='grc' dir='ltr'>ἐκβησομένων</span> <span class='ocrx_word' id='word_1_180' title='bbox 677 1902 794 1967; x_wconf 87' lang='grc' dir='ltr'>θέας,</span> <span class='ocrx_word' id='word_1_181' title='bbox 820 1902 885 1958; x_wconf 75' lang='grc' dir='ltr'>οἷς</span> <span class='ocrx_word' id='word_1_182' title='bbox 913 1903 969 1955; x_wconf 81' lang='grc' dir='ltr'>ἂν</span> <span class='ocrx_word' id='word_1_183' title='bbox 996 1904 1114 1972; x_wconf 88' lang='grc' dir='ltr'>λέγῃ</span> <span class='ocrx_word' id='word_1_184' title='bbox 1141 1903 1277 1959; x_wconf 77' lang='grc' dir='ltr'>Θεός.</span> <span class='ocrx_word' id='word_1_185' title='bbox 1342 1903 1471 1969; x_wconf 83' lang='grc' dir='ltr'>πλὴν</span> <span class='ocrx_word' id='word_1_186' title='bbox 1497 1906 1638 1955; x_wconf 85' lang='grc' dir='ltr'>ἐκεῖνο</span> <span class='ocrx_word' id='word_1_187' title='bbox 1663 1902 1898 1971; x_wconf 73' lang='grc' dir='ltr'>ζητήσεως</span> 
     </span>
     <span class='ocr_line' id='line_1_25' title="bbox 320 1984 1898 2056; baseline 0 -20"><span class='ocrx_word' id='word_1_188' title='bbox 320 1986 468 2055; x_wconf 77' lang='grc' dir='ltr'>ἄξιον,</span> <span class='ocrx_word' id='word_1_189' title='bbox 502 1990 602 2040; x_wconf 79' lang='grc' dir='ltr'>πῶς</span> <span class='ocrx_word' id='word_1_190' title='bbox 639 1984 732 2052; x_wconf 77' lang='grc' dir='ltr'>γὰρ</span> <span class='ocrx_word' id='word_1_191' title='bbox 777 1985 834 2036; x_wconf 79' lang='grc' dir='ltr'>ἄν</span> <span class='ocrx_word' id='word_1_192' title='bbox 871 2008 939 2040; x_wconf 83' lang='grc' dir='ltr'>τις</span> <span class='ocrx_word' id='word_1_193' title='bbox 979 1988 1149 2052; x_wconf 83' lang='grc' dir='ltr'>οἰηθείη</span> <span class='ocrx_word' id='word_1_194' title='bbox 1187 1987 1407 2052; x_wconf 88' lang='grc' dir='ltr'>γενέσθαι</span> <span class='ocrx_word' id='word_1_195' title='bbox 1443 1986 1549 2040; x_wconf 77' lang='grc' dir='ltr'>τοὺς</span> <span class='ocrx_word' id='word_1_196' title='bbox 1587 1985 1759 2051; x_wconf 90' lang='grc' dir='ltr'>λόγους</span> <span class='ocrx_word' id='word_1_197' title='bbox 1798 1984 1898 2056; x_wconf 71' lang='grc' dir='ltr'>ὑπέρ</span> 
     </span>
     <span class='ocr_line' id='line_1_26' title="bbox 320 2059 1995 2144; baseline 0.001 -26"><span class='ocrx_word' id='word_1_198' title='bbox 320 2090 375 2134; x_wconf 94' lang='grc' dir='ltr'>γε</span> <span class='ocrx_word' id='word_1_199' title='bbox 413 2071 495 2132; x_wconf 81' lang='grc' dir='ltr'>τῆς</span> <span class='ocrx_word' id='word_1_200' title='bbox 532 2065 817 2138; x_wconf 59' lang='grc' dir='ltr'>Ἰερουσαλὴμ</span> <span class='ocrx_word' id='word_1_201' title='bbox 854 2067 1011 2132; x_wconf 87' lang='grc' dir='ltr'>μόνον,</span> <span class='ocrx_word' id='word_1_202' title='bbox 1049 2070 1197 2120; x_wconf 88' lang='grc' dir='ltr'>καίτοι</span> <span class='ocrx_word' id='word_1_203' title='bbox 1239 2068 1314 2120; x_wconf 77' lang='grc' dir='ltr'>διὰ</span> <span class='ocrx_word' id='word_1_204' title='bbox 1353 2072 1434 2133; x_wconf 82' lang='grc' dir='ltr'>τῆς</span> <span class='ocrx_word' id='word_1_205' title='bbox 1477 2074 1560 2120; x_wconf 84' lang='grc' dir='ltr'>τοῦ</span> <span class='ocrx_word' id='word_1_206' title='bbox 1598 2069 1739 2119; x_wconf 78' lang='grc' dir='ltr'>αὑτοῦ</span> <span class='ocrx_word' id='word_1_207' title='bbox 1782 2091 1897 2135; x_wconf 85' lang='grc' dir='ltr'>προ-</span> <span class='ocrx_word' id='word_1_208' title='bbox 1918 2059 1995 2144; x_wconf 64' lang='grc' dir='ltr'>2οξ</span> 
     </span>
     <span class='ocr_line' id='line_1_27' title="bbox 320 2149 1993 2219; baseline 0 -18"><span class='ocrx_word' id='word_1_209' title='bbox 320 2149 472 2218; x_wconf 87' lang='grc' dir='ltr'>φήτου</span> <span class='ocrx_word' id='word_1_210' title='bbox 507 2152 667 2219; x_wconf 82' lang='grc' dir='ltr'>φωνῆς</span> <span class='ocrx_word' id='word_1_211' title='bbox 699 2155 985 2201; x_wconf 82' lang='grc' dir='ltr'>καταιτιᾶται</span> <span class='ocrx_word' id='word_1_212' title='bbox 1018 2151 1137 2205; x_wconf 78' lang='grc' dir='ltr'>Θεὸς</span> <span class='ocrx_word' id='word_1_213' title='bbox 1168 2149 1250 2202; x_wconf 88' lang='grc' dir='ltr'>τόν</span> <span class='ocrx_word' id='word_1_214' title='bbox 1283 2175 1333 2203; x_wconf 92' lang='grc' dir='ltr'>τε</span> <span class='ocrx_word' id='word_1_215' title='bbox 1357 2150 1538 2202; x_wconf 84' lang='grc' dir='ltr'>Ἰούδαν</span> <span class='ocrx_word' id='word_1_216' title='bbox 1573 2153 1647 2202; x_wconf 80' lang='grc' dir='ltr'>καὶ</span> <span class='ocrx_word' id='word_1_217' title='bbox 1680 2151 1762 2202; x_wconf 84' lang='grc' dir='ltr'>τὸν</span> <span class='ocrx_word' id='word_1_218' title='bbox 1792 2152 1892 2202; x_wconf 87' lang='grc' dir='ltr'>Ἰσ-</span> <span class='ocrx_word' id='word_1_219' title='bbox 1991 2153 1993 2157; x_wconf 55' lang='grc'>’</span> 
     </span>
    </p>
   </div>
   <div class='ocr_carea' id='block_1_9' title="bbox 95 2231 1899 2326">
    <p class='ocr_par' dir='ltr' id='par_1_12' title="bbox 95 2231 1899 2326">
     <span class='ocr_line' id='line_1_28' title="bbox 95 2231 1899 2326; baseline 0.001 -43"><span class='ocrx_word' id='word_1_220' title='bbox 95 2242 194 2326; x_wconf 48' lang='lat' dir='ltr'>{ufga-</span> <span class='ocrx_word' id='word_1_221' title='bbox 210 2242 242 2273; x_wconf 70' lang='lat' dir='ltr'>fl·</span> <span class='ocrx_word' id='word_1_222' title='bbox 275 2241 302 2282; x_wconf 91' lang='lat' dir='ltr'>b</span> <span class='ocrx_word' id='word_1_223' title='bbox 319 2231 445 2300; x_wconf 89' lang='grc' dir='ltr'>ραήλ</span> <span class='ocrx_word' id='word_1_224' title='bbox 466 2254 479 2296; x_wconf 84' lang='lat'>3</span> <span class='ocrx_word' id='word_1_225' title='bbox 524 2232 615 2302; x_wconf 80' lang='grc' dir='ltr'>ε”φη</span> <span class='ocrx_word' id='word_1_226' title='bbox 642 2231 735 2299; x_wconf 82' lang='grc' dir='ltr'>γὰρ</span> <span class='ocrx_word' id='word_1_227' title='bbox 761 2231 908 2284; x_wconf 86' lang='grc' dir='ltr'>πάλιν</span> <span class='ocrx_word' id='word_1_228' title='bbox 935 2239 961 2262; x_wconf 82' lang='grc'><strong>“</strong></span> <span class='ocrx_word' id='word_1_229' title='bbox 981 2232 1106 2284; x_wconf 86' lang='grc' dir='ltr'>Τάδε</span> <span class='ocrx_word' id='word_1_230' title='bbox 1137 2232 1260 2300; x_wconf 87' lang='grc' dir='ltr'>λέγει</span> <span class='ocrx_word' id='word_1_231' title='bbox 1288 2232 1476 2301; x_wconf 84' lang='grc' dir='ltr'>Κύριος·</span> <span class='ocrx_word' id='word_1_232' title='bbox 1517 2235 1590 2285; x_wconf 75' lang='grc' dir='ltr'>ἐπὶ</span> <span class='ocrx_word' id='word_1_233' title='bbox 1622 2238 1721 2288; x_wconf 82' lang='grc' dir='ltr'>ταῖς</span> <span class='ocrx_word' id='word_1_234' title='bbox 1743 2235 1899 2300; x_wconf 77' lang='grc' dir='ltr'>τρισὶν</span> 
     </span>
    </p>
   </div>
   <div class='ocr_carea' id='block_1_10' title="bbox 319 2405 1983 3062">
    <p class='ocr_par' dir='ltr' id='par_1_13' title="bbox 319 2405 1983 3062">
     <span class='ocr_line' id='line_1_29' title="bbox 367 2405 1896 2454; baseline 0 -13"><span class='ocrx_word' id='word_1_235' title='bbox 367 2419 400 2453; x_wconf 88' lang='lat'>3.</span> <span class='ocrx_word' id='word_1_236' title='bbox 426 2409 529 2454; x_wconf 81' lang='grc' dir='ltr'>Λόγοι</span> <span class='ocrx_word' id='word_1_237' title='bbox 545 2406 666 2451; x_wconf 81' lang='grc' dir='ltr'>Ἀμὼς,</span> <span class='ocrx_word' id='word_1_238' title='bbox 685 2405 716 2441; x_wconf 82' lang='grc' dir='ltr'>οἳ</span> <span class='ocrx_word' id='word_1_239' title='bbox 734 2406 887 2453; x_wconf 77' lang='grc' dir='ltr'>ἐγένοντο</span> <span class='ocrx_word' id='word_1_240' title='bbox 910 2407 945 2442; x_wconf 81' lang='grc' dir='ltr'>ἐν</span> <span class='ocrx_word' id='word_1_241' title='bbox 959 2407 1140 2452; x_wconf 79' lang='grc' dir='ltr'>Ἀκκαρεὶμ</span> <span class='ocrx_word' id='word_1_242' title='bbox 1164 2408 1200 2442; x_wconf 78' lang='grc' dir='ltr'>ἐκ</span> <span class='ocrx_word' id='word_1_243' title='bbox 1226 2408 1361 2448; x_wconf 83' lang='grc' dir='ltr'>Θέκουε,</span> <span class='ocrx_word' id='word_1_244' title='bbox 1387 2407 1444 2444; x_wconf 73' lang='grc' dir='ltr'>οὓς</span> <span class='ocrx_word' id='word_1_245' title='bbox 1468 2407 1537 2442; x_wconf 83' lang='grc' dir='ltr'>ἰ’δεν</span> <span class='ocrx_word' id='word_1_246' title='bbox 1560 2407 1644 2452; x_wconf 76' lang='grc' dir='ltr'>ὑπὲρ</span> <span class='ocrx_word' id='word_1_247' title='bbox 1660 2406 1896 2451; x_wconf 78' lang='grc' dir='ltr'>Ἰερουσαλὴμ,</span> 
     </span>
     <span class='ocr_line' id='line_1_30' title="bbox 320 2453 1898 2500; baseline 0 -12"><span class='ocrx_word' id='word_1_248' title='bbox 320 2455 355 2489; x_wconf 81' lang='grc' dir='ltr'>ἐν</span> <span class='ocrx_word' id='word_1_249' title='bbox 379 2454 515 2499; x_wconf 84' lang='grc' dir='ltr'>ἡμέραις</span> <span class='ocrx_word' id='word_1_250' title='bbox 530 2454 644 2497; x_wconf 82' lang='grc' dir='ltr'>Ὀζίου</span> <span class='ocrx_word' id='word_1_251' title='bbox 659 2454 833 2495; x_wconf 83' lang='grc' dir='ltr'>βασιλέως</span> <span class='ocrx_word' id='word_1_252' title='bbox 844 2453 966 2495; x_wconf 79' lang='grc' dir='ltr'>Ἰούδα,</span> <span class='ocrx_word' id='word_1_253' title='bbox 985 2456 1038 2489; x_wconf 83' lang='grc' dir='ltr'>καὶ</span> <span class='ocrx_word' id='word_1_254' title='bbox 1055 2456 1090 2489; x_wconf 85' lang='grc' dir='ltr'>ἐν</span> <span class='ocrx_word' id='word_1_255' title='bbox 1106 2455 1242 2500; x_wconf 82' lang='grc' dir='ltr'>ἡμέραις</span> <span class='ocrx_word' id='word_1_256' title='bbox 1258 2455 1434 2499; x_wconf 81' lang='grc' dir='ltr'>Ἱεροβοὰμ</span> <span class='ocrx_word' id='word_1_257' title='bbox 1450 2456 1523 2489; x_wconf 80' lang='grc' dir='ltr'>υἱοῦ</span> <span class='ocrx_word' id='word_1_258' title='bbox 1539 2454 1633 2490; x_wconf 84' lang='grc' dir='ltr'>Ἰωὰς</span> <span class='ocrx_word' id='word_1_259' title='bbox 1647 2454 1820 2495; x_wconf 82' lang='grc' dir='ltr'>βασιλέως</span> <span class='ocrx_word' id='word_1_260' title='bbox 1835 2456 1898 2489; x_wconf 83' lang='grc' dir='ltr'>τοῦ</span> 
     </span>
     <span class='ocr_line' id='line_1_31' title="bbox 319 2500 1897 2548; baseline -0.001 -13"><span class='ocrx_word' id='word_1_261' title='bbox 319 2501 472 2547; x_wconf 88' lang='grc' dir='ltr'>Ἰσραὴλ,</span> <span class='ocrx_word' id='word_1_262' title='bbox 500 2503 565 2546; x_wconf 87' lang='grc' dir='ltr'>πρὸ</span> <span class='ocrx_word' id='word_1_263' title='bbox 593 2500 652 2535; x_wconf 78' lang='grc' dir='ltr'>δύο</span> <span class='ocrx_word' id='word_1_264' title='bbox 681 2501 764 2536; x_wconf 87' lang='grc' dir='ltr'>ἐτῶν</span> <span class='ocrx_word' id='word_1_265' title='bbox 791 2504 851 2535; x_wconf 83' lang='grc' dir='ltr'>τοῦ</span> <span class='ocrx_word' id='word_1_266' title='bbox 877 2504 1034 2545; x_wconf 89' lang='grc' dir='ltr'>σεισμοῦ.</span> <span class='ocrx_word' id='word_1_267' title='bbox 1085 2504 1188 2547; x_wconf 87' lang='grc' dir='ltr'>Λόγοι</span> <span class='ocrx_word' id='word_1_268' title='bbox 1212 2501 1332 2546; x_wconf 87' lang='grc' dir='ltr'>Ἀμὼς,</span> <span class='ocrx_word' id='word_1_269' title='bbox 1361 2501 1392 2536; x_wconf 87' lang='grc' dir='ltr'>οἳ</span> <span class='ocrx_word' id='word_1_270' title='bbox 1418 2501 1570 2548; x_wconf 82' lang='grc' dir='ltr'>ἐγένοντο</span> <span class='ocrx_word' id='word_1_271' title='bbox 1600 2501 1634 2536; x_wconf 83' lang='grc' dir='ltr'>ἐν</span> <span class='ocrx_word' id='word_1_272' title='bbox 1657 2500 1836 2546; x_wconf 84' lang='grc' dir='ltr'>Ἀκκαρεὶμ</span> <span class='ocrx_word' id='word_1_273' title='bbox 1861 2501 1897 2535; x_wconf 84' lang='grc' dir='ltr'>ἐκ</span> 
     </span>
     <span class='ocr_line' id='line_1_32' title="bbox 321 2546 1895 2594; baseline -0.001 -12"><span class='ocrx_word' id='word_1_274' title='bbox 321 2549 457 2588; x_wconf 79' lang='grc' dir='ltr'>Θεκουὲ,</span> <span class='ocrx_word' id='word_1_275' title='bbox 483 2549 540 2584; x_wconf 76' lang='grc' dir='ltr'>οὓς</span> <span class='ocrx_word' id='word_1_276' title='bbox 564 2546 650 2582; x_wconf 78' lang='grc' dir='ltr'>εἶδεν</span> <span class='ocrx_word' id='word_1_277' title='bbox 673 2547 759 2592; x_wconf 73' lang='grc' dir='ltr'>ὑπὲρ</span> <span class='ocrx_word' id='word_1_278' title='bbox 775 2547 999 2594; x_wconf 83' lang='grc' dir='ltr'>Ἱερουσαλὴμ</span> <span class='ocrx_word' id='word_1_279' title='bbox 1018 2548 1109 2583; x_wconf 86' lang='lat' dir='ltr'>Edd.</span> <span class='ocrx_word' id='word_1_280' title='bbox 1128 2550 1243 2583; x_wconf 81' lang='lat' dir='ltr'>invitis</span> <span class='ocrx_word' id='word_1_281' title='bbox 1262 2549 1437 2583; x_wconf 83' lang='lat' dir='ltr'>omnibus.</span> <span class='ocrx_word' id='word_1_282' title='bbox 1487 2546 1664 2593; x_wconf 81' lang='grc' dir='ltr'>ἆκκαρεὶμ]</span> <span class='ocrx_word' id='word_1_283' title='bbox 1691 2548 1834 2593; x_wconf 82' lang='grc' dir='ltr'>ἀκκαρὶμ</span> <span class='ocrx_word' id='word_1_284' title='bbox 1851 2549 1895 2582; x_wconf 92' lang='grc' dir='ltr'>Α.</span> 
     </span>
     <span class='ocr_line' id='line_1_33' title="bbox 319 2594 1898 2641; baseline -0.001 -12"><span class='ocrx_word' id='word_1_285' title='bbox 319 2595 459 2640; x_wconf 77' lang='grc' dir='ltr'>ἀκαρεὶμ</span> <span class='ocrx_word' id='word_1_286' title='bbox 477 2595 653 2640; x_wconf 81' lang='lat' dir='ltr'>(semper)</span> <span class='ocrx_word' id='word_1_287' title='bbox 676 2595 769 2629; x_wconf 89' lang='lat' dir='ltr'>B.D.</span> <span class='ocrx_word' id='word_1_288' title='bbox 971 2608 1003 2641; x_wconf 92' lang='lat'>9.</span> <span class='ocrx_word' id='word_1_289' title='bbox 1029 2597 1235 2639; x_wconf 83' lang='grc' dir='ltr'>ἐρμηνευτῶν</span> <span class='ocrx_word' id='word_1_290' title='bbox 1252 2596 1347 2630; x_wconf 85' lang='grc' dir='ltr'><strong>Α.Ῑ).</strong></span> <span class='ocrx_word' id='word_1_291' title='bbox 1366 2597 1610 2640; x_wconf 83' lang='grc' dir='ltr'>ἑρμηνευόντων</span> <span class='ocrx_word' id='word_1_292' title='bbox 1629 2595 1671 2629; x_wconf 91' lang='grc' dir='ltr'>Β.</span> <span class='ocrx_word' id='word_1_293' title='bbox 1690 2594 1782 2628; x_wconf 89' lang='lat' dir='ltr'>Edd.</span> <span class='ocrx_word' id='word_1_294' title='bbox 1830 2597 1898 2629; x_wconf 81' lang='grc' dir='ltr'>τῶν</span> 
     </span>
     <span class='ocr_line' id='line_1_34' title="bbox 320 2641 1895 2687; baseline -0.001 -11"><span class='ocrx_word' id='word_1_295' title='bbox 320 2654 383 2687; x_wconf 88' lang='lat' dir='ltr'>pro</span> <span class='ocrx_word' id='word_1_296' title='bbox 401 2645 460 2676; x_wconf 82' lang='grc' dir='ltr'>τοῦ</span> <span class='ocrx_word' id='word_1_297' title='bbox 479 2642 569 2676; x_wconf 87' lang='lat' dir='ltr'>Edd.</span> <span class='ocrx_word' id='word_1_298' title='bbox 669 2653 721 2676; x_wconf 91' lang='lat'>10.</span> <span class='ocrx_word' id='word_1_299' title='bbox 747 2642 1018 2687; x_wconf 85' lang='grc' dir='ltr'>κτηνοτροφείοις</span> <span class='ocrx_word' id='word_1_300' title='bbox 1036 2643 1129 2677; x_wconf 84' lang='grc' dir='ltr'><strong>Β.Ι).</strong></span> <span class='ocrx_word' id='word_1_301' title='bbox 1143 2643 1177 2677; x_wconf 91' lang='lat' dir='ltr'>b.</span> <span class='ocrx_word' id='word_1_302' title='bbox 1198 2643 1274 2677; x_wconf 85' lang='lat' dir='ltr'>Cat.</span> <span class='ocrx_word' id='word_1_303' title='bbox 1292 2644 1326 2676; x_wconf 81' lang='lat' dir='ltr'>in</span> <span class='ocrx_word' id='word_1_304' title='bbox 1347 2643 1438 2677; x_wconf 83' lang='lat' dir='ltr'>Bibl.</span> <span class='ocrx_word' id='word_1_305' title='bbox 1457 2643 1559 2676; x_wconf 83' lang='lat' dir='ltr'>Laur.</span> <span class='ocrx_word' id='word_1_306' title='bbox 1581 2642 1672 2676; x_wconf 90' lang='lat' dir='ltr'>Plut.</span> <span class='ocrx_word' id='word_1_307' title='bbox 1688 2642 1734 2676; x_wconf 79' lang='lat' dir='ltr'>xi.</span> <span class='ocrx_word' id='word_1_308' title='bbox 1752 2654 1785 2684; x_wconf 91' lang='grc'>4.</span> <span class='ocrx_word' id='word_1_309' title='bbox 1803 2641 1895 2675; x_wconf 89' lang='lat' dir='ltr'>Edd.</span> 
     </span>
     <span class='ocr_line' id='line_1_35' title="bbox 320 2687 1894 2734; baseline 0 -12"><span class='ocrx_word' id='word_1_310' title='bbox 320 2690 561 2734; x_wconf 86' lang='grc' dir='ltr'>κτηνοτρόφοις</span> <span class='ocrx_word' id='word_1_311' title='bbox 579 2688 622 2722; x_wconf 92' lang='lat' dir='ltr'>A.</span> <span class='ocrx_word' id='word_1_312' title='bbox 644 2687 704 2734; x_wconf 90' lang='lat' dir='ltr'>[A.</span> <span class='ocrx_word' id='word_1_313' title='bbox 723 2688 757 2722; x_wconf 83' lang='grc' dir='ltr'>ἐν</span> <span class='ocrx_word' id='word_1_314' title='bbox 772 2691 1048 2734; x_wconf 87' lang='grc' dir='ltr'>ποιμνοτρόφοις.</span> <span class='ocrx_word' id='word_1_315' title='bbox 1098 2695 1133 2723; x_wconf 86' lang='grc' dir='ltr'>Σ.</span> <span class='ocrx_word' id='word_1_316' title='bbox 1153 2695 1191 2723; x_wconf 92' lang='grc' dir='ltr'>Ε.</span> <span class='ocrx_word' id='word_1_317' title='bbox 1210 2690 1245 2724; x_wconf 85' lang='grc' dir='ltr'>ἐν</span> <span class='ocrx_word' id='word_1_318' title='bbox 1267 2692 1338 2725; x_wconf 81' lang='grc' dir='ltr'>τοῖς</span> <span class='ocrx_word' id='word_1_319' title='bbox 1359 2689 1498 2733; x_wconf 85' lang='grc' dir='ltr'>ποιμέσι</span> <span class='ocrx_word' id='word_1_320' title='bbox 1522 2689 1622 2734; x_wconf 82' lang='lat' dir='ltr'>Orig.</span> <span class='ocrx_word' id='word_1_321' title='bbox 1648 2689 1738 2723; x_wconf 79' lang='lat' dir='ltr'>Hex.</span> <span class='ocrx_word' id='word_1_322' title='bbox 1756 2689 1793 2722; x_wconf 90' lang='lat' dir='ltr'>in</span> <span class='ocrx_word' id='word_1_323' title='bbox 1810 2687 1894 2734; x_wconf 87' lang='lat' dir='ltr'>loc.]</span> 
     </span>
     <span class='ocr_line' id='line_1_36' title="bbox 320 2735 1898 2782; baseline -0.001 -12"><span class='ocrx_word' id='word_1_324' title='bbox 320 2737 430 2779; x_wconf 82' lang='grc' dir='ltr'>φησὶν</span> <span class='ocrx_word' id='word_1_325' title='bbox 446 2742 667 2780; x_wconf 85' lang='lat' dir='ltr'>assumptum</span> <span class='ocrx_word' id='word_1_326' title='bbox 685 2747 726 2769; x_wconf 83' lang='lat' dir='ltr'>ex</span> <span class='ocrx_word' id='word_1_327' title='bbox 743 2736 884 2770; x_wconf 86' lang='lat' dir='ltr'>A.B.D.</span> <span class='ocrx_word' id='word_1_328' title='bbox 1015 2747 1067 2771; x_wconf 91' lang='lat'>11.</span> <span class='ocrx_word' id='word_1_329' title='bbox 1084 2739 1144 2770; x_wconf 86' lang='grc' dir='ltr'>τοῦ</span> <span class='ocrx_word' id='word_1_330' title='bbox 1161 2737 1255 2782; x_wconf 86' lang='lat' dir='ltr'><strong>prius</strong></span> <span class='ocrx_word' id='word_1_331' title='bbox 1273 2743 1495 2781; x_wconf 86' lang='lat' dir='ltr'>assumptum</span> <span class='ocrx_word' id='word_1_332' title='bbox 1513 2748 1554 2770; x_wconf 81' lang='lat' dir='ltr'>ex</span> <span class='ocrx_word' id='word_1_333' title='bbox 1571 2736 1664 2771; x_wconf 89' lang='lat' dir='ltr'>A.D.</span> <span class='ocrx_word' id='word_1_334' title='bbox 1711 2735 1898 2778; x_wconf 82' lang='grc' dir='ltr'>ποιμαίνειν</span> 
     </span>
     <span class='ocr_line' id='line_1_37' title="bbox 320 2781 1983 2828; baseline -0.001 -13"><span class='ocrx_word' id='word_1_335' title='bbox 320 2783 370 2815; x_wconf 82' lang='grc' dir='ltr'>ἕτι</span> <span class='ocrx_word' id='word_1_336' title='bbox 387 2783 527 2817; x_wconf 84' lang='lat' dir='ltr'>A.B.D.</span> <span class='ocrx_word' id='word_1_337' title='bbox 545 2783 741 2826; x_wconf 83' lang='grc' dir='ltr'>ποιμαίνειν,</span> <span class='ocrx_word' id='word_1_338' title='bbox 756 2782 809 2817; x_wconf 83' lang='grc' dir='ltr'>ἐπὶ</span> <span class='ocrx_word' id='word_1_339' title='bbox 828 2782 918 2817; x_wconf 87' lang='lat' dir='ltr'>Edd.</span> <span class='ocrx_word' id='word_1_340' title='bbox 1231 2795 1283 2817; x_wconf 89' lang='lat'>12.</span> <span class='ocrx_word' id='word_1_341' title='bbox 1309 2784 1343 2817; x_wconf 87' lang='grc' dir='ltr'>ἐν</span> <span class='ocrx_word' id='word_1_342' title='bbox 1361 2790 1394 2817; x_wconf 85' lang='lat' dir='ltr'>et</span> <span class='ocrx_word' id='word_1_343' title='bbox 1410 2785 1482 2819; x_wconf 86' lang='grc' dir='ltr'>ταῖς</span> <span class='ocrx_word' id='word_1_344' title='bbox 1499 2789 1678 2828; x_wconf 86' lang='lat' dir='ltr'>assumpta</span> <span class='ocrx_word' id='word_1_345' title='bbox 1694 2794 1735 2816; x_wconf 86' lang='lat' dir='ltr'>ex</span> <span class='ocrx_word' id='word_1_346' title='bbox 1752 2781 1894 2816; x_wconf 89' lang='lat' dir='ltr'>A.B.D.</span> <span class='ocrx_word' id='word_1_347' title='bbox 1980 2801 1983 2818; x_wconf 53' lang='grc' dir='ltr'>μ</span> 
     </span>
     <span class='ocr_line' id='line_1_38' title="bbox 325 2828 1981 2874; baseline 0.001 -13"><span class='ocrx_word' id='word_1_348' title='bbox 325 2839 378 2872; x_wconf 82' lang='lat'>13.</span> <span class='ocrx_word' id='word_1_349' title='bbox 403 2830 501 2872; x_wconf 77' lang='grc' dir='ltr'>αὐτῆς</span> <span class='ocrx_word' id='word_1_350' title='bbox 519 2829 554 2863; x_wconf 74' lang='grc' dir='ltr'>δὲ</span> <span class='ocrx_word' id='word_1_351' title='bbox 575 2829 616 2863; x_wconf 86' lang='grc' dir='ltr'>Β.</span> <span class='ocrx_word' id='word_1_352' title='bbox 636 2829 671 2863; x_wconf 84' lang='grc' dir='ltr'>δέ</span> <span class='ocrx_word' id='word_1_353' title='bbox 688 2830 789 2873; x_wconf 82' lang='grc' dir='ltr'>αὐτῆς</span> <span class='ocrx_word' id='word_1_354' title='bbox 806 2829 899 2864; x_wconf 85' lang='grc' dir='ltr'><strong>Α.Ι).</strong></span> <span class='ocrx_word' id='word_1_355' title='bbox 915 2829 1007 2864; x_wconf 85' lang='lat' dir='ltr'>Edd.</span> <span class='ocrx_word' id='word_1_356' title='bbox 1053 2831 1187 2874; x_wconf 82' lang='grc' dir='ltr'>μᾶλλον</span> <span class='ocrx_word' id='word_1_357' title='bbox 1203 2830 1342 2864; x_wconf 85' lang='lat' dir='ltr'>A.B.D.</span> <span class='ocrx_word' id='word_1_358' title='bbox 1356 2831 1458 2874; x_wconf 90' lang='grc' dir='ltr'>μόνον</span> <span class='ocrx_word' id='word_1_359' title='bbox 1476 2829 1567 2864; x_wconf 78' lang='lat' dir='ltr'>Edd.</span> <span class='ocrx_word' id='word_1_360' title='bbox 1710 2839 1763 2871; x_wconf 93' lang='lat'>14.</span> <span class='ocrx_word' id='word_1_361' title='bbox 1787 2828 1896 2874; x_wconf 80' lang='grc' dir='ltr'>ἁγίοις</span> <span class='ocrx_word' id='word_1_362' title='bbox 1980 2837 1981 2841; x_wconf 77' lang='grc'>’</span> 
     </span>
     <span class='ocr_line' id='line_1_39' title="bbox 321 2875 1894 2922; baseline 0.001 -15"><span class='ocrx_word' id='word_1_363' title='bbox 321 2882 542 2920; x_wconf 77' lang='lat' dir='ltr'>assumptum</span> <span class='ocrx_word' id='word_1_364' title='bbox 560 2888 600 2909; x_wconf 83' lang='lat' dir='ltr'>ex</span> <span class='ocrx_word' id='word_1_365' title='bbox 619 2876 662 2910; x_wconf 91' lang='lat' dir='ltr'>A.</span> <span class='ocrx_word' id='word_1_366' title='bbox 710 2878 757 2922; x_wconf 79' lang='grc' dir='ltr'>τῷ</span> <span class='ocrx_word' id='word_1_367' title='bbox 774 2877 933 2922; x_wconf 82' lang='grc' dir='ltr'>προφήτῃ</span> <span class='ocrx_word' id='word_1_368' title='bbox 954 2877 996 2910; x_wconf 90' lang='grc' dir='ltr'>Β.</span> <span class='ocrx_word' id='word_1_369' title='bbox 1314 2886 1365 2921; x_wconf 86' lang='lat'>15.</span> <span class='ocrx_word' id='word_1_370' title='bbox 1391 2875 1533 2920; x_wconf 77' lang='grc' dir='ltr'>καθίστη</span> <span class='ocrx_word' id='word_1_371' title='bbox 1551 2887 1613 2922; x_wconf 88' lang='lat' dir='ltr'>pro</span> <span class='ocrx_word' id='word_1_372' title='bbox 1631 2875 1836 2918; x_wconf 86' lang='grc' dir='ltr'>κατέστησεν</span> <span class='ocrx_word' id='word_1_373' title='bbox 1850 2875 1894 2909; x_wconf 91' lang='grc' dir='ltr'>Α.</span> 
     </span>
     <span class='ocr_line' id='line_1_40' title="bbox 323 2920 1892 2968; baseline 0.001 -14"><span class='ocrx_word' id='word_1_374' title='bbox 323 2920 448 2955; x_wconf 80' lang='lat' dir='ltr'>Statim</span> <span class='ocrx_word' id='word_1_375' title='bbox 466 2924 483 2955; x_wconf 89' lang='grc' dir='ltr'>ὁ</span> <span class='ocrx_word' id='word_1_376' title='bbox 501 2922 580 2956; x_wconf 85' lang='lat' dir='ltr'>add.</span> <span class='ocrx_word' id='word_1_377' title='bbox 600 2922 691 2956; x_wconf 86' lang='lat' dir='ltr'>Edd.</span> <span class='ocrx_word' id='word_1_378' title='bbox 874 2923 926 2958; x_wconf 88' lang='lat'>16.</span> <span class='ocrx_word' id='word_1_379' title='bbox 951 2923 1091 2968; x_wconf 84' lang='grc' dir='ltr'>ὁρατοὺς</span> <span class='ocrx_word' id='word_1_380' title='bbox 1107 2923 1168 2968; x_wconf 78' lang='grc' dir='ltr'>ἤδη</span> <span class='ocrx_word' id='word_1_381' title='bbox 1185 2938 1256 2959; x_wconf 79' lang='grc' dir='ltr'>πως</span> <span class='ocrx_word' id='word_1_382' title='bbox 1272 2924 1315 2958; x_wconf 92' lang='grc' dir='ltr'>Α.</span> <span class='ocrx_word' id='word_1_383' title='bbox 1333 2925 1415 2968; x_wconf 81' lang='grc' dir='ltr'>ὁρᾶν</span> <span class='ocrx_word' id='word_1_384' title='bbox 1431 2923 1550 2959; x_wconf 77' lang='grc' dir='ltr'>αὐτοὺς</span> <span class='ocrx_word' id='word_1_385' title='bbox 1566 2923 1626 2967; x_wconf 76' lang='grc' dir='ltr'>ἤδη</span> <span class='ocrx_word' id='word_1_386' title='bbox 1643 2922 1722 2967; x_wconf 81' lang='grc' dir='ltr'>πρὶν</span> <span class='ocrx_word' id='word_1_387' title='bbox 1740 2921 1781 2956; x_wconf 89' lang='grc' dir='ltr'>Β.</span> <span class='ocrx_word' id='word_1_388' title='bbox 1800 2920 1892 2955; x_wconf 89' lang='lat' dir='ltr'>Edd.</span> 
     </span>
     <span class='ocr_line' id='line_1_41' title="bbox 324 2967 1892 3016; baseline 0.001 -16"><span class='ocrx_word' id='word_1_389' title='bbox 324 2977 378 3001; x_wconf 85' lang='lat'>20.</span> <span class='ocrx_word' id='word_1_390' title='bbox 403 2982 441 3011; x_wconf 81' lang='grc' dir='ltr'>γε</span> <span class='ocrx_word' id='word_1_391' title='bbox 460 2974 492 3001; x_wconf 85' lang='lat' dir='ltr'>et</span> <span class='ocrx_word' id='word_1_392' title='bbox 509 2970 610 3011; x_wconf 87' lang='grc' dir='ltr'>μόνον</span> <span class='ocrx_word' id='word_1_393' title='bbox 625 2981 694 3003; x_wconf 91' lang='lat' dir='ltr'>om.</span> <span class='ocrx_word' id='word_1_394' title='bbox 708 2970 752 3003; x_wconf 92' lang='lat' dir='ltr'>A.</span> <span class='ocrx_word' id='word_1_395' title='bbox 803 2972 859 3015; x_wconf 83' lang='grc' dir='ltr'>τῆς</span> <span class='ocrx_word' id='word_1_396' title='bbox 877 2972 936 3005; x_wconf 81' lang='grc' dir='ltr'>τοῦ</span> <span class='ocrx_word' id='word_1_397' title='bbox 953 2969 1071 3016; x_wconf 83' lang='grc' dir='ltr'>αὐτοῦ]</span> <span class='ocrx_word' id='word_1_398' title='bbox 1090 2970 1147 3004; x_wconf 85' lang='lat' dir='ltr'>Sic</span> <span class='ocrx_word' id='word_1_399' title='bbox 1164 2981 1182 3004; x_wconf 86' lang='lat' dir='ltr'>e</span> <span class='ocrx_word' id='word_1_400' title='bbox 1199 2982 1281 3005; x_wconf 89' lang='lat' dir='ltr'>cum</span> <span class='ocrx_word' id='word_1_401' title='bbox 1300 2970 1421 3005; x_wconf 89' lang='lat' dir='ltr'>Ottob.</span> <span class='ocrx_word' id='word_1_402' title='bbox 1435 2981 1511 3015; x_wconf 85' lang='lat'>233.</span> <span class='ocrx_word' id='word_1_403' title='bbox 1529 2971 1587 3012; x_wconf 84' lang='grc' dir='ltr'>τῆς</span> <span class='ocrx_word' id='word_1_404' title='bbox 1603 2969 1704 3003; x_wconf 79' lang='grc' dir='ltr'>αὐτοῦ</span> <span class='ocrx_word' id='word_1_405' title='bbox 1720 2969 1780 3002; x_wconf 82' lang='grc' dir='ltr'>τοῦ</span> <span class='ocrx_word' id='word_1_406' title='bbox 1795 2967 1892 3013; x_wconf 90' lang='lat' dir='ltr'>A.(?)</span> 
     </span>
     <span class='ocr_line' id='line_1_42' title="bbox 325 3013 1800 3062; baseline 0.001 -16"><span class='ocrx_word' id='word_1_407' title='bbox 325 3013 366 3046; x_wconf 92' lang='lat' dir='ltr'>B.</span> <span class='ocrx_word' id='word_1_408' title='bbox 381 3013 470 3048; x_wconf 88' lang='lat' dir='ltr'>Edd.</span> <span class='ocrx_word' id='word_1_409' title='bbox 489 3015 588 3059; x_wconf 83' lang='grc' dir='ltr'>αὐτῆς</span> <span class='ocrx_word' id='word_1_410' title='bbox 605 3017 661 3059; x_wconf 84' lang='grc' dir='ltr'>τῆς</span> <span class='ocrx_word' id='word_1_411' title='bbox 678 3019 737 3050; x_wconf 86' lang='grc' dir='ltr'>τοῦ</span> <span class='ocrx_word' id='word_1_412' title='bbox 756 3017 802 3051; x_wconf 93' lang='lat' dir='ltr'>D.</span> <span class='ocrx_word' id='word_1_413' title='bbox 955 3028 1008 3051; x_wconf 87' lang='lat'>21.</span> <span class='ocrx_word' id='word_1_414' title='bbox 1034 3032 1070 3051; x_wconf 82' lang='grc' dir='ltr'>τε</span> <span class='ocrx_word' id='word_1_415' title='bbox 1087 3029 1156 3051; x_wconf 90' lang='lat' dir='ltr'>om.</span> <span class='ocrx_word' id='word_1_416' title='bbox 1175 3017 1219 3051; x_wconf 90' lang='lat' dir='ltr'>A.</span> <span class='ocrx_word' id='word_1_417' title='bbox 1372 3028 1427 3051; x_wconf 87' lang='lat'>22.</span> <span class='ocrx_word' id='word_1_418' title='bbox 1451 3015 1571 3062; x_wconf 87' lang='grc' dir='ltr'>πάλιν]</span> <span class='ocrx_word' id='word_1_419' title='bbox 1590 3020 1626 3058; x_wconf 59' lang='grc' dir='ltr'>-ὖ-</span> <span class='ocrx_word' id='word_1_420' title='bbox 1641 3015 1692 3049; x_wconf 86' lang='grc' dir='ltr'>ὅτι</span> <span class='ocrx_word' id='word_1_421' title='bbox 1709 3013 1800 3049; x_wconf 89' lang='lat' dir='ltr'>Edd.</span> 
     </span>
    </p>
   </div>
  </div>
 </body>
</html>
