2021 3434
118 495 174 525 Es.
190 494 210 526 i.
233 503 260 525 2.

119 657 207 687 Acta
222 655 278 686 SS.

118 701 208 741 App.
221 699 278 730 vii.

123 1311 283 1344 Ps.xlviii.

125 1367 155 1388 2.

126 2013 284 2054 lxxxvi.3.

337 205 421 244 604
726 203 775 242 B.
820 202 1093 243 CYRILLI
1131 202 1511 243 ALEXANDR.
1814 199 1841 239 i.
1866 211 1904 254 3.

338 313 509 381 6ὗαῦτῲ
540 311 721 380 φωνῇ.”
774 313 849 362 καὶ
883 317 964 363 νῦν
1003 314 1119 375 ὑμᾶς
1156 311 1514 382 διαμαρτύρεται,
1552 313 1716 380 φησὶν,
1747 309 1798 361 ἐκ
1835 309 1908 359 τοῦ

339 397 452 445 οἴκου
492 394 633 444 αὑτοῦ.
699 393 862 443 οὐκοῦν
903 393 1082 445 ἀκούετε
1116 393 1200 456 μὲν
1237 400 1355 456 λαοὶ,
1397 392 1649 464 προσεχέτω
1688 391 1737 442 δὲ
1776 392 1850 442 καὶ
1887 391 1909 449 ἦ

337 475 409 542 yffi.
471 473 620 544 τούτῳ
662 474 1000 540 παραπλήσιον
1041 474 1095 527 τὸ
1135 475 1209 526 διὰ
1249 479 1408 544 φωνῆς
1445 474 1653 526 Ἱ-Ισαΐου
1690 471 1910 524 “”Ακουε

339 566 365 587 “
391 556 567 623 οῦρανὲ,
598 560 673 607 καὶ
714 557 924 623 ἐνωτίζου
954 560 1030 622 γῆ,
1065 557 1135 608 ὅτι
1179 557 1350 624 Κύριος
1390 557 1647 621 ἐλάλησε.”
1713 558 1917 606 κατοικεῖ

337 637 420 703 μὲν
454 640 535 690 οῦν
566 641 591 690 ὁ
609 638 857 708 ”Υψιστος
891 640 973 689 οὐκ
1009 640 1056 690 ἔν
1090 663 1143 705 γε
1180 645 1274 692 τοῖς
1300 642 1350 690 ἐκ
1376 640 1523 690 λίθων
1550 643 1673 692 ναοῖς
1698 636 1727 702 ἢ
1754 659 1905 704 χειρο-
1931 652 1953 690 5

337 720 542 786 ποιήτοις
576 720 830 784 τεμένεσιν.
898 721 1053 786 ἐπειδὴ
1092 721 1139 772 δὲ
1171 726 1234 776 εἷς
1272 720 1417 791 δόξαν
1449 725 1574 772 Θεοῦ
1609 718 1716 773 τοὺς
1754 718 1914 784 ἁγίους

2014 596 2021 730 !

2015 737 2021 765 ι

339 804 490 857 οἴκους
529 803 775 869 ἐγηγέρθαι
821 803 989 872 φαμὲν,
1030 803 1246 872 ταύτῃτοι
1287 807 1362 855 καὶ
1403 807 1628 854 κατοικεῖν
1671 804 1719 852 ἐν
1761 802 1916 854 αὐτοῖς
2014 781 2021 869 ξ

340 888 422 939 οὐκ
462 886 692 955 ἀπαξιοῦν
733 885 1108 952 πεπιστεύκαμεν
1151 885 1233 937 τὸν
1276 891 1369 937 τῶν
1413 885 1540 936 ὅλων
1581 882 1722 943 Θεὸν,
1769 882 1917 934 καίτοι
2014 867 2021 969 Ξ

301 992 323 1018 e
340 974 614 1034 πληροῦντα
636 967 743 1021 τοὺς
769 966 989 1034 οὐρανοὺς
1014 970 1089 1019 καὶ
1116 967 1201 1032 τὴν
1227 971 1317 1034 γῆν
1342 970 1416 1019 καὶ
1442 966 1501 1019 τὰ
1526 967 1783 1033 κατωτέρω.
2015 996 2019 1021 ι

413 1050 720 1120 Ἐφαρμόσαι
744 1049 782 1101 δ’
811 1050 869 1101 ἄν
895 1073 964 1104 τις
987 1051 1172 1104 εἰκότως
1197 1053 1274 1102 καὶ
1296 1056 1443 1102 ταῦτα
1472 1053 1673 1119 Χριστῷ
1698 1053 1918 1099 καλοῦντι
1940 1070 1988 1095 10
2014 1039 2021 1112 ξ

340 1133 458 1201 πρὸς
496 1133 733 1198 σωτηρίαν
768 1134 869 1200 οὐχὶ
901 1131 1070 1197 μόνους
1108 1132 1265 1196 λαοὺς,
1292 1132 1334 1183 οἳ
1372 1135 1447 1184 καὶ
1486 1133 1542 1201 ἐξ
1570 1132 1762 1196 αἵματος
1793 1129 1920 1195 ἦσαν

341 1214 577 1283 εΑβραοῖμ,
604 1214 735 1266 ἀλλὰ
770 1215 861 1282 γὰρ
896 1218 971 1266 καὶ
1005 1213 1090 1279 τὴν
1122 1215 1387 1279 σύμπασαν
1412 1218 1518 1281 γῆν.
1584 1213 1920 1281 διεμαρτύρατο
2014 1224 2019 1280 ξ

344 1300 438 1366 γὰρ
462 1298 624 1367 ὥσπερ
656 1299 730 1350 διὰ
763 1303 922 1367 φωνῆς
952 1306 1034 1351 τοῦ
1060 1302 1234 1351 Δαυεὶδ
1259 1302 1413 1366 λέγων
1440 1307 1465 1330 “
1484 1298 1750 1350 Ἀκούσατε
1775 1305 1922 1350 ταῦτα
2014 1284 2020 1383 ἰ

345 1390 372 1413 “
398 1383 552 1435 πάντα
591 1381 650 1432 τὰ
691 1382 812 1446 ἔθνη,
858 1383 1148 1433 ἐνωτίσασθε
1190 1383 1360 1437 πάντες
1405 1386 1447 1434 οἱ
1483 1388 1798 1435 κατοικοῦντες
1837 1379 1923 1445 τὴν

346 1473 372 1495 “
399 1463 710 1528 οἱκουμε’νην.”
777 1463 847 1514 ὅτι
881 1463 930 1515 δὲ
961 1467 1023 1517 ὡς
1058 1465 1114 1533 ἐξ
1147 1466 1261 1516 οἴκου
1289 1471 1372 1516 τοῦ
1403 1465 1518 1516 ἰδίου
1544 1466 1618 1515 καὶ
1644 1463 1922 1531 φιλαιτάτου
1945 1476 1990 1516 ¹5

345 1547 455 1598 λίαν
496 1547 620 1616 αὐτῷ
665 1546 1065 1615 καταπεφοίτηκεν
1103 1549 1164 1600 ὡς
1201 1548 1320 1610 ἡμᾶς
1361 1547 1418 1615 ἐξ
1454 1548 1650 1613 οὐρανοῦ
1690 1547 1715 1597 ὁ
1751 1546 1922 1612 Λόγος,

302 1633 446 1683 ᾶπῶς
479 1630 611 1679 ἐστιν
645 1630 965 1697 ἀμφιβαλεΐνς
1005 1628 1181 1680 ἄτοπον
1219 1628 1267 1679 δὲ
1305 1629 1436 1679 οὐδὲν
1475 1627 1585 1681 οἷκον
1617 1629 1924 1694 Θεοῦλέγειν

344 1710 427 1763 τὸν
453 1710 663 1778 οὐρανὸν,
688 1710 827 1762 ὁπότε
866 1715 940 1763 καὶ
978 1710 1063 1775 τὴν
1101 1711 1302 1775 ἐπίγειον
1337 1709 1528 1775 Σιὼν,ἢ
1566 1713 1640 1762 καὶ
1679 1715 1740 1764 εἷς
1777 1711 1924 1762 τύπον

344 1798 428 1860 τῆς
463 1794 757 1858 Ἐκκλησιάς
790 1794 1102 1856 λαμβάνεται,
1145 1790 1270 1844 οἶκόν
1310 1816 1361 1844 τε
1398 1794 1540 1844 αὑτοῦ
1582 1796 1657 1844 καὶ
1697 1791 1840 1845 πόλιν
1877 1795 1924 1844 αὶ

347 1878 648 1929 θεόπνευστοι
687 1875 882 1942 λέγουσι
917 1877 1113 1944 γραφαί.
1183 1875 1367 1944 ψάλλει
1404 1874 1497 1942 γάρ
1530 1898 1622 1927 που
1659 1876 1740 1927 καί
1773 1880 1924 1944 φησιν
1943 1894 1991 1921 20

349 1960 373 2010 ὁ
418 1957 673 2012 θεσπέσιος
717 1958 892 2009 Δαυείδ
929 1965 957 1987 “
977 1958 1318 2027 Δεδοξασμένα
1363 1957 1574 2022 ἐλαλήθη
1618 1960 1723 2024 περὶ
1766 1963 1857 2008 σοῦ
1895 1957 1923 2021 ἡ

349 2050 376 2072 “
401 2040 540 2095 πόλις
566 2045 648 2091 τοῦ
676 2040 841 2092 Θεοῦ.”
906 2041 1070 2091 οὐκοῦν
1101 2043 1162 2095 ὡς
1197 2040 1336 2094 πόλις
1368 2040 1434 2105 εἴη
1470 2039 1527 2091 ἂν
1550 2042 1670 2091 οὕτω
1701 2042 1776 2090 καὶ
1803 2037 1926 2093 οἶκος

348 2125 377 2188 ἡ
414 2123 682 2187 Ἐκκλησία
721 2125 937 2189 Χριστοῦ
974 2128 1057 2174 τοῦ
1095 2128 1391 2189 πληροῦντος
1425 2121 1484 2174 τὰ
1523 2121 1679 2174 πάντα
1715 2120 1834 2173 κατά
1870 2143 1926 2187 γε

350 2205 436 2271 τὴν
473 2208 556 2270 τῆς
595 2204 830 2270 Θεότητος
869 2205 1033 2274 φύσιν.

315 2353 337 2379 e

315 2410 336 2445 3
355 2405 472 2448 Διότι
498 2403 588 2446 ἰδοὺ
617 2403 799 2461 Κύριοο’
787 2404 1065 2461 (ἐκπορεύεται
1091 2404 1137 2445 ἐκ
1170 2407 1242 2446 τοῦ
1265 2404 1398 2446 τόπου
1424 2404 1562 2454 αὑτοῦ,
1590 2403 1658 2444 καὶ
1681 2403 1925 2454 ὲπιβΗσεται
1944 2407 2017 2449 25

403 2599 433 2622 1.
458 2588 535 2631 ὑμῖν
553 2587 599 2621 D.
841 2599 872 2622 2.
897 2587 974 2634 μὲν]
998 2592 1034 2629 ηῑ-
1056 2588 1087 2621 οἶ
1105 2587 1196 2622 Edd.
1212 2587 1329 2621 invitis
1347 2587 1441 2621 A.D.
1694 2598 1727 2628 4.
1753 2584 1924 2632 ἐνωτίζου]

357 2639 394 2675 4-
416 2635 434 2678 ἡ
454 2634 545 2669 Edd.
563 2634 680 2668 invitis
697 2634 793 2668 A.D.
1096 2644 1129 2679 5.
1153 2649 1192 2680 γε
1210 2646 1279 2668 orn.
1297 2635 1340 2668 A.
1644 2641 1675 2678 7.
1701 2633 1815 2677 φαμὲν
1831 2633 1926 2678 ἐγηγ.

354 2682 491 2715 inverso
508 2681 628 2715 ordine
648 2682 694 2715 D.
836 2692 869 2726 9.
895 2682 1088 2726 πληροῦντα
1105 2688 1184 2726 post
1201 2681 1360 2725 οὐρανοὺς
1376 2687 1509 2726 transp.
1529 2680 1576 2714 D.
1718 2691 1771 2714 10.
1789 2681 1926 2725 Χριστῷ

356 2729 409 2762 καὶ
426 2730 530 2762 ταῦτα
546 2728 617 2762 inv.
635 2727 709 2762 ord.
730 2727 821 2761 Edd.
840 2728 957 2762 invitis
975 2729 1116 2763 A.B.D.
1600 2737 1652 2761 11.
1677 2741 1716 2771 ’γε
1733 2738 1796 2771 pro
1813 2727 1866 2760 καὶ
1883 2726 1925 2760 B.

361 2786 414 2808 12.
439 2775 498 2819 τὴν
515 2773 698 2819 σύμπασαν
715 2774 781 2808 hoe
798 2774 917 2808 ordine
934 2787 1068 2809 omnes.
1268 2786 1321 2819 13.
1346 2774 1411 2820 γὰρ
1391 2785 1498 2818 pom.
1518 2774 1565 2808 D.
1767 2773 1819 2807 16.
1844 2787 1890 2818 πρ
1892 2773 1928 2808 ὸς

358 2833 420 2865 pro
437 2822 481 2857 ὣς
498 2822 541 2855 A.
591 2823 609 2854 ὁ
626 2822 730 2866 λόγος
748 2821 785 2864 ἐξ
802 2821 943 2866 οὐρανοῦ
960 2822 1098 2856 inverso
1114 2821 1235 2856 ordine
1253 2821 1299 2855 D.
1539 2830 1591 2866 17.
1617 2818 1724 2865 οικον]
1745 2824 1782 2861 -1-
1802 2822 1861 2854 τοῦ
1879 2819 1925 2853 D.

359 2879 414 2902 20.
439 2868 570 2913 γραφαὶ
586 2867 752 2913 λέγουσι
745 2880 883 2902 lnverso
899 2867 1020 2902 ordine
1036 2869 1080 2903 A.
1513 2878 1568 2901 21.
1594 2866 1778 2902 θεσπέσιος
1794 2878 1863 2900 om.
1883 2865 1924 2900 B.

360 2925 426 2948 22——
429 2925 483 2956 24.
509 2914 783 2958 οὐκοῦν-φύσιν
807 2927 877 2949 om.
897 2915 939 2949 B.
956 2915 1001 2950 ὡς
1025 2921 1058 2949 et
1082 2917 1142 2950 τοῦ
1167 2920 1347 2960 assumpta
1371 2926 1412 2948 ex
1438 2914 1481 2947 A.
1487 2914 1533 2948 D.
1607 2914 1732 2947 Statim
1756 2914 1797 2947 τὰ
1820 2915 1927 2947 πάντα

357 2961 589 3003 πληροῦν-νος
581 2973 720 2995 mverso
737 2961 857 2995 ordine
875 2962 920 2996 D.
1241 2970 1296 3006 25.
1322 2960 1440 3006 αὐτοῦ]
1464 2965 1500 3002 -f-
1521 2961 1574 2995 καὶ
1591 2959 1817 3004 καταβήσεται
1835 2957 1927 2994 Edd.

359 3006 406 3049 (V
410 3006 472 3050 at.)
489 3007 765 3052 repugnantibus
781 3008 878 3043 libris
896 3008 1029 3053 (Alex.)
