2021 3434
325 200 410 241 694
727 201 780 242 B.
821 200 1096 243 CYRILLI
1135 201 1513 243 ALEXANDR.
1719 201 1778 243 vi.
1803 213 1843 256 3,
1863 210 1905 251 4.

281 362 433 419 3Λαόε
469 377 562 414 μου,
599 363 638 405 τί
674 363 858 406 ἐποίησά
896 379 975 416 σοι,
1012 364 1036 406 ἦ
1074 363 1113 406 τί
1149 364 1343 406 ὲλύΠΗσά
1374 380 1434 416 σε,
1461 363 1485 405 a
1517 362 1557 406 τί
1584 362 1904 421 Παρι-ινώχλι-ισά

280 467 304 500 4
390 460 482 498 σοις
519 446 776 504 ἀποκρίθΗτὶ
800 463 885 497 μοι.
945 447 1055 489 διότι
1079 447 1289 496 ἂνήΓαΓόν
1323 463 1369 490 σε
1405 447 1454 489 ὲκ
1490 451 1566 494 Γῆς
1590 445 1809 498 ΑἷΓύΠτου,
1836 446 1907 488 καὶ

390 528 436 572 ἐξ
473 526 594 570 οἷ’κου
626 529 823 572 δουλείας
857 530 1167 588 ἐλυτρωσάμΗν
1195 546 1254 582 σε,
1281 530 1349 571 καὶ
1385 530 1667 574 ἐξαπέστειλε]
1693 528 1776 587 Πρὸ
1802 544 1911 587 Προ-

390 610 538 654 σὼπου
566 628 640 655 σου
666 612 741 656 τὸν
766 613 960 656 Μωυσῆν
988 613 1057 655 καὶ
1075 614 1247 671 Ἀαρὼν
1276 613 1344 655 καὶ
1369 613 1561 671 Μαριάμ.

96 765 186 800 446
201 766 251 800 A.
279 777 303 801 a
396 753 645 821 Δικάζεται
687 752 809 808 Θεὸς
849 753 942 806 ἀπὸ
990 752 1253 821 προσώπου
1303 755 1464 822 φωνῆς
1506 758 1589 804 τοῦ
1632 750 1904 821 Προφήτου,
1925 769 1950 808 5
2015 801 2017 803 .

321 836 692 903 ἀπροφάσιστον
732 837 1010 905 ἀποφαίνων
1055 840 1150 887 τῶν
1197 840 1259 890 εἰς
1306 835 1446 886 αὐτὸν
1487 833 1907 899 δεδυσσεβηκότων
1998 826 2006 834 μ

319 921 402 982 τῆς
429 919 730 973 ἀποστασίας
763 917 847 970 τὸν
871 918 1061 985 τρόπον,
1086 919 1162 969 καὶ
1191 918 1311 985 πέρα
1348 917 1496 984 λόγου
1521 922 1604 968 τοῦ
1634 915 1906 983 πρέποντος,

319 1005 512 1065 μᾶλλον
549 1001 598 1052 δὲ
637 1003 713 1052 καὶ
747 1001 1050 1070 ἀποπληξίας
1088 999 1293 1064 ἁπάσης,
1319 998 1379 1050 τὰ
1416 998 1712 1064 τολμήματα,
1739 1000 1814 1050 καὶ
1851 997 1907 1049 τὸ

321 1085 405 1147 τῆς
436 1083 751 1147 ἀναισθησίας
785 1082 982 1148 μέγεθος
1020 1082 1252 1147 ἀσύνηθές
1289 1105 1338 1133 τε
1373 1084 1449 1133 καὶ
1483 1081 1619 1151 ξένον
1651 1081 1728 1132 καὶ
1753 1080 1908 1134 αὐτοῖς
2009 1144 2013 1148 Ι

319 1189 412 1217 που
445 1164 569 1233 τάχα
603 1170 699 1219 τοῖς
736 1166 846 1216 λίαν
885 1164 1149 1231 ἀγνώμοσι.
1211 1163 1325 1216 ποία
1364 1163 1459 1230 γὰρ
1501 1163 1602 1215 εἰπέ
1636 1186 1729 1227 μοι,
1769 1163 1906 1232 φησὶ,
1929 1186 2005 1216 10

319 1251 416 1298 τῶν
456 1250 518 1301 εὶς
559 1245 637 1311 ἐμὲ
678 1247 1101 1311 δεδυσσεβημένων
1137 1247 1167 1311 ἡ
1206 1246 1480 1314 πρόφασις;
1520 1246 1568 1297 τί
1602 1244 1820 1299 δὲ’ὅλως
1852 1243 1908 1296 τὸ
2000 1237 2003 1241 V

322 1329 580 1381 δύσοιστον
619 1328 648 1395 ἢ
693 1330 770 1381 καὶ
809 1328 933 1383 ὅλως
972 1328 1198 1398 φορτικὸν
1240 1333 1334 1380 τῶν
1372 1330 1495 1392 ἐμῶν
1530 1327 1902 1392 θεσπισμάτων;

276 1410 352 1476 ὺῆ
378 1412 428 1462 τί
448 1409 503 1463 τὸ
530 1416 744 1473 λυποῦν;
788 1414 852 1464 εἷς
876 1410 1025 1474 μέσον
1051 1410 1147 1475 ἧκε,
1180 1409 1370 1464 δεικνύς·
1414 1409 1660 1477 ἡμάρτηκα
1697 1408 1816 1461 κατὰ
1852 1409 1907 1461 τὸ

323 1492 444 1547 εἰκὸς
494 1498 737 1560 λογισμοῦ
788 1498 871 1544 τοῦ
918 1491 1197 1560 πρέποντος,
1249 1497 1418 1559 πικρᾶς
1465 1492 1535 1544 ὅτι
1588 1515 1647 1544 σε
1694 1491 1908 1547 δουλείας
2001 1549 2006 1562 ,

320 1575 646 1641 ἀπήλλαττον,
685 1581 845 1640 πηλοῦ
886 1577 962 1626 καὶ
994 1576 1239 1629 πλινθείας
1279 1577 1355 1626 καὶ
1389 1579 1483 1626 τῶν
1520 1576 1739 1633 ἐντεῦθενΑ
1764 1574 1903 1643 ἱδρώ-
1929 1592 1975 1631 15
2002 1583 2017 1642 ’ᾗ

320 1681 417 1710 των
466 1657 730 1728 ἐξεκόμιζον
782 1658 1028 1712 εὐσθενῶς·
1081 1657 1439 1724 προσκέκρουκα
1493 1662 1589 1712 τοῖς
1637 1657 1908 1722 ἠλεημένοις

322 1741 400 1793 ὅτε
437 1744 514 1792 καὶ
552 1743 767 1792 ἀδικοῦσι
812 1745 908 1794 τοῖς
951 1741 1225 1807 Αἰγυπτίοις
1269 1742 1344 1790 καὶ
1383 1738 1528 1804 αὐτὴν
1567 1741 1750 1810 ἐμαυτῷ
1786 1740 1907 1809 διεξ-

322 1822 528 1889 ώπλιζον
565 1823 651 1888 τὴν
691 1824 860 1885 κτίσιν,
899 1822 1120 1890 διέσωζον
1153 1822 1261 1877 τοὺς
1297 1820 1447 1886 ἐμούς.
1511 1822 1781 1888 ἐγκαλέσεις
1814 1845 1909 1874 που

321 1906 447 1974 τάχα
492 1908 569 1957 καὶ
612 1905 753 1956 αὐτὸν
796 1906 896 1968 ἐμοὶ
944 1903 1028 1956 τὸν
1069 1903 1391 1971 παιδαγωγὸν,
1437 1906 1560 1973 φημὶ
1598 1903 1654 1969 δὴ
1697 1901 1908 1969 Μωυσέα,

322 1987 407 2040 τὸν
440 1991 503 2043 εἷς
540 1989 707 2039 εὐκλεᾶ
740 1988 937 2039 σύνεσιν
968 1988 1284 2056 ἀποφέροντα,
1311 1989 1388 2039 καὶ
1419 1986 1788 2054 παραδεικνύντα
1817 2010 1908 2038 σα-
1928 1979 2003 2038 ω’

326 2075 430 2141 φῶς
471 2069 526 2122 τὸ
565 2069 766 2122 ἁνδάνον
804 2074 925 2140 Θεῷ,
963 2070 1040 2121 ἵνα
1081 2069 1203 2139 ε”χοις
1244 2068 1536 2137 ἀκράδαντον
1572 2068 1627 2122 τὸ
1666 2071 1909 2130 διαβιῶναι

393 2273 424 2297 1.
459 2277 501 2297 σε
529 2260 686 2306 ἐλύπησα
713 2267 747 2296 et
775 2276 832 2296 σοι
857 2263 1114 2307 παρηνώχλησα
1143 2262 1282 2296 inverso
1310 2261 1434 2297 ordine
1463 2260 1556 2296 Edd.
1583 2260 1705 2306 (153.)
1731 2261 1841 2296 invito
1865 2261 1912 2296 A.

327 2321 362 2355 3.
387 2308 648 2354 ἐλυτρωσάμην]
669 2309 847 2352 ε’λὺτρωσά
865 2309 958 2343 Edd.
977 2309 1078 2390 (1523
1082 2309 1099 2354 )
1117 2310 1226 2344 invito
1244 2309 1289 2343 A.
1560 2318 1594 2354 5.
1619 2308 1685 2343 ἀπὸ
1702 2307 1909 2354 προσώπου]

329 2357 384 2391 διὰ
400 2357 444 2391 A.
500 2356 624 2390 Statim
643 2358 759 2400 φωνῆς
775 2359 834 2390 τοῦ
851 2356 1078 2401 προφήτουΒ
1083 2355 1290 2401 ,προφήτου
1307 2356 1422 2401 φωνῆς
1439 2354 1532 2390 Edd.
1746 2355 1778 2389 6.
1804 2355 1910 2401 ἀπρο-

328 2404 506 2448 φάσιστον
522 2406 566 2437 A.
572 2403 615 2438 B.
629 2403 806 2449 ἀπόφασιν
825 2403 916 2437 Edd.
967 2403 1093 2438 Statim
1110 2404 1241 2449 φαίνων
1257 2404 1301 2437 A.
1538 2411 1570 2447 7.
1601 2416 1643 2436 πε
1644 2401 1704 2448 ρα]
1729 2406 1767 2443 -†-
1787 2404 1847 2437 τοῦ
1867 2402 1910 2437 Β.

329 2452 391 2484 τοῦ
409 2462 479 2484 om.
496 2450 541 2485 A.
761 2451 795 2484 8.
821 2450 863 2484 τὰ
880 2462 948 2484 om.
967 2450 1011 2485 A.
1224 2461 1258 2495 9.
1282 2448 1506 2492 ἀναισθησίας
1522 2449 1566 2483 A.
1584 2447 1796 2494 ἀποπληξίας
1817 2448 1909 2483 Edd.

329 2512 395 2532 που
412 2509 475 2541 pro
492 2511 528 2531 τε
548 2496 590 2531 Β.
639 2495 735 2541 ξενον
751 2497 796 2532 A.
812 2497 900 2542 μέγα
919 2496 1011 2531 Edd.
1320 2507 1371 2530 10.
1398 2497 1483 2541 ἅγαν
1499 2508 1562 2540 pro
1578 2496 1656 2530 λίαν
1672 2496 1717 2530 A.
1765 2495 1840 2530 εἶπέ
1853 2510 1910 2540 μοι

329 2544 422 2600 φησὶ
438 2544 482 2577 Α.
500 2558 556 2588 μοι
574 2545 662 2588 φημὶ
681 2543 772 2578 Edd.
791 2558 848 2578 σοι
865 2544 955 2589 φησὶ
974 2544 1018 2579 Β.
1276 2554 1329 2577 ΙΙ.
1356 2543 1658 2586 δεδυσσεβηκότων
1674 2543 1719 2578 A.
1785 2543 1910 2577 Statim

330 2590 350 2634 ἡ
368 2602 439 2625 om.
457 2590 502 2624 A.
554 2591 651 2625 Haec
669 2590 757 2626 ὅλως
774 2597 807 2625 et
825 2589 1042 2626 δύσοιστον*
1025 2606 1044 2634 η
1063 2591 1116 2625 καὶ
1134 2590 1222 2626 ολως
1238 2596 1457 2624 accesserunt
1473 2602 1516 2624 ex
1533 2589 1578 2623 A.
1766 2600 1817 2635 13.
1843 2589 1862 2634 ἢ
1879 2589 1913 2624 τί

330 2638 370 2671 τὸ
387 2637 431 2672 A.
450 2652 522 2681 ητοι
540 2638 578 2671 τὸ
597 2637 639 2671 Β.
659 2639 730 2682 ἤτοι
749 2637 840 2672 Edd.
892 2638 938 2673 εἷς
953 2653 1060 2681 μεσον
1077 2636 1153 2683 ἧκε]
1174 2637 1231 2672 Sic
1250 2649 1394 2672 correXI.
1413 2636 1459 2672 εἷς
1474 2636 1582 2680 μέσον
1598 2635 1617 2680 ἦ
1635 2651 1689 2671 και
1706 2636 1786 2681 (Sic)
1805 2637 1849 2671 A.
1867 2636 1913 2672 εἷς

332 2684 390 2728 ἐμε
409 2683 466 2729 ἧκε
484 2684 577 2718 Edd.
642 2683 785 2730 δεικνὺς]
806 2689 843 2725 -Ι-
863 2684 915 2718 ὅτι
933 2684 1025 2719 Edd.
1044 2684 1160 2720 ὅντως
1178 2685 1221 2718 Β.
1289 2684 1385 2718 Haec
1402 2684 1484 2718 κατὰ
1501 2684 1540 2718 τὸ
1557 2683 1643 2719 εἰκὸς
1666 2685 1838 2729 λογισμοῦ
1853 2685 1913 2717 τοῦ

332 2731 531 2776 πρέποντος,
545 2733 665 2775 πικρᾶς
682 2737 903 2766 accesserunt
920 2743 961 2765 ex
978 2731 1023 2766 A.
1072 2731 1140 2766 Pro
1157 2731 1212 2765 his
1229 2733 1289 2764 τοῦ
1306 2731 1432 2766 εἰκότος
1450 2730 1543 2765 Edd.
1736 2730 1788 2764 16.
1817 2730 1914 2764 Haec

333 2778 525 2821 ἐξεκόμιζον
543 2778 720 2814 εὐσθενῶς·
744 2778 928 2824 προσκέκρ.
946 2793 977 2812 τ.
995 2777 1189 2822 ἢλεημένοις
1205 2783 1426 2812 accesserunt
1440 2789 1479 2811 ex
1492 2777 1536 2811 A
1587 2776 1750 2811 Statim‘'
1730 2791 1786 2811 οτε
1800 2778 1844 2811 Α.
1862 2776 1914 2811 ὅτι

336 2824 380 2858 Β.
395 2824 486 2858 Edd.
537 2824 621 2859 Post
639 2825 675 2859 h.
693 2837 726 2860 V.
745 2826 799 2859 καὶ
815 2826 859 2859 A.
877 2840 913 2859 τε
933 2825 1029 2859 Β.δὲ
1050 2825 1140 2859 Edd.
1300 2834 1353 2868 17.
1380 2825 1510 2870 ἐμαυτῷ
1528 2830 1750 2868 assumptum
1768 2824 1866 2859 ΒΚΑ.
1871 2823 1913 2858 Β.

337 2870 463 2905 Statim
481 2871 700 2917 διεξώπλιζον
716 2872 761 2906 A.
779 2872 1031 2916 συνεξώπλιζον
1050 2872 1091 2906 Β.
1110 2872 1236 2916 ἐξώπλ.
1256 2870 1349 2906 Edd.
1573 2871 1627 2905 18.
1653 2869 1779 2915 κτίσιν]
1803 2875 1839 2912 -1-
1860 2871 1913 2904 καὶ

337 2917 429 2950 Edd.
447 2918 556 2952 invito
574 2919 617 2954 A.
667 2919 755 2965 τάχα
770 2933 836 2953 που
854 2919 993 2953 inverso
1010 2918 1130 2953 ordine
1147 2919 1191 2954 A.
1461 2929 1514 2963 19.
1539 2917 1656 2964 αὐτὸν]
1679 2922 1715 2958 -f-
1737 2918 1802 2952 σύν
1819 2916 1910 2951 Edd.

334 2963 452 3051 ι-ῐιῖνίῐίε
462 2965 513 3045 ἒ.
504 2965 560 3001 Β.
742 2977 797 3001 20.
823 2966 869 3002 εἰς
890 2966 1010 3001 εὐκλεᾶ
1026 2966 1070 3001 A.
1088 2966 1208 3000 εὐκλεᾶ
1227 2965 1269 3000 Β.
1286 2965 1389 3000 ἀκλεᾶ
1408 2964 1501 3000 Edd.
1675 2975 1731 3000 21.
1754 2962 1910 3010 ἁνδάνον]

398 3024 443 3056 τῳ
498 3037 506 3045 .
