2021 3434
278 182 362 221 514
667 185 717 224 B.
761 185 1041 225 CYRILLI
1091 185 1472 226 ALEXANDR.
1650 185 1737 226 viii.
1760 184 1857 236 4—6.

276 296 447 359 μικροῖς
492 291 575 354 μὲν
614 294 852 345 ἐποιοῦντο
893 295 1062 363 μέτροις
1105 295 1191 360 τὴν
1235 295 1383 358 δόσιν,
1425 296 1774 363 ἁντεκομίζοντο
1811 291 1859 345 δὲ

281 375 515 443 σταθμίοις
559 378 641 428 οὑκ
681 378 815 441 ἰ’σοις,
854 380 984 431 ἀλλὰ
1019 386 1114 434 τοῖς
1155 381 1220 432 ἔτι
1258 380 1450 447 μείζοσι,
1490 384 1565 432 καὶ
1601 381 1727 432 πολὺ
1764 384 1858 431 τῶν

279 459 480 525 πρώτων
542 465 950 530 διαβριθεστέροις,
1002 467 1149 516 καίτοι
1205 469 1329 517 Θεοῦ
1382 465 1602 531 λέγοντος
1651 465 1726 516 διὰ
1777 470 1859 515 τοῦ

62 545 162 576 Dent.

60 600 135 619 xxv.
159 599 171 619 1
179 600 219 629 3—

65 632 112 663 16.

280 541 536 611 πανσόφου
577 546 822 599 Μωυσέως
863 546 917 597 τό
944 554 970 576 “
992 548 1096 598 Οὐκ
1132 548 1266 598 ἔσται
1309 550 1357 598 ἐν
1396 552 1462 617 τῷ
1502 548 1726 616 μαρσίπῳ
1766 569 1859 597 σου

243 711 308 738 ‘³⁶‘
335 706 454 773 οἰκίᾳ
486 728 577 756 σου
607 707 776 773 μέτρον
810 711 885 759 καὶ
918 709 1087 776 μέτρον
1121 711 1242 775 με’γα
1274 713 1348 762 καὶ
1380 710 1558 776 μικρόν.
1627 709 1858 773 στάθμιον

279 794 307 815 “
333 787 557 851 ἀληθινὸν
592 791 666 839 καὶ
706 791 882 841 δίκαιον
922 791 1056 843 ε”σται
1086 815 1166 843 σοι
1205 795 1279 843 καὶ
1318 793 1486 859 μέτρον
1524 791 1747 856 ἀληθινὸν
1784 794 1859 842 καὶ

280 875 306 897 “
333 870 508 920 δίκαιον
546 871 680 922 ἔσται
717 891 809 923 σοι·
849 873 924 924 ἵνα
953 874 1250 939 πολυήμερος
1289 875 1399 943 γένῃ
1440 876 1514 925 ἐπὶ
1555 877 1637 938 τῆς
1678 876 1764 938 γῆς
1805 874 1860 938 ἧς*

281 958 307 979 “
338 951 508 1017 Κύριος
547 955 571 1003 ὁ
604 954 722 1007 Θεός
762 977 852 1005 σου
892 957 1061 1007 δίδωσί
1094 979 1173 1007 σοι
1211 959 1259 1007 ἐν
1298 956 1471 1026 κλήρῳ,
1504 955 1575 1007 ὅτι
1612 956 1860 1021 βδέλυγμα

281 1040 307 1062 “
339 1035 498 1103 Κυρίῳ
524 1039 589 1104 τῶ
617 1039 724 1105 Θεῷ
757 1059 848 1087 σου
880 1042 971 1091 πᾶς
1001 1043 1146 1089 ποιῶν
1180 1044 1330 1100 τοῦτο,
1359 1043 1451 1093 πᾶς
1479 1043 1627 1090 ποιῶν
1660 1038 1858 1089 ἄδικον.”

279 1116 388 1166 ἀλλ’
418 1118 560 1170 οὐδεὶς
595 1119 777 1173 ἐκείνοις
812 1122 894 1183 τῆς
933 1121 1229 1186 δικαιοσύνης
1263 1123 1287 1171 ὁ
1323 1123 1482 1187 λόγος·
1526 1125 1588 1175 εἰς
1625 1120 1772 1186 μόνην
1811 1120 1860 1172 δὲ

279 1198 536 1258 βλέποντες
576 1199 661 1263 τὴν
705 1200 1038 1268 φιλοκέρδειαν,
1080 1203 1318 1271 ἐξέτριβον
1360 1204 1574 1267 πένητας,
1613 1205 1860 1271 μονονουχὶ

282 1280 628 1342 κατακτώμενοι
673 1281 780 1336 τοῦς
819 1284 1024 1347 ἀθλίους,
1063 1290 1136 1335 καὶ
1176 1288 1222 1336 ἐν
1262 1283 1548 1353 ὑποδημάτων
1596 1286 1860 1348 ποιούμενοι

60 1358 122 1388 Sir.
141 1358 209 1388 xiii.

64 1410 113 1441 19

61 1451 146 1483 334
165 1449 212 1482 A
243 1459 265 1482 a
282 1443 434 1506 με’.νον
482 1446 592 1494 ἀλλ’
615 1446 823 1510 ὁνινησιν
848 1448 967 1511 ημᾶς
993 1449 1046 1499 οὑ
1065 1451 1257 1515 μετρίως
1284 1451 1308 1499 ὁ
1328 1448 1681 1515 Παροιμιαστὴς
1706 1449 1860 1515 λεγων

61 1511 157 1541 Plox

282 1361 424 1429 τάξει·
466 1365 670 1425 “Νομαι
716 1364 807 1430 γὰρ
850 1366 1097 1417 πλουσίων
1138 1366 1356 1434 πτωχοι,”
1403 1366 1520 1418 κατὰ
1558 1390 1610 1418 το
1650 1390 1856 1434 γεγραμ-

61 1555 125 1584 „i
143 1565 173 1594 9
284 1532 309 1554 “
340 1526 522 1591 Καρδία
559 1525 607 1577 δε
648 1527 815 1594 ἀνδρος
856 1528 1116 1596 λογιζέσθω
1158 1531 1325 1594 δίκαια,
1368 1532 1443 1582 ἵνα
1488 1531 1578 1582 ὑπο
1615 1536 1697 1582 τοῦ
1737 1535 1861 1582 Θεοῦ

61 1610 218 1641 lb·V·²¹·
283 1614 309 1636 ‘⁶
335 1607 665 1671 κατευθύνηται
700 1609 758 1660 τὰ
792 1611 1058 1675 διαβήματα
1090 1613 1247 1664 αὑτοῦ.
1315 1614 1509 1665 ἐνώπιον
1534 1612 1626 1679 γάρ
1652 1618 1742 1664 εἱσι
1763 1618 1861 1664 τῶν

281 1698 309 1719 “
334 1697 416 1741 τοῦ
447 1695 571 1743 Θεοῦ
609 1694 873 1762 ὀφθαλμῶν
906 1697 1003 1747 ὁδοὶ
1041 1697 1224 1762 ἀνδρὸς,
1263 1702 1325 1752 εἰς
1356 1697 1404 1748 δὲ
1441 1696 1601 1751 πάσας
1639 1696 1722 1750 τὰς
1755 1720 1862 1763 τρο-

281 1780 308 1802 “
334 1773 438 1841 χιὰς
475 1775 615 1825 αὑτοῦ
648 1777 905 1830 σκοπεύει.”
971 1781 1032 1832 ὡς
1071 1780 1151 1830 οῦν
1193 1781 1456 1848 ἐφορῶντος
1493 1786 1575 1831 τοῦ
1615 1784 1750 1842 Θεοῦ,
1787 1783 1862 1830 καὶ

282 1860 375 1906 τῶν
395 1858 495 1907 καθ’
518 1858 637 1921 ἡμᾶς
664 1858 842 1910 ἕκαστα
866 1866 1225 1927 περιαθροῦντος
1251 1867 1438 1930 ἰσχνῶς,
1460 1861 1601 1928 ὀρθὰς·
1627 1866 1861 1914 ποιεῖσθαι

62 1928 111 2001 {g
132 1928 173 1958 iv.
282 1937 366 1992 τὰς
391 1938 577 2006 τροχιὰς
603 1942 856 2006 ἀναγκαῖον
880 1947 974 1997 τοῖς
1007 1967 1060 2009 γε
1091 1946 1280 2008 ἀληθῶς
1304 1947 1494 2011 ἀγαθοῖς
1522 1947 1595 1995 καὶ
1622 1945 1860 2013 ε’χέφροσι,

281 2021 356 2070 καὶ
391 2022 521 2071 οὐδὲν
551 2022 765 2087 ἡγεῖσθαι
801 2023 854 2075 τὸ
895 2027 1177 2093 ἶσοῤῥοποῦν
1213 2030 1295 2091 τῆς
1333 2050 1381 2078 τε
1413 2032 1474 2080 εἰς
1509 2027 1633 2078 Θεὸν
1667 2030 1741 2078 καὶ
1779 2030 1862 2091 τῆς

238 2101 265 2141 b
283 2105 344 2156 εἰς
371 2103 605 2172 ἀδελφοὺς
632 2104 833 2170 ἀγάπης.
895 2110 970 2157 καὶ
993 2108 1021 2172 ἡ
1045 2107 1130 2171 μὲν
1157 2111 1218 2162 εἷς
1245 2107 1369 2160 Θεὸν
1395 2109 1556 2174 ἀγάπη
1583 2108 1636 2160 τὸ
1663 2108 1862 2175 γνήσιον

280 2189 341 2238 εἷς
371 2187 547 2249 πίστιν,
573 2189 649 2237 καὶ
683 2186 736 2238 τὸ
776 2189 1115 2259 ἀπαράφθορον
1150 2191 1256 2258 ἔχει·
1299 2192 1327 2255 ἡ
1359 2192 1410 2243 δέ
1440 2215 1492 2257 γε
1527 2196 1589 2245 εἰς
1627 2189 1862 2259 ἀδελφοὺς

281 2269 363 2330 τῆς
390 2269 685 2333 δικαιοσύνης
717 2272 916 2334 ἀνῆπται
951 2271 1009 2322 τὰ
1045 2272 1306 2340 αὐχήματα.
1371 2276 1445 2324 καὶ
1471 2273 1563 2340 γάρ
1589 2275 1717 2324 ἐστιν
1743 2275 1860 2338 ἀλη-

62 2339 157 2368 Rom.

62 2384 196 2414 xii-Lm,
283 2348 359 2403 θὲς
404 2349 473 2400 ὅτι
514 2358 540 2379 “
565 2351 629 2402 Ἡ
682 2351 843 2418 ἀγάπη
893 2357 959 2422 τῷ
1009 2356 1220 2418 πλησίον
1262 2354 1404 2408 κακὸν
1449 2357 1530 2407 οὐκ
1575 2354 1858 2421 ἐργάζεται.”

283 2437 448 2500 χρῆναι
480 2435 534 2486 δέ
563 2440 684 2504 φημι
717 2436 824 2490 τοὺς
855 2438 1107 2501 εὐδοκιμεῖν
1132 2439 1400 2506 ᾑρημένους,
1429 2442 1502 2490 καὶ
1538 2438 1861 2503 ἐννομωτάτην

333 2629 361 2652 1.
387 2619 447 2662 μὲν
464 2631 533 2653 om.
556 2619 596 2654 Β.
754 2632 787 2665 3.
817 2622 913 2655 Haec
931 2624 990 2655 τοῦ
1007 2624 1190 2668 πανσόφου
1208 2630 1388 2668 assumpta
1405 2635 1446 2658 ex
1461 2624 1502 2658 A.
1510 2623 1550 2658 B.
1716 2638 1749 2668 4.
1775 2640 1859 2669 μαρ-

283 2664 380 2711 σὴπῳ
401 2666 441 2700 Β.
755 2678 788 2712 5.
818 2669 914 2702 Haec
932 2669 984 2702 καὶ
1003 2670 1167 2711 στάθμιον
1185 2678 1364 2715 assumpta
1382 2683 1421 2704 ex
1440 2671 1483 2705 A.
1493 2671 1532 2705 Β.
1550 2670 1634 2705 haec
1652 2684 1706 2706 vv.
1726 2672 1860 2707 addidit

282 2724 420 2756 quoque
441 2712 573 2755 Miffne.
623 2713 641 2757 ἢ
661 2726 723 2758 pro
742 2716 794 2748 καὶ
812 2716 869 2749 alt.
886 2715 930 2749 A
979 2718 1025 2761 τῷ
1044 2716 1122 2762 οἴκῳ
1141 2729 1203 2760 pro
1221 2720 1258 2760 τῇ
1278 2718 1363 2761 οἰκίᾳ
1383 2717 1474 2751 Edd.
1700 2718 1732 2753 6.
1759 2718 1777 2762 ἢ
1797 2731 1859 2764 pro

282 2773 333 2791 και
352 2760 408 2792 z.1lt
424 2760 467 2793 A.
486 2760 537 2803 (V
542 2767 585 2793 at.
592 2760 608 2804 )
657 2762 822 2805 στάθμιον
839 2774 975 2795 erasum
997 2763 1099 2796 habet
1117 2764 1161 2797 A.
1392 2776 1422 2809 7.
1449 2765 1544 2799 Haec
1562 2765 1654 2809 καὶμ
1632 2765 1860 2810 μέτρον-σοι

281 2816 377 2837 ame
373 2815 501 2839 serunt
519 2819 560 2840 ex
578 2809 621 2841 A.
932 2810 1047 2843 ἄδικον
1065 2812 1108 2844 A.
1127 2810 1222 2844 ι’ίδικα
1244 2811 1283 2844 Β.
1304 2787 1404 2845 Edd.!
1611 2823 1663 2846 11.
1690 2813 1798 2847 οὐδεὶς
1814 2813 1858 2846 A.

282 2851 377 2884 οὐδέν
397 2852 437 2886 B.
458 2852 550 2887 Edd.
791 2866 842 2899 13.
854 2820 996 2895 Ικατιιζὶὶό
989 2858 1158 2900 σκόμενυι
1178 2857 1268 2891 Edd.
1504 2858 1555 2893 16.
1581 2859 1617 2892 δε
1635 2864 1859 2904 assumptum

281 2908 322 2929 ex
341 2898 383 2931 A.
592 2901 643 2934 18.
670 2901 782 2936 πάσας
799 2914 868 2936 om.
887 2904 930 2936 A.
1126 2915 1176 2949 19.
1203 2907 1263 2937 τοῦ
1280 2916 1350 2939 om.
1368 2905 1410 2939 A.
1617 2917 1672 2948 24.
1698 2905 1858 2950 ἀπηριὶφ-

281 2943 381 2985 θορον
399 2945 441 2977 A.
451 2945 489 2979 Β.
507 2946 743 2990 ιῖταριὶθραυον
763 2948 864 2983 Pont.
883 2949 1166 2995 ἀπιιριὶθραυστον
1183 2952 1277 2985 Aul)
1546 2962 1600 2996 25-
1626 2953 1720 2988 ἐστιν
1736 2952 1859 2996 ἀληθὲς

281 2988 345 3032 ὅτι]
368 2990 398 3024 εἴ
413 3006 507 3026 εστιν
524 2994 649 3037 (ιληθης
670 2994 760 3029 Edd.

281 629 309 650 ‘⁶
334 622 567 685 στάθμιον
597 628 671 676 καὶ
707 626 941 691 στάθμιον
972 628 1093 693 μέγα
1125 631 1199 679 καὶ
1231 629 1411 696 μικρόν·
1455 630 1536 679 οὐκ
1568 628 1700 679 ἔσται
1731 630 1778 679 ἐν
1802 626 1859 696 τῇ
1879 642 1900 680 5

1883 1058 1930 1083 ΙΟ

1881 1882 1930 1906 20
