2021 3434
325 207 408 247 676
726 208 774 248 B.
819 207 1091 248 CYRILLI
1134 208 1510 250 ALEXANDR.
1796 220 1836 246 v.
1860 217 1898 246 2.

325 326 352 348 “
383 317 553 384 Κύριος
591 319 776 383 Ἰησοῦς
813 319 1026 386 Χριστὸς
1064 325 1126 375 εἰς
1164 320 1309 389 δόξαν
1332 324 1457 372 Θεοῦ
1486 318 1689 385 Πατρὸς,
1727 316 1899 382 ἀμήν.”

325 398 362 451 ὦ
387 402 541 452 τοίνυν
568 401 776 471 Βηθλεέμ,
803 406 966 471 φησὶν,
996 402 1111 458 οἶκος
1147 405 1217 454 τοῦ
1239 403 1458 472 Ἐφραθᾶ,
1487 405 1524 452 εἰ
1558 403 1633 452 καὶ
1667 400 1900 467 ὂλιγσστὶς

327 480 367 533 εἶ
386 485 458 533 τοῦ
485 482 589 534 εἶναι
616 485 653 536 ἐν
678 485 882 547 χιλιάσιν
908 481 1066 543 Ἰούδα,
1096 484 1324 543 τουτέστι,
1353 485 1508 550 μυρίαι
1534 483 1617 547 μὲν
1643 482 1753 533 ὅσαι
1779 490 1903 546 λαμ-

323 566 438 628 πραὶ
476 567 551 616 καὶ
590 565 793 631 μεγάλαι
833 570 915 631 τῆς
948 567 1176 621 Ἰουδαίας
1213 571 1257 618 αἱ
1295 567 1470 628 πόλεις,
1509 568 1583 616 καὶ
1620 564 1901 634 πολυάνδρῳ

323 646 505 710 πληθύϊ
537 652 630 698 τῶν
668 648 966 700 ἐνοικούντων
1004 649 1391 713 καταμεθύουσαι,
1423 649 1531 698 ἀλλ’
1560 651 1596 698 εὶ
1634 649 1710 698 καὶ
1747 647 1899 713 ὀλίγοι
1919 664 1942 703 5

323 734 567 783 παντελῶς
618 733 660 780 οἱ
710 753 767 781 σε
818 737 1133 785 κατοικοῦντες
1178 733 1253 782 καὶ
1301 731 1556 794 νεμόμενοι,
1606 727 1670 780 σὺ
1720 730 1900 798 γενήσῃ

102 821 187 855 436
205 819 253 854 A
287 831 308 854 a
324 810 513 878 τροφὸς,
535 813 610 862 καὶ
633 812 855 881 κληθήσῃ
874 813 1014 867 πόλις
1038 837 1121 864 του
1100 812 1516 874 βασιλεύοντος’
1494 814 1568 864 επὶ
1585 811 1666 863 τὸν
1684 811 1900 879 Ἰσραὴλ,

102 870 133 944 Ξ.
149 871 248 945 {san
324 891 422 945 ὅς’
400 915 501 943 εστι
526 893 701 958 ποιμὴν
727 894 905 960 ἀγαθὸς
931 898 993 949 ὡς
1023 918 1096 946 και
1128 895 1271 959 αυτὴν
1297 899 1441 946 θεῖναι
1471 893 1556 958 τὴν
1585 892 1747 962 ψυχὴν
1786 892 1901 961 ὑπὲρ

323 978 417 1024 τῶν
446 975 714 1040 προβάτων,
754 977 973 1046 κατάρξει
1012 978 1058 1029 δέ
1093 977 1269 1031 παντὸς
1304 982 1386 1028 τοῦ
1419 976 1632 1042 Ἰσραήλ.
1694 978 1767 1027 καὶ
1802 977 1901 1027 οὔτι

323 1078 415 1107 που
439 1057 626 1111 πάντως
653 1063 747 1109 τῶν
774 1059 830 1128 εξ
852 1061 1045 1121 αἵματος
1070 1059 1282 1126 Ἰσραὴλ,
1303 1058 1434 1110 ἀλλα
1459 1082 1533 1109 και
1559 1063 1653 1109 τῶν
1677 1058 1778 1127 ἐξ’
1755 1081 1901 1124 επαγ-
1922 1082 1970 1108 10

324 1138 486 1202 γελίας
523 1143 982 1207 προεπηγγελμενων
1019 1146 1085 1212 τῷ
1119 1141 1354 1208 Αβρααμ·
1395 1142 1486 1209 ἐφη
1524 1141 1616 1207 γάρ
1653 1164 1747 1192 που
1782 1140 1902 1208 πρὸς

102 1233 261 1264 Gen-xxi
324 1244 465 1272 αυτον
491 1223 515 1272 ὃ
543 1221 663 1276 Θεός
690 1226 739 1252 ‘⁶
738 1223 891 1275 '’Orc
869 1248 917 1275 εν
942 1224 1108 1275 Ἰσαακ
1137 1223 1429 1289 κληθήσεταί
1453 1247 1532 1275 σοι
1557 1223 1779 1289 σπέρμαῙ
1846 1223 1900 1274 τὸ

105 1286 153 1308 η’
324 1302 372 1353 δε
401 1304 486 1354 Ἐν
511 1303 691 1367 Ἰσαακ,
718 1306 774 1375 ἐξ
809 1307 1093 1373 ἐπαγγελίας
1131 1308 1266 1376 φησί
1323 1307 1496 1369 βεΘαία
1532 1305 1686 1357 τοίνυν
1717 1306 1744 1370 ἡ
1779 1304 1894 1356 ὑπό-

102 1396 194 1467 {³3³1-
207 1395 251 1426 iv.
323 1407 491 1452 σχεσις
523 1388 625 1455 οὐχὶ
654 1388 798 1450 μόνον
823 1394 919 1442 τοῖς
949 1389 1006 1458 ἐξ
1032 1390 1225 1452 αἵματος
1249 1388 1467 1455 Ἰσραὴλ,
1498 1387 1671 1438 66οἱλλιῗι
1700 1390 1773 1439 καὶ
1804 1392 1899 1441 τοῖς
2001 1458 2003 1463 Δ

129 1463 154 1469 -.
324 1474 350 1496 “
376 1474 627 1535 στοιχοῦσι
660 1475 754 1523 τοῖς
784 1470 937 1538 ’ίχνεσι
967 1475 1049 1535 τῆς
1082 1474 1129 1522 ἐν
1155 1472 1446 1540 ἀκροβυστίᾳ
1471 1471 1674 1524 πίστεως
1699 1477 1782 1522 τοῦ
1808 1494 1896 1522 πα-
1920 1489 1967 1528 15
2000 1531 2001 1534 Ἴ

102 1557 150 1588 lb.
167 1557 212 1589 ix.
228 1559 257 1589 8·
322 1556 349 1577 “
375 1549 483 1616 τρὸς
508 1551 640 1614 ἡμῶν
665 1552 935 1618 “Αβραοὶμ·”
976 1554 1103 1604 οὗτοι
1128 1553 1221 1620 γὰρ
1247 1556 1271 1605 ὁ
1298 1552 1513 1620 Ἰσραὴλ,
1540 1553 1610 1604 ὅτι
1635 1552 1738 1604 ((τᾶ
1762 1553 1899 1604 τέκνα

323 1639 350 1660 “
375 1635 457 1696 τῆς
495 1634 777 1700 ἐπαγγελίας
817 1635 1049 1702 λογίζεται
1088 1640 1147 1689 εἷς
1183 1637 1415 1702 σπε’ρμα.”
1481 1635 1641 1699 ὅμοιον
1667 1636 1748 1686 οὖν
1774 1639 1835 1690 ὡς
1861 1640 1899 1688 εἱ

276 1711 302 1751 b
322 1714 455 1780 λε’γοι
483 1717 721 1786 Κατάρξει
747 1717 923 1772 παντὸς
948 1724 1031 1769 τοῦ
1059 1717 1364 1773 πιστεύοντος
1390 1721 1452 1772 εἷς
1477 1716 1617 1769 αὐτὸν
1643 1720 1718 1769 καὶ
1741 1741 1896 1784 προσ-

321 1803 595 1851 οικειοῦντος
634 1799 797 1850 ἑαυτὸν
823 1802 922 1863 ἐμοὶ
961 1801 1016 1851 δι’
1046 1802 1200 1853 αὐτοῦ.
1265 1801 1678 1868 προσενηνέγμεθα
1713 1800 1805 1867 γὰρ
1832 1805 1898 1872 τῷ

100 1929 206 1961 mv.6.

463 1881 477 1898 x
549 1880 559 1895 ²
629 1885 637 1895 ν
675 1887 693 1896 Α
791 1884 804 1900 x
1030 1882 1041 1898 Ι
1193 1882 1204 1899 Ι
1371 1885 1380 1898 ’
1427 1883 1438 1897 Ι
1591 1885 1601 1898 ’
1657 1885 1670 1900 N
1726 1884 1748 1901 'l

100 1885 246 1935 33502111·
323 1882 479 1946 Πατρι
505 1883 548 1931 δι
579 1885 711 1944 Υιου,
732 1906 807 1932 και
831 1906 1121 1949 μαρτυρήσει
1147 1890 1302 1949 λεγων
1328 1906 1464 1937 αυτος
1484 1891 1510 1913 “
1531 1887 1697 1937 Ουδεις
1718 1906 1898 1951 ερχεται
1917 1905 1966 1931 20
1996 1933 1999 1936 ,

322 1961 492 2028 “πρὸς
533 1961 615 2014 τὸν
654 1964 846 2030 Πατερα
884 1968 920 2016 εἰ
959 1965 1023 2030 μὴ
1058 1966 1112 2016 δι
1154 1967 1296 2029 ἐμοῦ.3
1373 1967 1614 2033 ἀνεδείχθη
1654 1966 1808 2016 τοίνυν
1849 1968 1898 2017 ἐκ

99 2040 195 2072 Cant.
214 2041 256 2072 vi.

104 2094 130 2122 1,
147 2093 174 2115 2.

324 2043 571 2113 Βηθλεέμ
552 2069 577 2096 ο
613 2045 826 2111 Χριστὸς
862 2049 886 2098 ὁ
921 2047 1094 2112 ποιμὴν
1133 2049 1157 2098 ὁ
1196 2047 1394 2102 καλος(
1397 2049 1460 2099 ‘6
1495 2051 1543 2098 ἐν
1581 2047 1745 2113 κήποις
1779 2049 1899 2113 ἡμᾶς

321 2128 689 2189 “καταβόσκων
721 2153 797 2180 και
835 2129 1052 2196 κρίνοις,”
1097 2134 1171 2181 καὶ
1202 2130 1287 2195 τὴν
1317 2135 1411 2182 τῶν
1437 2132 1753 2196 εὐαγγελικῶν
1787 2135 1899 2183 θεσ-

319 2210 572 2272 πισμάτων
623 2212 847 2276 εὐοσμίαν
890 2215 1170 2278 παρατιθεις,
1219 2216 1292 2264 καὶ
1337 2213 1434 2264 οἶον
1478 2214 1596 2277 ἄνθη
1639 2213 1899 2280 προσάγων

319 2288 470 2356 ὥριμα
502 2292 561 2342 τὰ
593 2293 700 2345 καθ’
729 2295 908 2354 ἑαυτὸν,
937 2301 1033 2349 τοῖς
1068 2295 1316 2347 ἐθέλουσιν
1340 2299 1690 2362 ἀποδρέπεσθαι
1715 2299 1791 2348 καὶ
1815 2299 1897 2361 τῆς
1916 2311 1963 2352 25
1993 2294 1997 2346 ἕ

366 2475 397 2498 2.
423 2467 484 2499 τοῦ
516 2473 738 2511 assumptum
756 2479 798 2502 ex
816 2468 859 2502 A.
867 2468 907 2502 B.
957 2469 1010 2502 καὶ
1028 2481 1097 2503 om.
1117 2470 1159 2503 A.
1323 2482 1356 2513 4.
1382 2470 1450 2504 εἶσι
1467 2481 1530 2514 pro
1547 2471 1581 2504 αἱ
1597 2471 1641 2504 A.
1689 2470 1897 2516 πολυανδρίᾳ

318 2511 411 2546 Edd.
609 2514 642 2547 6.
669 2514 809 2557 συνὴσει
829 2516 909 2559 (sic)
929 2528 991 2560 pro
1009 2516 1054 2550 σὺ
1070 2516 1196 2562 γειήσῃ
1215 2518 1259 2551 Α.
1458 2516 1786 2562 ’7.βασιλεύσαντος
1805 2517 1896 2553 Edd.

317 2558 435 2591 invitis
454 2559 496 2592 A.
502 2559 544 2593 B.
596 2560 756 2594 Statim'
740 2563 794 2595 επὶ
811 2574 881 2597 om.
900 2563 944 2596 A.
1120 2564 1152 2597 8.
1183 2563 1278 2597 Haec
1296 2563 1332 2599 ὅς
1349 2578 1464 2598 εστι-
1458 2526 1627 2608 7κατ-άρξει
1645 2564 1681 2598 δὲ
1697 2566 1821 2600 παντὸς
1837 2567 1898 2599 τοῦ

316 2603 458 2649 Ἰσραήλ
476 2617 696 2642 accesserunt
713 2620 755 2641 ex
773 2609 815 2642 A.
834 2616 867 2642 et
884 2621 995 2655 usque
1013 2609 1057 2644 ad
1075 2611 1231 2654 κατάρξει
1243 2611 1279 2644 δὲ
1297 2623 1337 2644 ex
1353 2611 1396 2644 B.
1447 2610 1545 2648 Quae
1564 2617 1771 2656 sequuntur,
1785 2623 1897 2657 usque

318 2652 361 2685 ad
379 2652 467 2686 ἀλλὰ
486 2668 538 2686 και
557 2657 621 2687 τῶν
639 2655 677 2699 ἐξ
694 2655 770 2699 (10.
775 2654 791 2699 )
811 2655 962 2690 desunt
955 2669 989 2690 ln
1010 2657 1051 2690 B.
1277 2669 1329 2691 10.
1356 2658 1394 2700 ἐξ
1412 2657 1615 2702 ἐπαγγελίας
1631 2658 1675 2691 Α.
1693 2658 1898 2703 ἐπαγγελίας

318 2697 516 2742 (nonnujlis
542 2701 700 2746 omissis)
722 2701 762 2735 B.
789 2703 823 2736 ἐν
849 2703 1065 2748 ἐπαγγελίαις
1088 2703 1180 2738 Edd.
1231 2703 1358 2738 Statim
1383 2703 1708 2749 προεπηγγελμενων
1731 2716 1773 2738 ex
1797 2704 1898 2740 editis

316 2746 455 2780 retinui.
473 2748 803 2793 προαπηγγελμένων
820 2750 864 2783 Α.
882 2751 1201 2796 προεπηγγελμένης
1220 2751 1262 2785 Β.
1450 2762 1502 2785 12.
1531 2750 1661 2822 Haecu‘
1644 2766 1662 2785 ο
1681 2753 1766 2787 Θεός
1782 2763 1897 2786 acces-

317 2822 437 2848 serunt
454 2827 495 2849 ex
513 2816 554 2850 A.
562 2816 603 2851 B.
738 2830 790 2861 14.
809 2819 848 2853 οὐ
859 2821 973 2863 μόνοις
991 2832 1053 2864 pro
1071 2821 1147 2866 οὐχὶ
1163 2823 1265 2865 μόνον
1279 2822 1321 2855 A.
1372 2822 1570 2868 στοιχοῦσι]
1589 2823 1744 2866 τοιχοῦσι
1759 2823 1896 2866 (sic)A.

320 2861 372 2894 16.
399 2863 416 2895 ὁ
435 2874 504 2896 om.
524 2864 567 2897 A.
729 2875 782 2910 17.
809 2867 853 2901 ὡς
871 2879 932 2910 pro
949 2867 995 2902 εἷς
1014 2867 1106 2901 Edd.
1274 2869 1327 2902 18.
1354 2870 1510 2913 κατάρξει
1529 2869 1571 2904 Β.
1590 2870 1723 2913 κατάξει
1743 2869 1831 2916 (sic)
1848 2871 1892 2907 A.

315 2909 475 2962 κατάρξαι
495 2909 584 2944 Edd.
733 2923 783 2957 19.
803 2913 920 2947 ἑαυτὸν
938 2925 1007 2947 om.
1027 2915 1070 2948 A.
1218 2925 1272 2949 20.
1298 2916 1398 2951 αὐτός
1414 2928 1484 2949 om.
1503 2917 1547 2951 A.
1691 2928 1745 2952 22.
1770 2918 1895 2962 ποιμὴν

314 2952 438 2997 ἀγαθὸς
456 2967 518 2999 pro
536 2958 553 2990 ὁ
570 2959 692 3001 ποιμὴν
709 2960 726 2991 ὁ
745 2961 847 2995 καλὸς
865 2961 908 2994 A.
1026 2971 1080 3003 25.
1107 2961 1376 3008 ἀποδρεπεσθαι]
1396 2962 1654 3009 ἀποτρέψεσθαι
1670 2965 1713 2999 A.
1765 2964 1892 3001 Statim

316 2998 398 3033 haec
417 3002 468 3034 καὶ
486 3004 715 3048 τῆς-νοητῶς
733 3013 953 3041 accesserunt
971 3019 1012 3041 ex
1032 3008 1074 3041 A.
