2021 3434
158 228 225 269 vii.
248 241 312 279 10,
334 243 396 269 11.
528 229 600 269 IN
642 228 1023 270 MICHAEAM.
1084 228 1234 269 TOM.
1268 228 1354 268 III.
1643 230 1722 269 725

158 336 306 386 καίτοι
344 336 542 402 λέγουσα,
578 359 691 389 ποτε
719 339 810 388 Ποῧ
837 336 984 404 Κύριος
1020 343 1038 388 o‘
1067 338 1178 391 Θεός
1213 361 1320 395 σους
1365 331 1605 404 ἐπόψομαι
1637 334 1729 401 γὰρ

160 417 286 478 αὐτὴν
312 421 369 474 ὡς
400 419 538 480 πηλὶν
566 425 602 471 ἐν
635 416 744 474 ὁδοῖς
770 419 858 470 ὑπὸ
884 417 1031 472 πόδας
1069 420 1249 486 ἐχθρῶν
1275 418 1548 485 ε’ῤῥιμμε’νην
1574 439 1624 467 τε
1655 418 1730 467 καὶ

158 500 502 565 πεπατημένην.
573 499 670 551 εἶτα
713 500 829 566 πρὸς
880 499 1023 563 αὐτὴν
1073 501 1097 550 ὁ
1141 499 1285 566 λόγος
1333 498 1418 562 τὴν
1464 497 1732 558 Βαβυλῶνά

160 590 310 650 φησιν
334 580 610 652 Ἐξοίλειψίς
641 606 717 633 σου
744 585 765 642 ἦ
792 580 926 651 ἡμέρα
952 582 1098 641 ἐκείνη,
1126 583 1227 632 ἀντὶ
1254 587 1336 632 τοῦ
1355 581 1417 631 ‘O
1445 578 1601 645 καιρὸς
1628 580 1730 630 καθ’

121 663 214 717 5ὃν
255 662 312 715 ἂν
348 665 513 729 γένοιο,
554 666 716 732 φησὶν,
755 662 844 714 ὑπὸ
887 661 1034 716 πόδας
1072 665 1267 730 ἐχθρῶν,
1314 661 1472 727 Κύρου
1514 659 1776 725 δηλονότιᾶ

160 746 517 808 συμπατοῦντός
568 768 617 796 τε
668 747 744 795 καὶ
786 746 1156 805 καταθλίβοντος
1203 747 1251 795 ἐν
1294 744 1385 795 ’ίσω
1435 748 1600 804 πηλοῖς
1646 741 1732 807 τὴν

160 827 366 894 ἀλαζόνα
395 850 445 878 τε
480 830 554 878 καὶ
584 827 874 894 ὑβρίστριαν.

227 908 389 960 (ΙΟσον
428 908 513 973 μὲν
554 910 635 960 οὖν
678 909 786 974 ἧκεν
829 908 890 961 ε’ίς
932 931 986 973 γε
1030 907 1084 959 τὸ
1123 910 1291 976 χρῆναι
1330 911 1448 958 νοεῖν
1484 906 1542 957 τὰ
1580 905 1733 956 τοιοίδε

160 990 308 1042 πάλιν
349 995 608 1058 ἱστορικῶς,
647 990 960 1057 ἀποχρώντως
1002 991 1109 1053 ἡμῖν
1152 990 1201 1040 εὖ
1244 987 1374 1052 μάλα
1416 990 1490 1038 καὶ
1528 989 1577 1038 εὖ
1615 987 1734 1054 ἔχων

97 1096 142 1121 ῐο
161 1074 455 1137 ἐκπεποίηται
485 1072 642 1138 λόγος.
705 1071 986 1141 ἐφαρμόσειε
1021 1073 1058 1120 δ’
1093 1070 1151 1121 ἂν
1185 1070 1314 1120 οὐδὲν
1339 1067 1478 1134 ἧττόν
1511 1091 1580 1122 τις
1617 1067 1735 1118 αὐτὰ

162 1157 237 1206 καὶ
275 1159 332 1223 τῇ
369 1160 509 1223 νοητῇ
546 1154 683 1213 Σιὼν,
717 1153 930 1205 τουτέστι
955 1157 1014 1220 τῇ
1040 1152 1305 1219 Ἐκκλησία
1331 1150 1734 1217 κατευμεγεθούσῃ

161 1241 256 1287 τῶν
282 1239 462 1305 ἐχθρῶν
488 1239 561 1287 καὶ
594 1234 812 1303 πατούσῃ
845 1233 952 1289 τοὺς
985 1234 1234 1286 διώκοντας
1272 1235 1347 1283 καὶ
1382 1237 1475 1283 τῶν
1510 1236 1734 1295 πολεμεῖν

163 1319 391 1370 εἰωθότων
428 1318 570 1383 αὐτὴν
605 1316 1018 1385 κατακερτομούσῃ
1056 1315 1109 1367 τὸ
1148 1313 1352 1380 ἀδρανὲς,
1379 1313 1465 1365 κᾶν
1495 1317 1531 1364 εἰ
1564 1315 1772 1365 δοκεῖενε

162 1399 265 1451 ἔσθ’
303 1401 376 1451 ὅτε
418 1400 738 1466 περιγίνεσθαι
782 1402 856 1450 καὶ
899 1403 1093 1464 κρατεῖν.
1157 1399 1331 1448 πολλοὶ
1371 1395 1456 1461 μὲν
1492 1394 1585 1461 γὰρ
1625 1396 1734 1445 λίαν

97 1502 144 1540 15
164 1486 205 1533 οἱ
244 1485 319 1533 καὶ
357 1481 549 1536 ὀδόντας
587 1484 702 1550 αὐτῇ
741 1485 989 1540 δυσσεβῶς
1023 1480 1324 1546 ἐπιτρίζοντες
1359 1480 1434 1528 καὶ
1465 1476 1608 1544 ὀργὰς
1639 1478 1737 1528 ἐπι-

163 1563 387 1630 θήγοντες
426 1567 500 1615 καὶ
536 1569 631 1616 πᾶν
669 1561 785 1618 εἶδος
823 1561 1129 1616 συνιστάντες
1167 1563 1436 1623 ἐπιβουλῆς·
1483 1564 1619 1610 τοῦτο
1652 1557 1737 1621 μὲν

163 1646 413 1710 Ἑλλήνων
447 1648 605 1700 παῖδες
639 1651 734 1700 τοῖς
772 1650 915 1715 σφῶν
949 1645 1101 1695 αὐτῶν
1131 1641 1371 1695 ἀσυνέτοις
1401 1640 1658 1707 εὑρήμασιν
1684 1640 1737 1690 οὐ

165 1729 360 1795 μετρίως
385 1728 780 1795 ἐπαγωνιζόμενοι,
808 1729 882 1778 καὶ
920 1730 1002 1790 τῆς
1035 1730 1129 1776 τῶν
1161 1724 1364 1775 εἰδώλων
1390 1721 1569 1787 ἀπάτης
1595 1723 1733 1787 ὑπερ-

166 1814 417 1864 αθλοῦντες
448 1815 651 1876 γενικῶς·
691 1816 827 1861 τοῦτο
855 1807 902 1860 δὲ
927 1811 1001 1859 καὶ
1027 1812 1069 1858 οἰ
1094 1805 1210 1858 κατὰ
1235 1810 1329 1856 τῶν
1355 1804 1500 1870 ἁγίων
1525 1803 1740 1867 μάλιστα

98 1918 148 1942 20
167 1899 402 1964 φονῶντες
446 1896 672 1962 αἱρετικοὶ,
711 1897 786 1946 καὶ
827 1892 1141 1960 ἀπηνέστερόν
1184 1914 1275 1943 που
1317 1891 1440 1958 τάχα
1484 1889 1604 1940 κατὰ
1645 1893 1777 1940 τῶνα
1804 1904 1954 1939 464Α.

167 1976 286 2044 ὀρθοὶ
327 1982 515 2046 φρονεῖν
555 1977 796 2046 ᾑρημένων
836 1976 1164 2042 ἀγριαίνοντες,
1203 1971 1232 2037 ἢ
1275 1974 1434 2023 ἐκεῖνοι
1470 1975 1660 2034 μᾶλλον
1699 1975 1741 2022 οἱ

167 2062 244 2110 καὶ
281 2058 366 2123 τὴν
399 2061 562 2112 πίστιν
591 2061 643 2110 οὐ
676 2059 1040 2126 προσηκάμενοι.
1105 2053 1493 2121 διαγυμνάζοντος
1516 2052 1609 2120 γὰρ
1633 2052 1739 2105 ἔσθ’

169 2141 245 2193 ὅτε
281 2141 387 2195 τοὺς
421 2142 579 2208 ἁγίους
617 2147 699 2193 τοῦ
736 2139 890 2192 πάντα
928 2139 1172 2206 ἰσχύοντος
1199 2140 1338 2199 Θεοῦ,
1364 2137 1439 2186 καὶ
1463 2140 1742 2202 πειρασμοῖς

167 2225 460 2291 περιπίπτειν
502 2226 681 2286 ἐῶντος,
720 2226 795 2274 καὶ
833 2221 994 2288 οἷάπερ
1036 2222 1084 2270 ἐν
1123 2220 1235 2285 πυρὶ
1274 2216 1598 2284 δοκιμάζοντας
1634 2215 1741 2271 τοὺς

102 2336 150 2375 25
169 2309 391 2373 γνησίους
426 2304 771 2373 προσκυνητάς,
799 2302 950 2373 ὀφρὺν
988 2305 1029 2353 οἱ
1068 2302 1258 2352 δείλαιοι
1297 2299 1394 2350 κατ’
1429 2299 1581 2350 αὐτῶν
1614 2299 1742 2350 ἐπαί-

169 2413 309 2457 ρουσι
349 2389 434 2453 τὴν
474 2389 727 2456 ἀγερωχον,
771 2387 1017 2453 μονονουχὶ
1056 2382 1105 2435 δὲ
1147 2387 1404 2435 πονοῦντας
1441 2382 1651 2447 ὁρῶντες,
1688 2379 1743 2432 τό

220 2568 253 2591 2.
278 2571 315 2591 τε
331 2561 552 2600 assumptum
570 2566 611 2589 ex
628 2554 663 2589 b.
851 2562 884 2597 5.
905 2552 1016 2598 γένοιο
1034 2550 1114 2585 A.b.
1166 2549 1291 2584 Statim
1306 2549 1416 2594 φησὶν
1432 2559 1501 2583 om.
1519 2548 1564 2583 A.
1582 2548 1691 2582 invito
1708 2547 1744 2582 b.

173 2603 206 2638 6.
232 2618 268 2638 τε
285 2603 381 2637 deest
397 2603 433 2636 'ln
449 2603 485 2637 b.
532 2603 654 2646 πηλοῖς
670 2601 761 2636 Α.Β.
777 2601 898 2635 πολοῖς
915 2599 994 2642 (Sic)
1013 2598 1047 2632 b.
1066 2598 1163 2642 πηλῷ
1181 2596 1272 2630 Edd.
1588 2595 1620 2629 8.
1646 2593 1740 2640 ἧκεν]

173 2651 243 2694 ἥκει
260 2649 319 2683 ἰίᾶ.
508 2661 541 2693 9.
566 2649 789 2693 ἀποχρώντως
806 2646 939 2681 correxi
955 2657 997 2679 ex
1014 2645 1058 2678 A.
1075 2644 1234 2688 ἀποχρῶν
1252 2642 1311 2676 iid.
1491 2652 1544 2676 10.
1568 2641 1746 2684 πεποίηται

174 2709 238 2742 pro
256 2697 371 2730 ἐκπεπ.
390 2696 433 2729 Β.
482 2696 578 2730 οὐδέν
596 2695 693 2729 deest
710 2695 745 2728 in
763 2695 807 2728 A.
1086 2701 1139 2734 13.
1164 2690 1266 2733 αὐτὴν
1282 2689 1325 2723 Α.
1344 2689 1425 2732 αὐτῇ
1444 2687 1537 2722 Edd.
1587 2688 1746 2722 δοκοῦσιν

174 2755 238 2788 pro
255 2744 382 2777 δοκεῖεν
398 2743 442 2776 A.
684 2753 736 2784 14.
764 2740 978 2784 κατακρατεῖν
994 2749 1056 2783 pro
1074 2738 1127 2771 καὶ
1145 2750 1236 2780 κρατ.
1255 2736 1300 2769 Α.
1546 2734 1599 2768 16.
1625 2749 1745 2769 συνισ-

175 2791 290 2825 τάντες
306 2790 349 2823 Α.
370 2793 593 2824 συνιστῶντες
610 2788 700 2822 Edd.
862 2798 914 2831 19.
939 2787 1075 2830 γενικῶς
1092 2783 1183 2817 A.B.
1201 2782 1358 2828 γενναίως
1372 2780 1431 2815 iid.
1590 2791 1646 2815 20.
1671 2782 1745 2825 φω-

176 2841 295 2871 νῶντες
310 2836 369 2870 iid.
418 2835 647 2880 ἀπηνέστερόν
662 2836 706 2869 A.
724 2833 921 2879 ἀγριώτεροί
939 2832 980 2865 Β.
999 2831 1202 2875 ἇγριώτερόν
1220 2828 1312 2863 Edd.
1487 2838 1542 2861 21.
1567 2827 1748 2872 εἰρημένων

176 2884 257 2927 (sic)
268 2883 312 2917 A.
364 2882 488 2917 Statim
505 2883 729 2928 ἀγριαίνοντες
746 2886 966 2924 assumptum
984 2889 1025 2911 ex
1042 2877 1086 2910 Α.
1246 2886 1371 2917 22—24.
1400 2874 1748 2919 γὰρ-δοκιμάζοντος

177 2930 304 2964 desunt
320 2929 356 2963 in
373 2930 418 2964 A.
607 2940 661 2971 24.
688 2929 807 2962 ἐῶντος
825 2926 867 2960 Β.
886 2928 1066 2969 πειρῶντος
1083 2922 1175 2958 Edd.
1358 2929 1411 2966 25.
1438 2921 1598 2966 γνησίους
1617 2920 1749 2955 correxi

176 2989 218 3011 ex
236 2977 279 3010 A.
296 2976 442 3021 γνησίως
458 2975 517 3010 iid.
567 2976 744 3021 ἐπαίρουσι
761 2974 803 3008 Α.
823 2972 957 3018 αἴρουσι
976 2970 1066 3005 Edd.
1262 2967 1316 3003 26.
1342 2970 1445 3013 μόνον
1461 2968 1498 3002 δέ
1515 2967 1593 3013 οὐχὶ
1609 2967 1756 3015 inverso·

177 3022 298 3058 ordine
314 3024 358 3057 A.
408 3025 446 3056 τό
464 3034 533 3057 om.
553 3023 596 3056 A.
