2021 3434
271 142 359 182 310
664 144 709 183 Β.
755 141 1034 183 CYRILLI
1076 140 1458 181 ALEXANDR.
1647 140 1672 180 i.
1700 149 1765 190 17,
1792 138 1854 177 18.

269 259 297 282 “
322 254 405 303 οὐκ
439 253 585 315 οὔσης
621 252 790 304 θυσίας
825 250 929 301 οὐδὲ
960 249 1093 304 ὅντος
1119 250 1473 315 θυσιαστηρίου,
1501 250 1603 300 οὔτε
1635 248 1855 314 ἱερατείας

272 344 298 366 “
323 337 427 387 οὔτε
455 334 661 400 δήλων.”

344 418 438 467 Καὶ
466 415 572 468 καθ’
601 439 757 483 ετερον
788 416 836 467 δὲ
869 415 1046 482 τρόπον
1071 415 1336 484 ἐξῃρῆσθαί
1356 420 1510 483 φαμεν
1533 413 1591 483 ἐξ
1613 411 1857 482 ὀφθαλμων

224 499 423 549 ᾱαύτῶν
456 498 516 550 τά
552 522 602 549 τε
639 499 868 568 βρωματα
905 500 980 548 καὶ
1019 496 1104 561 τὴν
1144 497 1387 566 εὐφροσύνην
1423 500 1498 547 καὶ
1536 495 1697 567 χαράν.
1764 496 1856 564 ἐφη

46 594 206 667 {matth
267 580 353 644 μὲν
385 581 478 648 γὰρ
517 583 541 632 ὁ
581 581 752 647 Κυριος
784 581 913 644 ἡμῶν
947 579 1134 644 Ἰησοῦς
1173 580 1197 629 ὁ
1229 578 1512 646 Χριστὸς,“
1487 601 1558 629 οτι
1597 578 1749 628 “Οὐκ
1786 579 1854 628 ἐπ’
1877 596 1899 634 5

82 650 134 675 '⁴'
270 670 297 692 “
324 663 451 734 ἄρτῳ
493 662 621 732 μόνῳ
675 663 864 730 ζήσεται
914 661 1174 728 ἅνθρωπος,
1226 660 1337 712 ἀλλ’
1380 663 1454 712 ἐπὶ
1502 662 1641 712 παντὶ
1684 658 1856 727 ῥήματι

270 752 296 775 “
322 745 666 815 ἐκπορευομένῳ
707 744 782 795 διὰ
831 743 1070 807 στόματος
1123 743 1295 794 Θεοῦ.”
1363 749 1442 793 νοῦ
1495 742 1543 792 δὲ
1592 741 1663 793 ὅτι
1702 741 1856 810 τροφὴ

268 825 430 893 λόγος,
474 829 556 879 οὐκ
595 826 652 878 ἂν
690 826 945 878 ἐνδοιάσειέ
979 850 1060 878 τις.
1115 831 1253 876 τοῦτο
1292 827 1375 889 τῆς
1408 825 1646 875 Ἰουδαίων
1687 823 1854 893 ἐξῆρται

267 908 497 975 πληθύος·
553 908 781 975 γεγόνασι
833 908 927 975 γὰρ
972 910 1021 958 ἐν
1063 908 1209 976 ἐνδείᾳ
1254 910 1435 976 τροφῆς
1475 910 1558 970 τῆς
1607 928 1857 969 πνευματι-

268 995 366 1056 κῆς·
429 994 482 1043 οὐ
532 991 779 1056 νενοήκασι
821 990 880 1042 τὰ
933 990 1193 1043 Μωυσέως.
1257 992 1334 1040 καὶ
1383 988 1478 1055 γὰρ
1528 990 1553 1039 ὁ
1605 987 1858 1041 θεσπέσιος
1881 1012 1928 1037 10

48 1076 206 1161 ζξοξςῗῑῑ·
267 1074 443 1144 γράφει
487 1079 684 1127 Παῦλος
738 1073 931 1141 “''Axpc
982 1071 1190 1138 σήμερον
1239 1073 1313 1123 ἐπὶ
1356 1073 1414 1139 τῇ
1460 1070 1726 1136 ἀναγνώσει
1776 1072 1858 1133 τῆς

93 1146 98 1157 ¹
141 1154 151 1161 ι
270 1164 296 1186 “
322 1161 528 1210 παλαιᾶς
588 1155 821 1221 διαθήκης,
874 1155 1102 1218 κάλυμμα
1162 1155 1235 1205 ἐπὶ
1297 1153 1383 1218 τὴν
1454 1153 1649 1220 καρδίαν
1705 1153 1859 1203 αὐτῶν

270 1246 299 1269 “
325 1241 515 1290 κεῖται·”
575 1237 868 1302 μεμισήκασι
919 1236 969 1288 δὲ
1017 1236 1077 1288 τὰ
1129 1237 1204 1287 διὰ
1253 1239 1469 1302 Χριστοῦ
1530 1236 1854 1298 θεσπίσματα.

271 1321 557 1388 ὡλόθρευται
608 1320 665 1383 δὴ
717 1321 798 1371 οὖν
845 1325 982 1371 πᾶσα
1030 1320 1184 1372 αὐτοῖς
1233 1317 1518 1382 πνευματικὴ
1563 1316 1730 1386 τροφὴ,
1776 1317 1858 1367 οὐκ

233 1403 388 1468 θαύτὴ
422 1407 646 1455 παθοῦσα
676 1402 758 1453 τὸν
790 1401 1002 1469 ὄλεθρον,
1037 1400 1168 1451 ἀλλὰ
1201 1405 1296 1454 τοῖς
1337 1398 1628 1452 πεπονθόσιν
1667 1400 1750 1450 οὐκ
1794 1398 1858 1450 ε”τι
1882 1418 1928 1457 15

272 1486 597 1553 παρακειμένη,
639 1487 714 1536 καὶ
758 1484 876 1536 ὅσον
919 1485 1028 1549 ἧκεν
1071 1487 1133 1538 εἷς
1172 1485 1379 1545 ἐκείνους,
1426 1482 1529 1533 οὐδὲ
1579 1481 1860 1553 ὑπάρχουσα

271 1574 531 1622 παντελῶς.
590 1569 697 1619 ἀλλ’
736 1567 761 1619 ὅ
793 1591 846 1633 γε
882 1567 1052 1633 Κύριος
1087 1567 1218 1630 ἡμῶν
1246 1567 1432 1630 Ἰησοῦς
1467 1565 1491 1615 ὁ
1522 1562 1736 1630 Χριστὸς
1764 1568 1860 1616 τοῖς

273 1655 336 1705 εἷς
377 1649 519 1701 αὐτὸν
558 1650 837 1702 πιστεύουσι
881 1647 934 1700 τὸ
977 1651 1144 1716 χρῆναι
1188 1646 1388 1710 διανέμει
1432 1651 1629 1714 τρυφᾶν,
1668 1647 1744 1696 καὶ
1780 1647 1854 1696 ἐν·

53 1747 150 1777 Prov.
170 1756 201 1776 x.
273 1738 531 1785 σπαταλᾶν
566 1735 759 1797 ἀγαθοῖς
799 1736 894 1784 τοῖς
937 1731 1126 1782 ἄνωθεν.
1191 1730 1451 1796 γέγραπται
1492 1729 1585 1795 γὰρ
1626 1727 1697 1779 ὅτι
1737 1734 1765 1757 “
1784 1728 1860 1778 Οὐ

275 1823 303 1845 “
327 1815 659 1880 λιμοκτονήσει
713 1815 884 1882 Κύριος
935 1813 1099 1883 ψυχὴν
1149 1813 1338 1875 δικαίου,
1388 1810 1508 1878 ζωὴν
1559 1810 1607 1862 δὲ
1669 1812 1861 1870 ἀσεβῶν
1881 1832 1930 1857 20

276 1906 302 1928 cc
343 1900 354 1915 ³
494 1898 506 1915 Ι
603 1897 628 1912 ”

328 1901 597 1967 ανατρεψει.

210 2121 557 2179 ΙἸἘσκῖρτΗσαν
607 2121 812 2170 δαμάλεις
861 2120 930 2162 ἐπὶ
977 2117 1070 2161 ταῖς
1119 2121 1300 2175 φάτναις
1356 2118 1511 2170 αὐτῶν,
1562 2117 1859 2174 ἠφανίσθΗσαν

57 2209 134 2242 212
161 2208 213 2242 A·
236 2219 257 2242 a
343 2206 561 2263 ΘΗσαυροί,
597 2206 928 2260 κατεσκάφΗσαν
967 2203 1101 2255 λΗνοί,
1139 2205 1203 2245 ὅτι
1240 2203 1454 2260 ἐΕΗρανθΗ
1493 2199 1622 2244 οἶτος.
1679 2201 1718 2243 τί
1754 2202 1861 2243 ἀπο-

210 2261 253 2296 18
343 2291 528 2339 θύσομεν
568 2286 762 2341 ἐαυτοῖς;
811 2289 1023 2330 ἔκλαυσαν
1068 2288 1269 2338 βουκόλια
1314 2287 1438 2338 βοῶν,
1482 2287 1546 2328 ὅτι
1585 2286 1659 2342 οὐχ
1701 2287 1860 2343 ὑπῆρχε

344 2375 451 2422 vom-'1
487 2371 644 2424 αὐτοῖς,
679 2373 746 2413 καὶ
783 2373 834 2413 τὰ
872 2371 1046 2420 Ποίμνια
1084 2372 1170 2412 τῶν
1208 2372 1437 2427 Προβατων
1476 2368 1706 2426 ἠφανίσθη
1883 2371 1930 2410 25

328 2542 357 2565 1.
385 2531 496 2575 ἱερέως
514 2543 576 2590 piro
596 2531 756 2574 {epm-elas·
775 2529 866 2564 Edd.
1083 2543 1115 2572 4.
1142 2529 1194 2563 καὶ
1213 2530 1270 2563 alt.
1274 2527 1289 2574 ]
1307 2532 1344 2570 -1-
1357 2528 1417 2572 τὴν
1433 2527 1493 2562 iid.
1703 2536 1735 2569 5.
1765 2526 1862 2561 Haec

278 2576 369 2621 ἡμῶν
384 2577 518 2622 Ἰησοῦς
535 2579 552 2611 ὁ
570 2577 732 2622 Χριστὸς,
750 2577 801 2611 ὅτι
825 2582 1046 2612 accesserunt
1064 2589 1105 2610 ex
1127 2577 1168 2610 B.
1589 2573 1622 2608 6.
1648 2572 1758 2618 ἐπὶ]’
1741 2589 1776 2608 εν
1800 2573 1860 2608 iid.

280 2634 311 2668 7.
338 2624 389 2658 ὅτι
407 2633 628 2668 assumptum
645 2637 686 2658 ex
707 2625 748 2658 B.
1048 2625 1082 2658 8.
1106 2625 1224 2669 λόγος.
1243 2637 1301 2657 ουκ
1317 2620 1357 2656 ἂν
1375 2620 1402 2655 δ’
1421 2633 1485 2666 pro
1501 2622 1618 2666 λόγος,
1636 2621 1694 2654 οὐκ
1711 2619 1751 2654 ἂν
1769 2619 1861 2655 Edd.

279 2671 414 2715 ἐξῆρται
429 2670 596 2717 πληθύος]
617 2671 766 2715 πληθύος
783 2671 920 2715 ἐξῆρθαι
936 2670 1050 2716 λέγειν
1067 2670 1127 2704 lid.
1384 2681 1416 2714 9.
1442 2669 1501 2711 τῆς
1517 2674 1740 2711 assumptum
1757 2679 1799 2702 ex
1818 2666 1861 2701 B.

283 2727 336 2751 10.
363 2719 415 2751 καὶ
432 2719 497 2763 γὰρ
516 2721 533 2751 6
552 2719 582 2752 θ.
602 2719 730 2763 γράφει
747 2716 902 2763 Παῦλος]
922 2717 999 2751 ἀλλ’
1018 2717 1077 2753 iid.
1345 2726 1397 2749 ΙΙ.
1427 2715 1557 2749 Haec'
1541 2729 1595 2749 επι
1611 2716 1653 2758 τῇ
1671 2714 1786 2758 ἀναγν.
1805 2714 1863 2757 τῆς

278 2777 315 2796 π.
333 2764 490 2808 διαθήκης-
507 2771 728 2799 accesserunt
745 2777 785 2798 ex
809 2765 850 2798 B.
1227 2774 1280 2808 13.
1306 2761 1360 2808 δὲ]
1380 2763 1445 2807 γὰρ
1462 2761 1522 2795 iid.
1571 2764 1630 2795 τοῦ
1648 2773 1711 2805 pro
1729 2761 1784 2794 διὰ
1800 2760 1861 2794 iid.

284 2820 337 2851 14.
366 2811 461 2844 Haec
479 2812 517 2855 δὴ
535 2811 593 2846 οὖν
606 2818 828 2856 assumptum
842 2823 883 2845 ex
903 2811 945 2845 B.
994 2813 1089 2846 πᾶσα
1106 2811 1216 2845 αὐτοῖς
1229 2810 1295 2843 hoc
1310 2809 1431 2843 ordine
1446 2809 1488 2842 B.
1523 2807 1681 2843 Statim‘
1666 2823 1684 2851 η
1703 2807 1782 2841 add.
1802 2806 1861 2841 iid.

284 2865 337 2900 17.
359 2856 484 2890 Haec
470 2862 560 2901 ημῶν
576 2858 709 2902 Ἰησοῦς
726 2861 744 2891 6
761 2860 910 2902 Χριστὸς
927 2864 1146 2892 accesserunt
1163 2869 1202 2891 ex
1224 2854 1713 2898 Β.18.διανεμει
1730 2855 1864 2898 τρυφᾶν

280 2901 347 2935 hoc
364 2903 484 2937 ordine
504 2905 543 2937 B.
787 2916 841 2946 24.
868 2906 1033 2939 ἔκλαυσεν
1052 2905 1088 2939 F.
1108 2904 1184 2949 (22.
1203 2904 1245 2938 al.
1252 2903 1267 2947 )
1504 2912 1559 2947 25.
1585 2900 1756 2947 ἠφανίσθη
1777 2900 1817 2934 Β.
1824 2900 1860 2933 F.

283 2948 413 2991 (Alex.)
432 2948 670 2995 ἡφανισθησην
690 2951 895 2995 Ed(1.(Vat
916 2953 950 2995 κ)

2006 3383 2012 3400 d
