2021 3434
260 165 343 204 258
657 163 706 202 Β.
748 159 1023 201 CYRILLI
1060 158 1436 199 ALEXANDR.
1661 154 1731 196 xii.
1760 166 1822 204 14.

224 293 243 318 e
326 276 613 331 ἐκχυθήσεται,
664 274 732 315 καὶ
779 275 851 315 τὸν
901 273 1140 321 ὀνειδισμὸν
1190 273 1317 313 αὐτοῦ
1362 268 1660 312 ἀνταποὸὡσει
1709 268 1825 320 αὐτῷ

331 357 489 412 Κύριος,
527 354 632 396 κατὰ
670 355 743 396 τὸν
780 356 904 403 λόΓον
935 351 1140 412 Ἐφραίμ.

326 476 441 529 ’Ότι
469 476 635 544 πικρὸν
667 479 741 528 καὶ
775 475 1050 545 ἐπισφαλὲς,
1075 478 1149 527 καὶ
1180 474 1376 542 ὀλέθρου
1401 475 1646 542 παραίτιον
1669 473 1829 539 γε’γονε

263 564 356 613 τοῖς
381 559 437 628 ἐξ
456 558 671 626 Ἰσραὴλ,
696 558 749 610 τὸ
773 557 966 609 ἑλέσθαι
989 562 1177 622 μᾶλλον
1202 556 1292 609 ὑπὸ
1325 557 1410 622 τὴν
1435 555 1694 623 ἀνθρώπων
1719 551 1831 604 εἶναι

262 642 526 704 βασιλείαν,
552 641 600 692 ἐν
625 639 803 695 τούτοις
828 640 936 705 ἡμῖν
961 640 1010 691 εὖ
1041 640 1172 704 μάλα
1197 643 1408 706 πειρᾶται
1434 636 1668 689 δεικνύειν.
1734 634 1831 686 ἰδοὺ
1849 644 1872 683 5

262 722 369 789 γὰρ,
396 724 558 792 φησὶν,
584 723 610 773 ὃ
637 720 849 792 Ἐφραὶμ,
874 721 1115 774 τουτέστιν
1141 723 1166 773 ὁ
1199 724 1249 773 ἐκ
1280 723 1435 789 φυλῆς
1458 719 1670 788 Ἐφραὶμ
1694 719 1833 784 Ἱερο-

263 804 405 869 βοάμ,
433 804 510 869 ἐμὲ
540 803 621 856 τὸν
650 809 743 855 τῶν
778 804 904 856 ὅλων
931 803 1187 868 Δεσπότην
1211 802 1427 871 τεθύμωκε
1460 807 1537 854 καὶ
1569 800 1834 871 παρῶργισε,

221 892 248 932 d
266 888 340 937 καὶ
372 891 433 941 εἷς
462 891 556 938 πᾶν
590 885 708 941 εἶδος
744 885 937 938 ἐκάλεσε
963 886 1288 955 παροξυσμοῦ,
1315 883 1657 949 καινοτομήσας
1682 881 1831 946 δαμά-

266 976 376 1032 λεις,
415 971 490 1020 καὶ
529 968 582 1020 τὸ
625 968 735 1032 ε’μὸν
770 969 928 1022 αὐταῖς
966 969 1154 1036 αὔχημα
1190 968 1405 1034 περιθείς.
1471 966 1707 1033 τοιγάρτοι
1740 987 1831 1016 πα-

265 1052 438 1117 ραίτιος
494 1050 630 1104 αὐτὸς
686 1053 768 1115 τῆς
821 1051 984 1101 ἑαυτοῦ
1034 1050 1224 1116 γέγονεν
1271 1048 1519 1102 ἀπωλείας·
1593 1049 1661 1099 ἐπ’
1714 1046 1834 1098 αὐτὶν
1858 1071 1905 1096 10

266 1132 365 1201 ἥξει
403 1132 457 1183 τὸ
496 1132 616 1200 αἷμα
651 1134 796 1184 αὐτοῦ.
861 1130 1015 1197 ἐπειδὴ
1050 1130 1109 1195 δὲ,
1145 1131 1219 1182 ὅτε
1256 1130 1339 1185 τὰς
1377 1129 1599 1195 δαμάλεις
1633 1129 1837 1194 ε”στησεν

267 1218 328 1268 εἷς
380 1214 565 1279 Βαιθήλ
612 1236 662 1265 τε
706 1216 780 1265 καὶ
824 1212 944 1277 Δάν,
985 1212 1361 1282 προσπεφώνηκε
1399 1217 1492 1267 τοῖς
1543 1211 1601 1281 ἐξ
1636 1210 1838 1277 Ἰσραήλ

63 1304 167 1343 ›Reff-
267 1303 295 1325 “
321 1295 608 1347 Ἱκανούσθω
643 1297 748 1359 ὑμῖν
780 1301 862 1347 τοῦ
897 1297 1161 1357 ἀναβαίνειν
1198 1299 1261 1350 εἰς
1294 1293 1618 1361 Ἱεροσόλυμα·
1661 1291 1758 1344 ἰδοὺ
1795 1295 1837 1343 οἱ

268 1385 295 1408 “
322 1378 422 1428 θεοί
454 1400 557 1440 σου,
581 1376 797 1444 Ἰσραὴλ,
829 1378 991 1432 οἵτινες
1022 1376 1259 1444 ἀνήγαγόν
1281 1399 1340 1428 σε
1366 1378 1415 1428 ἐκ
1440 1379 1526 1443 γῆς
1552 1374 1835 1442 Αἰγύπτου·”

229 1482 250 1509 e
267 1459 484 1528 ταύτῃτοι
517 1458 699 1523 λοιπὸν,
726 1460 802 1510 καὶ
835 1458 967 1523 μάλα
1003 1458 1201 1523 εἰκότως,
1225 1459 1438 1511 ἀποτίσει
1468 1460 1619 1527 φησὶν
1649 1459 1748 1522 ἐμοὶ
1773 1461 1839 1527 τῷ
1860 1483 1907 1523 15

267 1541 466 1608 κρίνοντι
499 1543 569 1592 τοῧ
608 1539 841 1609 &vetata-suoi]
883 1541 966 1595 τὰς
1004 1542 1149 1596 δίκας.
1215 1543 1347 1607 ὕβρις
1379 1540 1472 1607 γὰρ
1514 1540 1840 1606 ἄντικρυς-καὶ

268 1620 501 1692 &vedav-subg
527 1623 910 1689 ὁμολογουμένως
935 1627 996 1678 εἰς
1023 1623 1160 1687 Θεὸν,
1184 1623 1238 1675 τὸ
1273 1625 1407 1677 ὕλαις
1430 1621 1634 1692 ἀψύχοις
1659 1622 1841 1672 ἀναθεῖ-

269 1728 342 1756 ναι
391 1710 573 1769 τολμᾶν
615 1704 675 1756 τὰ
712 1707 765 1757 δι’
809 1706 950 1756 αὐτοῦ
993 1704 1219 1772 γεγονότα
1262 1703 1459 1771 λαμπρὰ
1506 1706 1582 1755 καὶ
1623 1702 1842 1773 ἀξιοθαύ-

268 1810 432 1851 μαστα
464 1786 820 1854 κατορθώματα.
887 1788 1052 1838 οὐκοῦν
1089 1787 1207 1838 κατὰ
1244 1786 1327 1838 τὸν
1364 1787 1506 1838 αὑτοῦ
1531 1791 1614 1837 τοῦ
1639 1784 1841 1856 Ἐφραῗμ

270 1866 510 1937 ὄνειδισ-μὶν,
542 1868 797 1931 τουτέστιν,
839 1869 1094 1935 ἱσομέτρως
1127 1873 1227 1923 ταῖς
1265 1869 1405 1920 αὐτοῦ
1443 1869 1730 1937 δυσφημίαις
1766 1869 1842 1918 καὶ
1861 1889 1911 1917 20

270 1951 474 2004 ἀνοσίοις
523 1954 712 2020 φωναῖς,
756 1949 814 2001 τὰ
862 1951 918 2019 ἐξ
963 1951 1106 2017 ὀργῆς
1150 1948 1608 2017 ἀντεπενεχθήσεται.
1681 1947 1843 2017 ὥσπερ

270 2031 364 2098 γὰρ
402 2031 519 2083 ὅσον
556 2032 662 2097 ἧκεν
694 2036 756 2086 εἰς
790 2031 1041 2101 ἐγχείρημά
1077 2055 1126 2084 τε
1165 2033 1240 2083 καὶ
1277 2032 1467 2098 λόγους,
1495 2035 1576 2096 τῆς
1610 2033 1735 2102 αὐτῷ
1767 2034 1843 2083 καὶ

53 2132 130 2167 179
153 2131 202 2165 A.
233 2115 397 2186 ειμόνῳ
434 2115 707 2183 πρεπούσης
745 2115 887 2185 δόξης
923 2116 1112 2186 ἐξώσθη
1140 2115 1275 2171 &⁶69-
1318 2118 1437 2168 οὕτω
1475 2118 1551 2167 καὶ
1588 2114 1724 2170 αὐτὸς
1761 2118 1844 2180 τῆς

273 2199 387 2252 ἰδίας
420 2200 567 2266 ἀρχῆς
600 2198 941 2268 ἐξωσθήσεται.
1004 2198 1293 2251 πεπαύσεται
1327 2197 1422 2265 γὰρ
1452 2197 1570 2249 κατὰ
1601 2197 1785 2265 καιροὺς
1815 2198 1844 2262 ἡ

271 2282 494 2342 βασιλεία
528 2286 611 2332 τοῦ
636 2279 861 2349 Ἐφραίμ.
930 2282 990 2335 ὡς
1024 2280 1117 2348 γὰρ
1150 2281 1238 2346 ἤδη
1272 2285 1507 2348 προεῖπον,
1531 2280 1646 2345 μετὰ
1677 2279 1762 2345 τὴν
1793 2281 1843 2332 ἐκ
1862 2303 1911 2344 25
2015 2321 2017 2342 χ

273 2366 559 2424 Βαβυλῶνος
592 2362 817 2414 ἐπάνοδον
851 2363 996 2416 οὐδεὶς
1040 2362 1106 2414 ἔτι
1146 2364 1486 2424 βεβασίλευκεν
1524 2364 1572 2414 ἐν
1606 2363 1845 2433 Σαμαρείᾳ
2014 2391 2017 2439 5

272 2448 366 2494 τῶν
401 2444 510 2495 δέκα
544 2447 728 2513 φυλῶν,
770 2445 879 2495 ἀλλ’
908 2443 1034 2508 ἦσαν
1066 2446 1114 2495 ἐν
1145 2449 1239 2498 τοῖς
1265 2443 1613 2511 Ἱεροσολύμοις
1651 2446 1729 2515 ὑφ’
1764 2445 1845 2497 ἕνα
2015 2442 2018 2516 l

273 2525 456 2589 πάντες,
481 2524 563 2577 τὸν
587 2527 636 2577 ἐκ
664 2529 819 2595 φυλῆς
843 2525 998 2577 Ἰούδα
1027 2525 1146 2577 κατὰ
1171 2525 1370 2593 καιροὺς.
2014 2559 2017 2620 Ι

325 2686 354 2709 1.
380 2676 467 2722 αὐτῷ
486 2683 565 2721 post
583 2676 704 2721 Κύριος
720 2683 853 2723 transp.
871 2677 964 2712 Edd.
984 2677 1096 2721 (Vat.)
1235 2689 1267 2712 2.
1288 2677 1384 2712 Haec
1401 2678 1483 2712 κατὰ
1500 2678 1557 2712 τὸν
1573 2679 1678 2723 λόγον
1693 2676 1845 2724 Ἐφραΐμ

277 2720 402 2755 desunt
419 2723 453 2756 in
472 2723 562 2757 Edd.
844 2737 877 2767 4.
902 2723 977 2770 τὴν]
998 2729 1035 2765 -ξ-
1051 2728 1116 2758 τῶν
1135 2723 1224 2758 Edd.
1474 2724 1507 2759 6.
1531 2723 1699 2771 Ἐφραῒμ]
1719 2729 1756 2766 -1-
1773 2726 1791 2759 ὁ
1808 2725 1845 2760 b.

281 2778 333 2801 10.
351 2768 465 2814 αὐτὸν]
485 2776 521 2810 -1-
537 2770 603 2814 γὰρ
622 2770 664 2804 Β.
682 2771 799 2805 invitis
818 2771 864 2805 D.
879 2771 915 2805 b.
1048 2782 1100 2815 13.
1118 2773 1178 2805 τοῦ
1196 2771 1290 2805 B.D.
1302 2770 1336 2806 b.
1354 2771 1392 2805 τὸ
1411 2770 1501 2805 Edd.
1634 2783 1687 2814 14.
1703 2770 1844 2817 Ἰσραὴλ

276 2821 496 2858 assumptum
520 2828 561 2850 ex
588 2817 682 2852 D.b.
713 2817 808 2852 deest
834 2818 870 2851 in
900 2818 942 2852 B.
1019 2817 1145 2852 Statim
1173 2819 1204 2851 οἱ
1233 2818 1454 2863 ἀναγαγόντες
1483 2829 1546 2863 pro
1576 2816 1696 2853 οἵτινες
1723 2817 1844 2864 ἀνήγα-

276 2874 338 2904 γον
354 2860 388 2894 b.
408 2861 518 2905 (Vat.)
741 2873 794 2908 17.
818 2862 1024 2910 ὀνειδισμὸς]
1044 2864 1229 2908 ὀνειδισμοὶ
1248 2864 1338 2899 Edd.
1552 2876 1607 2911 19.
1632 2867 1691 2900 τοῦ
1708 2876 1777 2899 om.
1797 2865 1844 2898 D.

279 2917 334 2939 21.
359 2906 698 2953 ἀντεπενεχθὴσονται
716 2910 773 2944 iid.
792 2910 907 2945 invitis
926 2911 1019 2945 B.D.
1162 2922 1216 2945 22.
1235 2911 1304 2955 ἥκει
1321 2923 1384 2955 pro
1401 2910 1478 2955 ἧκεν
1493 2910 1551 2947 ild.
1696 2912 1750 2947 28.
1767 2909 1841 2956 τὸν]

278 2955 343 2987 τῶν
360 2959 392 2986 et
408 2955 687 2993 βασιλευσάντων
704 2963 782 3002 post
799 2958 931 3002 καιροὺς
949 2957 1028 2993 add.
1047 2957 1106 2993 iid.
1126 2957 1242 2993 invitis
1261 2957 1354 2994 B.D.
