2021 3434
303 178 389 215 444·
704 179 753 219 B.
797 178 1070 219 CYRILLI
1110 178 1489 218 ALEXANDR.
1705 178 1759 216 iv.
1784 175 1879 215 6-8.

263 307 281 345 7
370 299 661 354 ἐπεστρέψατε
688 299 794 356 Πρὸς
820 300 884 351 μὲ,
912 301 1022 348 λέΓει
1052 301 1214 358 Κύριος.
1274 301 1341 341 καὶ
1373 300 1458 348 ferd>
1490 300 1665 354 ἀνέσχον
1693 300 1736 342 ἐξ
1763 299 1879 346 ὑμῶν

370 381 442 422 τόν
469 381 590 423 ὑετὸν
617 383 699 439 Πρὸ
725 384 854 440 τριῶν
881 385 1028 432 μΗνὼν
1054 387 1127 426 τοῦ
1150 387 1363 440 τρυΓΗτοῡ·
1404 385 1473 425 καὶ
1498 385 1634 440 βρέὲω
1665 383 1733 424 ‘eni
1759 384 1881 424 Πόλιν

369 463 479 513 μίαν,
506 464 576 505 έΠί
614 465 660 507 δέ
697 467 819 508 Πόλιν
856 467 953 515 μίαν
991 468 1038 508 οὐ
1079 469 1225 524 βρέΕω·
1265 468 1383 524 μερὶς
1414 467 1486 515 μία
1521 468 1787 523 βραχήσετοιι,
1813 465 1882 506 καὶ

261 549 283 583 8
370 548 488 603 μερὶς
524 548 587 604 ἐφ’
621 549 670 590 ιῖἱν
704 550 751 590 οὐ
787 551 923 606 βρέὲω
960 550 1019 592 ἐπ’
1060 551 1205 601 αὐτήν,
1246 550 1567 607 ἓι-ιρανθήσεται.
1628 549 1695 590 καὶ
1733 557 1882 591 συναθ-

372 629 670 683 ροισθήσονται
704 630 778 671 δύο
822 632 889 671 καὶ
929 628 1042 688 τρεῖς
1081 632 1227 673 Πόλειε
1270 630 1330 673 εἰς
1365 632 1488 673 Πόλιν
1531 631 1628 680 μίαν
1665 633 1738 672 τοῦ
1772 627 1923 671 Πιεῖν5

370 710 484 768 ὕδωρ
524 712 591 752 κοιί
628 714 676 753 οὐ
710 715 766 762 μι-ἰ
803 714 1118 766 έμΠλΗοθώσιν,
1147 715 1213 756 καὶ
1248 715 1334 756 οὐδ’
1368 716 1423 757 ὣς
1449 715 1742 772 ἐπεστρέψατε
1777 714 1883 770 Πρὸς

369 796 433 846 μέ,
461 797 571 843 λέπει
600 796 759 853 Κύριος.

376 924 593 994 ξΥπαντξι.
625 925 770 976 πάλιν
815 930 1111 990 οἰκονομικῶς
1147 928 1171 977 ὁ
1210 925 1354 992 λόγος
1388 931 1483 980 τοῖς
1518 924 1704 977 εἰωθόσι
1744 931 1884 994 φιλο-

304 1009 486 1072 ψογεῖν,
536 1009 611 1057 καὶ
667 1011 749 1070 τῆς
804 1009 999 1073 ἐνούσης
1051 1013 1159 1079 Θεῷ
1212 1008 1534 1074 γαληνότητος
1583 1006 1885 1069 ἀβουλότατα

303 1093 651 1157 καταφλυαρεῖν
684 1092 733 1141 ἐκ
766 1094 952 1155 πολλῆς
986 1092 1108 1157 ἄγαν
1139 1092 1455 1160 ἀποπληξίας.
1524 1091 1630 1141 ἀνθ’
1658 1090 1766 1141 ὅτου
1792 1088 1884 1156 γὰρ

302 1168 372 1234 δή·
432 1176 568 1239 φαῖεν
616 1171 675 1223 ἂν
725 1173 840 1226 ’ἴσως
889 1173 1023 1227 τινές·
1075 1174 1304 1224 ἀτίθασον
1345 1176 1465 1225 οὕτω
1509 1175 1583 1224 καὶ
1629 1172 1884 1223 δύσοιστον

300 1255 467 1319 κομιδῇ
503 1258 598 1308 τοῖς
631 1254 688 1323 ἐξ
720 1254 922 1320 Ἰσραὴλ
960 1256 1165 1324 ἐπιφέρει
1205 1257 1351 1320 δίκην,
1394 1257 1540 1307 καίτοι
1579 1254 1696 1307 κατὰ
1735 1255 1885 1325 φύσιν

300 1333 525 1402 ὑπάρχων
553 1337 577 1386 ὁ
605 1336 723 1390 Θεὸς
760 1337 967 1402 ἀγαθός;
1013 1340 1317 1404 ἀπολογεῖται
1356 1337 1411 1403 δὴ
1450 1339 1530 1389 οὖν
1567 1337 1744 1404 τρόπον
1781 1336 1885 1388 τινὰ

301 1416 375 1468 διὰ
417 1417 594 1469 τούτων
637 1421 711 1470 καὶ
758 1419 997 1483 ἀποτόμου
1038 1419 1206 1472 λοιπὸν
1249 1422 1391 1487 ὀργῆς
1441 1422 1690 1489 ἀποφαίνει
1731 1424 1883 1484 δεδεη-

257 1500 480 1561 ᾶμένους·
522 1503 569 1552 ἐν
603 1502 756 1571 ταύτῷ
797 1501 846 1552 δὲ
887 1504 1134 1566 δείκνυσιν,
1174 1503 1244 1554 ὅτι
1278 1502 1475 1568 πλήττει
1511 1503 1596 1567 μὲν
1633 1505 1680 1553 ἐν
1719 1505 1882 1571 ἀρχαῖς

300 1583 590 1651 ἡμερώτερον
639 1585 746 1639 τοὺς
794 1585 1134 1653 ἡμαρτηκότας,
1185 1588 1238 1638 οὐ
1288 1587 1415 1640 δίκας
1468 1589 1622 1649 αἰτῶν,
1675 1585 1784 1637 ἀλλ’
1831 1588 1887 1655 ἐξ

300 1666 508 1735 ἐμφύτου
551 1669 907 1735 φιλανθρωπίας
950 1669 1247 1739 ἐπιστρέφων
1296 1673 1358 1723 εἷς
1408 1668 1584 1732 ἑαυτὸν,
1628 1671 1703 1719 καὶ
1749 1670 1884 1719 οἱονεὶ

80 1742 171 1773 Hier.
194 1744 233 1774 vi.
302 1755 328 1777 ‘⁶
353 1747 556 1816 μάστιγί
589 1773 639 1801 τε
674 1753 749 1801 καὶ
782 1750 943 1821 πόνῳ”
971 1754 1229 1815 μετατιθεὶς
1266 1753 1340 1803 ἐπὶ
1378 1750 1432 1803 τὸ
1471 1755 1586 1819 δρᾶν
1610 1752 1803 1802 ἑλέσθαι
1829 1751 1883 1802 τὸ

301 1829 501 1893 ὀίμεινον.
566 1833 819 1899 γεγονότας
862 1833 955 1900 γὰρ
997 1836 1045 1884 ἐν
1090 1832 1155 1888 οἷς
1199 1833 1332 1902 ἔφην,
1378 1837 1453 1885 καὶ
1502 1834 1652 1885 οὐκέτι
1698 1834 1884 1901 φορητὰ

301 1914 723 1978 δεδυσσεβηκότας,
766 1922 1060 1986 ’γομφιοισ-μῷ
1102 1939 1150 1967 τε
1196 1913 1363 1968 ὀδοντων
1407 1917 1626 1979 ἐπαίδευε,
1670 1919 1744 1967 καὶ
1790 1915 1884 1980 μὴν

300 2019 374 2046 και
406 1996 539 2067 ἄρτων
574 1994 727 2068 ενδειοι,
762 2020 973 2048 τουτεστι
1006 2003 1142 2068 λιμῷ.
1204 2023 1281 2050 και
1322 2003 1396 2050 οὐκ
1432 1994 1743 2069 ὲπεστρεφοιτε
1777 2023 1884 2068 προς

261 2099 371 2171 ephi,
397 2092 521 2145 λέγει
552 2079 714 2181 ΚΝύριος.
782 2104 966 2143 ανεσχον
1002 2081 1048 2150 εξ
1082 2081 1196 2150 ὑμων
1229 2106 1296 2133 τον
1335 2105 1447 2133 υετον
1486 2105 1565 2152 προ
1602 2105 1715 2151 τριων
1747 2106 1884 2149 μηνων

299 2185 369 2212 του
403 2186 620 2230 τρυγητευ,
646 2163 806 2228 ἠγουν·
840 2167 900 2217 ὡς
925 2166 1140 2231 Εβραῖοι
1166 2170 1356 2229 μᾶλλον
1382 2166 1665 2217 ἐκδεδώκασι
1695 2189 1883 2232 πρεπω-

298 2242 534 2310 δέστερον
576 2245 669 2311 πρὸ
701 2250 841 2312 τριῶν
878 2252 1039 2311 μηνῶν
1065 2253 1147 2298 τοῦ
1178 2252 1417 2315 θερισμοῦ,
1445 2247 1520 2298 ὅτε
1547 2246 1761 2312 μάλιστα
1787 2253 1883 2303 τοῖς

300 2326 447 2391 ληίοις
481 2328 509 2391 ἦ
544 2334 626 2379 τοῦ
661 2330 1026 2395 καταρδεύεσθαι
1068 2332 1200 2397 χρεία
1243 2331 1405 2395 πολλή
1445 2355 1495 2382 τε
1540 2333 1613 2381 καὶ
1653 2331 1882 2398 ἀναγκαία

349 2483 379 2506 1.
405 2472 471 2518 ἐγὼ
489 2484 557 2507 om
578 2473 669 2507 Edd.
689 2473 795 2518 (Co.)
979 2488 1012 2517 4.
1040 2474 1089 2509 ἐπ’
1108 2475 1210 2519 aim-nv
1226 2487 1296 2509 om.
1316 2475 1407 2509 Edd.
1425 2476 1542 2510 invitis
1559 2476 1602 2510 A.
1609 2475 1650 2510 B.
1655 2476 1701 2510 D.
1708 2476 1745 2511 F.
1765 2476 1878 2522 (Alex.

300 2518 402 2563 XII.)
775 2520 807 2554 6.
834 2521 902 2555 οὐδ’
921 2523 965 2557 ὣς
985 2522 1025 2556 B.
1045 2522 1165 2566 (Alex.
1184 2522 1291 2567 XII.)
1310 2523 1354 2556 cf
1376 2523 1483 2557 Hom.
1503 2523 1626 2557 Paseh.
1645 2535 1700 2566 24,
1718 2535 1787 2569 300
1805 2524 1880 2559 init.

302 2564 379 2611 [οὐκ
397 2566 469 2600 ΧΠ
489 2565 578 2612 mg]
600 2566 668 2600 οὐδ’
687 2582 790 2602 ουτως
806 2570 848 2601 Α.
855 2568 891 2601 F.
911 2568 1002 2602 Edd.
1051 2570 1136 2613 πρὸς
1152 2570 1192 2613 μὲ
1210 2581 1279 2603 om.
1299 2569 1342 2603 A.
1563 2570 1595 2604 8.
1621 2569 1769 2605 Ἀπαντᾶ
1787 2570 1880 2605 Edd.

298 2612 415 2647 invitis
434 2613 476 2647 A.
483 2613 522 2647 Β.
573 2614 785 2660 φιλοψέγειν
801 2615 860 2648 ild.
1022 2628 1054 2658 9.
1081 2617 1308 2661 γαληνότητος
1325 2616 1368 2650 A.
1386 2616 1593 2661 ἀγαθότητος
1610 2617 1702 2651 Edd.
1753 2617 1880 2652 Statim

297 2659 471 2703 ἀβούλητα
488 2660 548 2695 iid.
788 2673 840 2696 10.
867 2661 919 2707 ἐκ]
944 2669 980 2703 -†-
1001 2665 1059 2707 τῆς
1076 2663 1133 2696 iid.
1400 2674 1452 2697 11.
1478 2662 1517 2707 δή
1537 2670 1758 2710 assumptum
1775 2677 1817 2699 ex
1835 2665 1879 2700 A.

300 2706 426 2741 Statlm
443 2705 575 2752 φαῖεν
559 2723 599 2742 αν
616 2706 693 2742 Α.
677 2723 717 2741 αν
734 2709 857 2753 φαῖεν
851 2721 920 2743 lnv.
938 2709 1058 2743 ordine
1079 2709 1725 2769 Ε(]ἀ.12.επιφερει]
1714 2712 1763 2746 ε’τι
1779 2711 1878 2757 φέρει

300 2752 392 2787 Edd.
624 2766 677 2799 13.
704 2757 722 2788 ὁ
741 2756 825 2791 Θεὸς
841 2755 967 2799 ἀγαθός
985 2756 1050 2790 hoc
1067 2756 1188 2791 Oldine
1208 2757 1249 2791 Β.
1313 2757 1437 2790 Statim
1456 2757 1539 2791 haec
1556 2757 1878 2804 ἀπολογεῖται-διὰ

298 2798 423 2834 τούτων
440 2813 535 2835 acces
540 2808 660 2836 serunt
677 2814 717 2835 ex
734 2802 777 2835 A.
797 2803 857 2848 qui
875 2804 958 2838 Θεὸς
976 2803 1154 2845 (omittens
1172 2804 1206 2848 ὁ)
1225 2807 1305 2848 post
1321 2815 1360 2837 ea
1377 2804 1486 2848 ponit.
1710 2814 1762 2862 15.
1788 2805 1876 2850 ἀρχῇ

300 2845 390 2879 Edd.
652 2849 704 2882 16.
723 2848 938 2893 ἡμερωτερως
954 2850 1014 2883 ild.
1294 2861 1349 2885 22.
1375 2854 1476 2895 τριῶν
1491 2855 1602 2895 μηνῶν
1618 2852 1662 2885 Α.
1679 2856 1780 2896 τριῶν
1797 2856 1877 2895 post

298 2896 408 2934 μηνῶν
425 2899 466 2927 tr.
488 2894 578 2929 Edd.
759 2907 813 2941 23.
841 2896 1044 2931 εκδεδώκασι
1062 2897 1352 2942 πρεπωδέστερον
1379 2899 1445 2941 πρὸ
1466 2901 1565 2940 τριῶν
1581 2902 1692 2942 μηνῶν
1708 2901 1767 2933 τοῦ
1784 2899 1827 2932 Α.
1834 2898 1874 2933 Β,

299 2939 499 2974 ἐκδεδώκιισι
518 2945 575 2976 τοῦ
594 2942 770 2987 θερισμοῦ,
788 2944 1071 2988 πρεπωδέστερον
1089 2944 1123 2978 δὲ
1144 2945 1209 2988 πρὸ
1227 2948 1337 2988 μηνῶν
1353 2948 1453 2988 τριῶν
1472 2944 1562 2979 Edd.
1672 2955 1726 2989 zr‘.
1755 2945 1874 2988 κατάρ-

299 2984 344 3016 δει
347 2986 415 3019 ιθαι
436 2989 476 3019 Λ.

1906 1110 1920 1134 1
1929 1109 1952 1134 0

1904 1942 2005 1967 20

1903 2347 1949 2386 25
1995 2339 2001 2385 ἶ
