2021 3434
127 221 197 262 vii.
219 235 284 274 14,
312 233 374 276 15.
503 223 576 264 IN
622 223 1005 266 MICHAEAM.
1067 223 1215 265 TOM.
1249 222 1336 263 III.
1617 220 1698 260 733

127 334 203 383 καὶ
241 332 541 398 δογματικὴν,
589 333 695 400 ὅρος
734 333 781 385 δὲ
821 333 875 384 τὸ
917 333 1013 384 οἷον
1051 334 1176 401 ὑψοῦ
1214 354 1263 382 τε
1305 332 1381 381 καὶ
1425 326 1697 393 ἀνηγμένον.

127 414 378 481 χθαμαλὸν
413 415 505 482 γὰρ
543 415 675 467 οὐδὲν
713 420 807 466 τῶν
849 416 957 481 παρ’
994 415 1104 479 ἡμῖν
1142 410 1582 481 φιλοσοφουμένων,
1629 409 1704 458 καὶ

129 500 340 560 σπουδῆς
360 498 644 567 ἀξιουμένων
664 500 711 548 ἐν
730 498 1011 565 Ἐκκλησία.
1054 496 1124 546 ὅτι
1147 494 1194 546 δὲ
1214 495 1333 545 πίων
1351 515 1400 544 τε
1420 494 1495 543 καὶ
1514 492 1705 551 εὔβοτος

130 579 158 642 ἡ
184 577 336 630 τοιάδε
362 579 493 643 νομὴ,
520 579 855 643 κατασημαίνει
888 578 1035 629 πάλιν
1070 579 1131 630 ὡς
1165 578 1214 626 ἐκ
1247 574 1520 642 παχυτέρων
1554 593 1707 637 παρα-

90 674 111 712 5
133 659 409 725 δειγμάτων,
438 659 740 729 νεμηθήσεσθαι
775 660 929 725 λέγων
965 658 1072 712 τοὺς
1110 656 1201 709 ὑπὸ
1226 659 1426 724 Χριστῷ
1462 655 1703 719 παιδαγω-

131 742 382 807 γουμένους
426 745 496 803 τήν
539 766 587 794 τε
631 745 864 794 Bao-afim
906 746 982 792 καὶ
1023 739 1092 800 τὴν
1133 735 1434 790 Γαλααάἶτιν·
1475 737 1624 804 χωρία
1662 733 1710 785 δὲ

132 829 280 874 ταῦτα
316 825 550 889 πλείστην
585 824 706 888 ὅσην
745 827 818 874 καὶ
856 824 1114 890 ἀμφιλαφῆ
1153 826 1247 874 τοῖς
1289 818 1554 886 θρέμμασιν
1591 819 1705 868 ἀνα-

132 906 339 972 βρύοντα
379 905 538 971 νομὴν,
579 908 654 957 καὶ
690 906 881 973 ποικίλῃ
921 903 1017 973 πόᾳ
1057 903 1300 955 πλουσίως
1343 898 1708 963 κατεστεμμένα.

134 987 228 1039 ἀπὸ
281 987 337 1052 δὴ
387 993 481 1039 τῶν
530 992 812 1052 σωματικῶν
868 988 943 1037 καὶ
989 988 1050 1039 ὡς
1107 986 1155 1035 ἐν
1213 983 1434 1047 αἰσθήσει
1492 980 1754 1045 κειμένωνθ

68 1091 116 1117 10
135 1071 518 1136 ἀναθρώσκοντες·
551 1074 718 1138 σοφῶς
755 1071 829 1121 ἐπὶ
863 1069 922 1119 τὰ
958 1065 1259 1130 πνευματικὰ,
1299 1066 1372 1116 καὶ
1411 1062 1496 1127 τὴν
1533 1062 1629 1113 ε”σω
1667 1084 1716 1112 τε

0 915 2 941 ι

0 1166 4 1236 j
135 1154 210 1203 καὶ
236 1152 551 1218 κεκρυμμένην
576 1151 770 1218 θεωρίαν
795 1152 1035 1213 ἐννοῶμεν,
1063 1149 1134 1199 ὅτι
1164 1152 1261 1201 τοῖς
1293 1150 1375 1210 τῆς
1401 1143 1717 1197 θεοπνεύστου

135 1238 324 1303 γραφῆς
362 1236 604 1303 ἐντρυφῶν
644 1232 943 1299 θεωρήμασιν
981 1230 1282 1296 ἐναβρύνεται
1319 1228 1403 1292 μὲν
1436 1231 1530 1279 τῶν
1568 1227 1716 1292 ἁγίων

1 1269 6 1406 ξ
138 1318 163 1367 ὁ
202 1322 323 1379 νοῦς,
363 1318 564 1379 πιμελῆς
602 1314 651 1366 δὲ
684 1312 845 1380 ὥσπερ
882 1311 1005 1367 τινὸς
1044 1312 1414 1374 ἀναπίμπλαται,
1446 1310 1715 1376 πρακτικῆς,

138 1401 200 1453 ὡς
237 1399 368 1467 ἔφην,
405 1399 480 1449 καὶ
519 1399 800 1463 θεωρητικῆς
842 1397 1007 1463 ἀρετῆς
1048 1394 1267 1462 ἀφθόνως
1304 1390 1601 1458 μεταλαχὼν,
1635 1390 1717 1440 οὐκ

72 1495 119 1535 15
138 1485 201 1535 εἷς
251 1479 422 1548 χρόνον
471 1478 575 1530 τινὰ
622 1477 807 1546 βραχὺν
858 1480 933 1529 καὶ
981 1476 1381 1540 συνεσταλμένον,
1424 1474 1534 1525 ἀλλ’
1576 1474 1638 1526 ὡς
1691 1472 1716 1521 ὁ

139 1562 402 1632 Προφήτης
432 1563 574 1631 φησὶ,
615 1558 760 1616 καθὼς
794 1566 843 1612 αἱ
881 1558 1030 1630 ἡμέραι
1068 1564 1140 1611 τοῦ
1180 1558 1344 1617 αἰῶνος,
1372 1555 1628 1617 τουτέστιν,
1653 1557 1715 1607 εἷς

139 1644 319 1712 μακρὸν
345 1645 420 1695 καὶ
446 1643 720 1710 ἀπέραντον.
788 1641 847 1693 τὰ
876 1640 961 1705 μὲν
990 1641 1085 1708 γὰρ
1116 1641 1422 1710 εὐφραίνοντα
1447 1637 1532 1703 τὴν
1557 1635 1714 1703 σάρκα
1731 1659 1753 1684 a
1780 1650 1868 1685 469
1888 1649 1936 1685 A.

140 1725 234 1778 σὺν
268 1727 384 1794 αὐτῇ
414 1727 573 1777 πίπτει
605 1727 680 1776 καὶ
718 1723 987 1789 μαραίνεται
1019 1725 1093 1774 καὶ
1131 1724 1179 1773 ἐν
1216 1722 1307 1792 ἰ’σῳ
1346 1726 1500 1775 σκιαῖς
1531 1742 1711 1786 παριπ-

141 1809 343 1860 πεύοντα
389 1807 505 1871 μετὰ
554 1806 710 1874 βραχὺ
760 1804 1094 1856 συστέλλεται·
1160 1808 1255 1855 τῶν
1304 1804 1352 1855 δὲ
1410 1803 1587 1854 ἄνωθεν
1641 1803 1718 1852 καὶ

75 1914 125 1939 20
142 1895 464 1954 πνευματικῶν
489 1891 680 1955 ἀγαθῶν
706 1888 733 1952 ἡ
760 1887 944 1956 μέθεξις
979 1891 1172 1954 μακροῖς
1203 1890 1341 1937 αἱῶσι
1367 1884 1715 1936 συνεκτείνεται·

144 1971 477 2037 ἀναπόβλητος
502 1970 595 2038 γὰρ
622 1976 715 2022 τῶν
740 1970 960 2022 τοιούτων
985 1970 1013 2033 ἡ
1040 1971 1218 2033 κτῆσις.

208 2054 346 2124 ’Έφη
385 2054 434 2105 δὲ
473 2053 543 2104 ὅτι
582 2050 749 2123 ὄψεσθε
786 2050 1032 2120 θαυμαστοὶ
1068 2050 1191 2103 aar&
1226 2049 1310 2105 τᾶς
1349 2047 1512 2118 ἡμέρας
1551 2044 1720 2118 ἑξοάιάς

146 2163 222 2191 σου
248 2139 298 2190 ἓν.
323 2137 407 2204 γῆς
433 2136 677 2202 Αἰγύπτου.
743 2133 906 2200 ὥσπερ
938 2132 1032 2200 γὰρ
1063 2136 1146 2197 τῆς
1182 2134 1231 2184 ἐν
1256 2131 1483 2201 Αἰγύπτῳ
1511 2129 1722 2184 δουλείας

146 2218 466 2272 ἀπαλλάττων
516 2217 597 2269 τὸν
642 2216 844 2284 Ἰσραὴλ
893 2217 918 2266 ὁ
969 2220 1063 2266 τῶν
1112 2214 1238 2266 ὅλων
1288 2212 1422 2276 Θεὸς,
1473 2210 1720 2281 διαφόροις

81 2326 127 2364 25
148 2302 380 2355 κολάσεσι
418 2300 680 2369 κατῃκίζετο
718 2297 824 2353 τοὺς
868 2298 1111 2351 ἐθέλοντας
1151 2300 1456 2358 πλεονεκτεῖν,
1494 2298 1635 2364 πηλῷ
1672 2317 1719 2345 τε
1738 2298 1767 2340 b

200 2552 230 2575 1.
257 2540 310 2574 καὶ
328 2539 386 2573 alt.
404 2550 474 2572 om.
492 2538 536 2571 A.
606 2536 731 2571 Statim
755 2534 936 2580 ἀνηρμένον
960 2545 1024 2579 pro
1047 2532 1231 2578 ἀνηγμένον
1248 2543 1265 2566 e
1283 2531 1479 2576 conjectura
1503 2528 1611 2564 edidit
1627 2527 1722 2563 A'ub.

149 2588 267 2622 invitis
285 2586 377 2621 A.B.
396 2585 498 2619 Pont.
734 2593 766 2627 3.
793 2579 985 2626 ἐκκλησίαις
1001 2581 1045 2614 A.
1095 2578 1148 2625 δὲ]
1172 2584 1208 2619 -Ι-
1229 2579 1304 2613 ἐστι
1322 2578 1365 2611 Α.
1599 2585 1632 2621 5.
1658 2576 1723 2610 ὑπὸ

151 2633 306 2680 Χριστῷ]
326 2633 390 2667 ὑπὸ
408 2632 559 2676 Χριστοῦ
576 2630 618 2664 A.
762 2628 794 2663 6.
820 2628 928 2673 χωρία
945 2628 980 2661 δὲ
998 2625 1117 2671 ταῦτα]
1137 2629 1244 2670 χῶραι
1259 2625 1296 2659 δέ
1313 2624 1408 2658 αὗται
1426 2623 1469 2657 Β.
1589 2631 1620 2667 7.
1646 2622 1724 2656 ἅνα-

151 2681 320 2727 βρύουσαι
339 2679 380 2713 Β.
538 2678 571 2711 8.
599 2676 774 2711 πλουσίως
790 2677 857 2719 πόᾳ
874 2676 1010 2709 inverso
1028 2673 1147 2707 ordine
1166 2672 1208 2706 B.
1260 2671 1386 2705 Statim
1403 2669 1663 2712 κατεστεμμέναι
1681 2668 1724 2702 Β.

156 2740 210 2763 10.
237 2730 358 2772 σοφῶς
374 2726 418 2759 Α.
437 2726 558 2768 σαφῶς
576 2723 666 2757 Edd.
890 2732 943 2755 12.
969 2719 1181 2763 θεωρήμασιν
1197 2719 1371 2762 ἐντρυφῶν
1387 2718 1524 2750 inverso
1542 2715 1663 2749 Ordine
1679 2715 1724 2748 A.

157 2786 211 2819 13.
238 2776 255 2808 ὁ
273 2774 368 2808 deest
384 2772 421 2806 in
439 2771 530 2805 Edd.
865 2779 918 2810 14.
943 2767 1002 2800 οὐκ
1019 2767 1066 2801 εἷς
1081 2767 1205 2810 χρόνον
1220 2765 1420 2809 μεταλαχὼν
1435 2761 1567 2807 βραχύν
1583 2776 1656 2795 τινα
1673 2761 1726 2795 καὶ

155 2822 364 2863 συνεσταλμ.
381 2817 459 2852 ἀλλ’
478 2817 635 2862 ἀφθόνως
652 2816 789 2850 inverso
807 2814 927 2848 ordine
945 2812 1076 2846 addens
1094 2813 1147 2845 καὶ
1166 2811 1207 2845 Β.
1425 2820 1477 2854 17.
1503 2810 1543 2842 τὰ
1560 2809 1620 2848 μὲν
1634 2807 1726 2842 ΑΒ.

153 2869 195 2903 τά
211 2882 247 2902 τε
265 2866 356 2901 Edd.
778 2862 830 2896 18.
856 2861 968 2895 αὐτοῖς
984 2871 1047 2904 pro
1065 2859 1146 2901 αὐτῇ
1165 2857 1225 2891 iid.
1275 2854 1401 2901 σκιαῖς]
1422 2857 1519 2890 σκιᾶς
1535 2854 1726 2889 Aubertus.

156 2926 211 2950 21.
237 2914 430 2956 ἀπόβλητος
446 2911 491 2945 A.
541 2910 649 2946 κτίσις
666 2910 709 2944 Α.
919 2917 974 2940 22.
1000 2904 1149 2949 ἐξοδὶας]
1169 2902 1398 2958 ἐξόδουΙΕᾶό.
1610 2912 1665 2946 23.
1693 2901 1729 2935 ἐν

155 2964 197 3007 γῇ
217 2961 302 3042 (307)k
314 2960 358 2993 A.
376 2960 513 3039 τῆξθρίο
526 2959 591 3037 ᾗῆς
609 2957 650 2991 Β.
718 2954 815 2990 Haec
840 2954 957 2999 ὥσπερ
982 2953 1048 2998 γὰρ
1072 2953 1129 2996 τῆς
1153 2951 1188 2985 ἐν
1213 2950 1371 2996 Αἰγυστῳ
1388 2954 1608 2985 accesserunt
1624 2960 1666 2983 ex
1683 2947 1727 2983 A.

158 3018 213 3051 25.
262 3022 276 3041 ε
308 3017 468 3052 ,ΡΓΟεε
499 3031 505 3038 .
561 3030 569 3038 .
