2021 3434
98 213 123 251 i.
147 226 186 266 9,
214 225 275 251 10.
583 211 652 250 IN
694 209 891 250 AMOS.
953 208 1104 249 TOM.
1149 208 1183 248 Ι.
1586 206 1670 244 389

96 328 123 350 “
147 324 241 371 τῶν
285 320 423 386 ὁρίων
471 320 662 371 αὐτῶν.”
739 319 863 385 ὅριον
907 317 954 368 δὲ
1006 316 1168 383 ὥσπερ
1218 320 1313 367 τῶν
1364 315 1420 383 ἐξ
1457 311 1672 379 Ἰσραὴλ,

95 400 364 464 σωματικὸν
403 400 486 465 μὲν
529 402 557 464 ἡ
594 401 808 462 Ἰουδαία,
854 398 1058 468 ψυχικὸν
1108 398 1156 449 δὲ
1204 400 1228 449 ὀ
1271 397 1425 461 νόμος,
1473 393 1537 445 ὧν
1582 394 1713 462 ἐξωθ

94 483 320 549 γεγόνασι
352 488 447 536 τοῖς
477 487 570 533 τῶν
595 481 846 546 (Ελλήνων
874 486 983 535 υἱοῖς
1009 480 1213 534 ἐκτόπως
1244 477 1671 540 καταπωλούμενοι.

95 564 346 630 δεδράκασι
378 564 425 615 δὲ
459 571 596 615 τοῦτο
622 563 763 632 Τύριοι
796 568 890 616 τοῖς
924 563 1089 615 ἄλλοις
1115 564 1231 624 ὁμοῦ
1256 563 1330 611 καὶ
1361 560 1501 623 αὐτῆς
1527 561 1674 622 ἀμνη-

54 668 75 706 5
94 646 384 710 μονήσαντες
421 649 503 709 τῆς
541 650 635 696 τῶν
672 643 880 713 α’,ὃελφῶν
916 641 1136 704 διαθήκης.

156 732 328 779 Νοοῖτο
355 730 392 779 δ’
417 726 473 777 ἂν
489 727 606 793 πρὸς
627 728 758 790 ἡμῶν
778 729 851 776 καὶ
872 732 1008 776 τοῦτο
1029 727 1182 792 τριχῇ.
1225 726 1342 776 τίνες
1368 722 1460 789 γὰρ
1478 726 1519 772 οἱ
1537 724 1676 772 ἀδελ-

94 812 189 877 φοὶ,
216 811 283 863 τίς
309 809 356 860 δὲ
383 813 456 859 καὶ
480 810 507 872 ἡ
535 807 744 873 διαθήκη,
773 807 882 876 φέρε
910 807 1134 871 λέγωμεν,
1162 808 1211 856 ἐκ
1238 810 1332 856 τῶν
1360 808 1492 870 ἱερῶν
1523 827 1674 869 γραμ-

93 889 253 955 μάτων
276 895 338 945 εἷς
363 891 535 944 ε’ννοίας
560 890 643 944 τὰς
667 892 740 941 ἐπὶ
766 889 915 958 τούτῳ
942 889 1379 956 χειραγωγούμενοι.
1438 884 1624 950 Χειρᾶμ
1650 886 1674 935 ὁ

94 974 278 1039 Τυρίων
295 972 412 1024 κατὰ
429 971 610 1038 καιροὺς
632 969 1000 1033 βεβασιλευκὼς,
1017 975 1109 1021 τῶν
1127 969 1196 1020 ὅτι
1217 968 1432 1032 μάλιστα
1453 966 1670 1035 φιλαιτά-
1697 988 1714 1019 3
1728 981 1807 1020 Reg-
1824 991 1852 1011 v.
1873 989 1898 1012 ¹·

30 1080 75 1104 10
93 1078 184 1106 των
210 1054 266 1119 ἦν
297 1059 362 1122 τῷ
397 1055 636 1123 θεσπεσίῳ
672 1054 858 1104 Δαυείδ·
899 1050 995 1102 εἶτα
1021 1052 1117 1114 μετ’
1144 1053 1314 1101 ἐκεῖνον
1346 1054 1412 1118 τῷ
1440 1053 1675 1113 Σαλομῶν
1694 1077 1715 1100 a
1745 1069 1830 1102 259
1848 1067 1899 1100 A.

93 1137 284 1204 γέγονεν
317 1136 571 1203 ἀγαπητὸς,
601 1139 662 1190 ὡς
698 1138 772 1186 καὶ
798 1134 1035 1198 συνθήκας
1074 1134 1342 1201 ὁμοψυχιάς
1379 1130 1673 1195 ποιήσασθαι
1695 1151 1746 1181 Ib.
1771 1160 1818 1181 12.

91 1219 208 1286 πρὸς
240 1219 392 1282 αὑτὸν,
419 1219 697 1287 συμπράξαι
722 1240 770 1268 τε
795 1217 913 1282 πρὸς
953 1214 1138 1267 ἅπαντα
1173 1217 1310 1285 αὐτῷ,
1338 1217 1413 1265 καὶ
1446 1214 1675 1281 φροντίδα

92 1302 176 1366 τὴν
203 1301 400 1352 δέουσαν
425 1304 794 1365 συνεισενεγκεῖν
819 1298 901 1349 τὸν
926 1302 1048 1349 θεῖον
1073 1300 1380 1349 ἀποτελοῦντι
1421 1294 1545 1347 ναόν.
1599 1298 1674 1346 καὶ

91 1389 296 1436 πλεῖστα
330 1382 414 1447 μὲν
446 1383 540 1434 ὅσα
573 1381 913 1447 προσκεκόμικε
952 1384 1090 1447 δῶρα,
1119 1378 1360 1445 κεκέρδακε
1399 1376 1445 1429 δὲ
1481 1380 1555 1428 καὶ
1590 1379 1671 1428 αὐ-

29 1490 74 1527 15
93 1466 169 1519 τὸς
207 1465 266 1517 τὰ
304 1466 368 1517 ε”τι
407 1464 542 1531 μείζω
581 1467 653 1516 καὶ
692 1464 1035 1530 πλουσιώτερα.
1102 1461 1308 1527 ἦτοίνυν
1333 1460 1474 1512 ἐκεῖνό
1503 1466 1670 1527 φησιν,
1736 1483 1850 1516 1b.ix.

92 1549 161 1601 ὅτι
188 1548 350 1616 Τύριοι
380 1547 741 1612 πεπολεμήκασι
775 1546 856 1597 τὸν
883 1545 1095 1612 Ἰσραὴλ,
1123 1545 1539 1609 ἀμνημονήσαντες
1575 1539 1673 1593 ὃιοι-
1739 1536 1787 1557 H'

93 1631 218 1693 θήκης
261 1636 355 1681 τῶν
398 1631 454 1699 ἐξ
495 1629 778 1695 ἀγαπήσεως
823 1625 1044 1698 ἀδελφῶν,
1088 1630 1162 1678 καὶ
1206 1630 1267 1680 εἷς
1317 1631 1453 1676 τοῦτο
1505 1624 1673 1675 λοιπὸν

93 1713 341 1767 διαθέσεως
374 1714 450 1764 καὶ
482 1712 825 1782 φιλοστοργίας
851 1710 1270 1775 συνενηνεγμένων,
1299 1711 1360 1762 ὡς
1385 1710 1533 1758 δοκεῖν
1561 1704 1673 1757 εἶναι
1690 1716 1717 1756 b

93 1798 166 1847 καὶ
207 1796 480 1860 ὁμαίμονας·
539 1794 683 1860 ἤγουν
722 1793 792 1844 ὅτι
830 1793 1074 1858 γεγονότες
1119 1792 1175 1860 ἐξ
1205 1792 1370 1842 Ἡσαῦ
1409 1789 1672 1851 Ἰδουμαῖοι,

29 1901 76 1925 20
94 1879 289 1946 ἀδελφοὶ
327 1877 412 1941 μὲν
448 1876 573 1942 ἦσαν
612 1880 708 1929 τοῖς
743 1876 798 1944 ἐξ
829 1874 1050 1940 Ἰσραὴλ,
1095 1873 1455 1937 πεπολεμήκασι
1495 1873 1555 1933 δὲ,
1591 1874 1674 1934 τῆς

94 1964 184 2010 τῶν
233 1957 441 2030 ἀδελφῶν
489 1956 691 2019 διαθήκης
746 1957 1056 2026 ἠφειδηκότες.
1135 1956 1398 2024 πεφρόνηκε
1449 1954 1532 2017 μὲν
1580 1953 1673 2020 γὰρ

0 1996 3 2098 ἱ
94 2041 238 2110 ἐχθρὰ
282 2044 356 2093 καὶ
399 2042 458 2093 τὰ
501 2041 740 2104 πολεμίων
783 2043 807 2090 ὁ
850 2041 1016 2090 εΙ-Ισαῦ
1062 2037 1180 2090 κατὰ
1222 2043 1304 2088 τοῦ
1349 2035 1534 2099 Ἰακὼβ,
1581 2040 1674 2087 τῶν

0 2100 4 2215 1
94 2126 419 2191 πρωτοτοκίων
459 2125 588 2175 ἕνεκα
637 2122 959 2186 λελυπημένος
1005 2123 1052 2171 ἐν
1101 2123 1283 2188 ἀρχαῖς·
1343 2120 1452 2170 ἀλλ’
1494 2120 1544 2169 ἐκ
1594 2121 1675 2182 τῆς·

97 2208 266 2269 Λάβαν
315 2209 473 2262 ἑστίας
523 2208 767 2273 ἀπαίροντι
818 2205 937 2256 κατὰ
994 2204 1191 2271 καιροὺς,
1243 2206 1316 2254 καὶ
1370 2202 1483 2253 οἴκοι
1530 2201 1676 2253 πάλιν

2 2319 77 2372 ἰ25
97 2293 419 2355 ὑπονοστῆσαι
458 2290 664 2342 ἐθέλοντι
703 2288 892 2357 γυναιξί
925 2311 973 2338 τε
1014 2289 1130 2350 ὁμοῦ
1169 2288 1242 2337 καὶ
1279 2285 1466 2347 τέκνοις,
1503 2283 1677 2348 συνήν-

96 2396 239 2438 τησεν
272 2376 333 2427 ὡς
369 2371 588 2441 ἀδελφός.
654 2370 1027 2435 κατησπάσαντο
1053 2369 1146 2435 γὰρ
1172 2369 1414 2432 ἀλλήλους
1441 2368 1516 2417 καὶ
1539 2389 1671 2433 περι-

97 2454 292 2523 έφυσαν,
344 2456 419 2506 καὶ
473 2454 533 2505 τὰ
595 2454 753 2522 φίλοις
803 2453 1043 2518 πρέποντα
1101 2449 1417 2514 λελαλήκασι,
1468 2451 1543 2500 καὶ
1593 2447 1679 2512 τὴν

145 2569 175 2592 2.
202 2558 220 2602 ἡ
239 2564 459 2603 assumptum
479 2570 519 2591 ex
539 2559 582 2591 A.
715 2567 748 2600 3.
774 2555 921 2590 ἐκτόπως
939 2567 1008 2588 om.
1030 2554 1071 2588 Β.
1201 2566 1232 2596 4.
1263 2553 1358 2587 Haec
1377 2554 1445 2587 τοῖς
1462 2552 1581 2587 ἅλλοις
1595 2553 1679 2595 ὁμοῦ

98 2605 149 2638 καὶ
166 2606 264 2648 αὐτῆς
282 2611 500 2639 accesserunt
517 2617 559 2638 ex
577 2605 620 2637 A.
733 2602 766 2636 6.
793 2601 890 2636 νοοῖτ’
910 2600 950 2635 ἂν
967 2602 1001 2635 δέ
1022 2613 1083 2645 pro
1102 2602 1211 2634 νοοῖτο
1230 2599 1256 2634 δ’
1275 2598 1315 2632 ἂν
1332 2600 1376 2633 A.
1428 2601 1526 2643 τριχῇ
1545 2611 1615 2632 om.
1634 2600 1678 2633 A.

98 2651 202 2686 habet
222 2653 266 2686 D.
427 2661 458 2696 7.
486 2652 539 2684 καὶ
557 2653 780 2694 assumptum
799 2661 840 2682 ex
858 2648 948 2681 AB.
999 2646 1052 2693 ἐκ]
1074 2648 1126 2680 καὶ
1145 2647 1237 2680 Edd.
1420 2647 1452 2680 8.
1479 2646 1605 2680 ἐννοίας
1622 2646 1680 2681 τὰς

7 2705 11 2733 Ι
99 2698 152 2732 ε’πὶ
168 2697 291 2745 τούτῳ]
311 2700 370 2734 τὰς
387 2698 441 2733 ε’πὶ
459 2701 558 2731 τοῦτο
577 2696 703 2731 ἐννοίας
722 2695 812 2729 Edd.
865 2695 992 2738 Χειρὰμ
1011 2696 1052 2728 A.
1074 2694 1185 2737 Χιρὰμ.
1205 2693 1295 2727 Edd.
1502 2704 1535 2737 9.
1561 2694 1679 2737 φιλαι-

98 2746 204 2778 τάτων
221 2746 264 2779 A.
284 2747 460 2790 φιλτάτων
478 2744 569 2778 Edd.
747 2753 799 2775 10.
827 2744 998 2784 Σολομῶνι
1017 2741 1071 2774 hic·
1094 2741 1133 2773 B.
1306 2751 1317 2773 Ι
1330 2751 1358 2773 Ι.
1386 2740 1439 2772 καὶ
1457 2746 1681 2783 assumptum

99 2802 140 2824 ex
157 2792 246 2825 ΑΒ.
589 2801 641 2834 13.
669 2790 937 2833 συνεισενεγκεῖν
955 2788 997 2820 A.
1017 2788 1228 2832 συνενεγκεῖν
1245 2786 1337 2820 Edd.
1387 2786 1617 2820 ἀποτελοῦντα
1635 2786 1678 2819 A.

9 2838 12 2858 ⁹
104 2848 155 2879 14.
181 2838 371 2883 κεκέρδακε]
391 2838 566 2881 κεκέρδηκε
586 2837 627 2870 Β.
787 2834 839 2868 16.
866 2832 1174 2878 ἅμνημονήσαντες]
1200 2838 1236 2874 -ξ-
1258 2834 1293 2867 δὲ
1311 2833 1354 2866 A.
1518 2842 1570 2877 17.
1597 2833 1680 2877 ἀγα-

99 2883 233 2927 πήσεως
250 2886 293 2919 A.
311 2885 441 2929 ἀγάπης
459 2885 502 2919 ὡς
521 2883 613 2917 Edd.
848 2892 901 2925 19.
926 2882 978 2914 καὶ
996 2892 1065 2914 om.
1084 2881 1128 2913 A.
1347 2890 1401 2924 23.
1427 2878 1677 2925 πρωτοτοκίων]

10 2926 13 2959 Ι
100 2933 319 2976 πρωτοτόκων
338 2931 429 2965 Edd.
583 2940 637 2975 25.
665 2930 898 2972 ὑπονοστῆσαι
916 2928 959 2961 Α.
979 2928 1179 2962 ὑπονοστεῖν
1198 2925 1289 2960 Edd.
1334 2926 1457 2960 Statim
1477 2925 1613 2961 θέλοντι
1636 2926 1679 2960 Α.

11 2989 13 3005 Ι
1270 2983 1298 2998 ΤΕ

102 3014 153 3046 καὶ
171 3018 250 3058 post
266 3012 392 3048 τέκνοις
409 3009 489 3046 add.
508 3011 550 3045 A.
743 3019 796 3054 27.
824 3009 876 3042 καὶ
894 3009 934 3042 τὰ
952 3006 1087 3054 φίλοις]
1108 3008 1148 3042 τὰ
1165 3008 1281 3052 φιλοις
1299 3007 1342 3041 A.
