2021 3434
326 185 410 224 438
717 185 767 226 B.
814 186 1090 226 CYRILLI
1132 188 1511 228 ALEXANDR.
1728 185 1900 239 iv.1-3.

324 294 542 365 μῴδημα.
607 295 772 350 αὐτοὺς
822 297 879 361 δὴ
919 299 1000 349 οὖν
1044 298 1136 364 ἄρα
1186 298 1291 353 τοὺς
1338 303 1433 350 τῶν
1481 298 1617 349 οἴκων
1658 294 1905 359 δεσπότας,

325 379 433 434 τοὺς
471 385 570 434 ταῖς
604 380 835 449 ἐξιτήλοις
868 388 1067 452 τρυφαῖς
1101 384 1488 435 καταπιαίνεσθαι
1525 379 1905 446 μεμελετηκότας,

327 463 556 534 δαμάλεις
591 467 825 518 ἀποκαλεῖ
862 467 936 528 τῆς
981 466 1285 525 Βασανίτιάος.
1353 469 1485 538 χώρα
1529 469 1567 519 δ’
1602 469 1629 532 ἡ
1670 468 1908 522 Bao-avim

325 549 516 611 εὕβοτός
553 574 603 602 τε
647 553 722 601 καὶ
759 551 967 616 εὐανθὴς,
1008 554 1083 603 καὶ
1124 553 1251 605 πολὺ
1292 554 1400 604 λίαν
1437 552 1699 617 ἐπιτηδείως
1733 550 1908 618 ε”χουσα

324 632 443 698 πρὸς
493 631 547 683 τὸ
595 632 826 684 δύνασθαι
880 635 1196 685 καταπιαίνειν
1244 637 1538 703 ἀμφιλαφῶς
1586 632 1646 684 τὰ
1693 635 1742 684 ἐν
1791 633 1947 700 αὐτῇ5
2003 642 2008 648 ’

323 714 611 778 βοσκόμενα.
682 717 743 768 ὡς
779 716 859 766 οὖν
893 717 1206 770 εὐπαθοῦντας
1237 717 1358 783 ἄγαν
1394 720 1468 767 καὶ
1505 716 1677 782 ὀίριστα
1706 718 1907 780 τεθραμ-

285 815 306 841 e
323 798 499 861 με’νους,
533 798 607 847 καὶ
642 796 841 862 μελέτην
879 797 1071 865 ἔχοντας
1108 797 1194 862 τὴν
1232 797 1428 867 τρυφὴν,
1462 796 1698 861 δαμάλεσι
1726 801 1826 850 ταῖς
1857 797 1907 846 ἐκ

324 877 494 930 Βασάν
541 878 800 945 παρεικάζει
849 880 983 934 Θεός·
1066 885 1264 931 αἰτιᾶται
1313 880 1374 944 δὲ,
1428 880 1498 931 ὅτι
1546 875 1907 931 κατεάυνοίστευον

322 961 523 1024 πένητας,
569 963 645 1012 καὶ
702 964 951 1030 μονονουχὶ
1007 965 1154 1014 ποσὶν
1205 964 1332 1017 ἰδίοις
1383 962 1629 1014 συνέθλων
1679 960 1905 1023 πτωχούς·

102 1036 163 1120 {g
181 1036 247 1067 xiii.
324 1051 352 1073 “
379 1048 536 1107 Νομαὶ
587 1043 682 1111 γὰρ
732 1045 980 1096 πλουσίων
1030 1045 1249 1113 πτωχοῖ,”
1298 1045 1416 1096 κατὰ
1467 1044 1521 1096 τὸ
1570 1043 1908 1109 γεγραμμένον.
1932 1065 1979 1091 10

322 1124 643 1194 προσεπάγων
677 1125 725 1177 δὲ
763 1125 833 1177 ὅτι
873 1134 920 1178 αἱ
957 1128 1175 1194 λέγουσαι
1215 1131 1303 1182 τοῖς
1348 1129 1502 1194 κυρίοις
1542 1125 1678 1178 αὐτῶν
1708 1121 1910 1177 Ἐπίὸοτε
2000 1118 2003 1123 ⁴

323 1212 419 1278 ἡμῖν
445 1209 564 1264 ‘osv-cog
589 1211 771 1277 πίωμεν,
798 1208 1144 1264 ἀνυποτάκτους
1175 1210 1310 1264 ὄντας
1347 1209 1597 1278 ἀπέδειξεν,
1625 1206 1728 1259 οὐδὲ
1755 1208 1908 1261 αὐτοῖς

323 1291 458 1343 εἴκειν
508 1290 811 1359 ἀνεχομένους
861 1297 956 1346 τοῖς
1008 1298 1263 1358 κρατοῦσιν
1313 1293 1478 1354 αὐτῶν,
1530 1291 1647 1342 ὅσον
1695 1290 1804 1356 ἧκεν
1847 1294 1908 1344 εἰς

323 1375 557 1436 βασιλίδα
590 1373 743 1437 τιμὴν,
775 1375 884 1425 ἀλλ’
918 1376 1154 1429 οἱονείπως
1189 1376 1245 1444 ἐξ
1280 1374 1539 1441 ἀμετρήτου
1577 1372 1746 1425 λοιπὸν
1784 1375 1905 1423 ἀλα-

325 1456 496 1523 ζονείας
521 1455 575 1507 τὸ
602 1454 823 1507 οἰκετικὸν
849 1458 924 1507 καὶ
951 1458 1104 1510 αὐτοῖς
1131 1461 1220 1513 τοῖς
1249 1464 1400 1528 κυρίοις
1427 1457 1565 1509 αὐτῶν
1591 1456 1908 1520 ἀπονέμοντας
1929 1475 1974 1516 15

104 1559 192 1593 288
206 1557 255 1592 A.
286 1566 308 1590 a
325 1538 511 1604 μέτρον.
577 1538 631 1590 τὸ
661 1538 754 1606 γὰρ
790 1537 846 1603 δὴ
881 1538 1027 1607 φάναι
1053 1544 1237 1603 τολμᾶν
1262 1544 1358 1594 τοῖς
1382 1540 1644 1607 προῦχουσι
1671 1541 1744 1589 καὶ
1770 1540 1909 1603 ὑπερ-

326 1620 546 1684 κειμένοις
572 1618 777 1673 Ἐπίάοτε
803 1624 899 1689 ἡμῖν
927 1621 1046 1677 ’ὅπως
1074 1623 1255 1690 πίωμεν,
1281 1621 1626 1684 ἐπιθυμούντων
1651 1619 1753 1672 ἐστὶ
1779 1625 1905 1684 μᾶλ-

325 1709 414 1754 λον
438 1704 766 1769 ὑπηρετεῖσθαι
791 1702 820 1768 ἢ
849 1706 1102 1770 ὑπηρετεῖν.
1171 1704 1218 1755 τί
1252 1705 1332 1755 οὖν
1367 1704 1458 1770 ἄρα
1489 1702 1790 1768 συμβήσεται
1815 1708 1910 1757 τοῖς

325 1789 387 1839 εἷς
417 1791 555 1836 τοῦτο
591 1785 759 1837 λοιπὸν
794 1787 1015 1840 ἀπονοίας
1049 1786 1390 1850 ἐκβεβηκόσινς
1433 1788 1570 1855 ὀμνύει
1606 1788 1729 1855 φησὶ
1763 1786 1910 1855 Κύριος

330 1866 457 1919 κατα
494 1867 571 1919 τῶν
606 1870 745 1934 ὁνγίων
783 1871 926 1932 αὑτοῦ,
961 1869 1062 1933 ἤτοι
1107 1868 1226 1920 κατὰ
1266 1874 1361 1920 τῶν
1400 1868 1722 1935 ἀγιασμάτων,
1764 1868 1909 1934 ἤγουν
1929 1892 1976 1918 20

667 1949 688 1967 d

108 1951 194 1983 Hel).
214 1950 258 1981 vi.
327 1949 613 2017 μυστηρίων,
658 1975 689 2001 α
735 1952 838 2002 ἐστι
888 1951 1036 2003 πάλιν
1085 1950 1238 2006 αὐτός·
1293 1952 1392 2003 κατ’
1439 1950 1622 2005 οὐδενὸς
1673 1951 1767 2017 γὰρ
1819 1951 1911 2019 ἔχει

111 2005 124 2026 1
153 2020 160 2027 0

132 2006 148 2036 3
327 2032 531 2100 μείζονος
567 2032 755 2096 ὀμόσαι·
796 2033 867 2084 ὅτι
903 2033 1191 2100 παρέσονται
1223 2036 1370 2100 καιροὶ
1406 2036 1480 2085 καὶ
1519 2033 1684 2101 ἡμέραι,
1723 2033 1799 2084 ὅτε
1837 2036 1912 2084 καὶ

330 2116 447 2179 ὑμᾶς
488 2114 654 2170 αὐτοὺς
695 2115 803 2169 τοὺς
847 2117 968 2167 οὕτω
1006 2121 1284 2185 τρυφῶντας
1329 2118 1404 2167 καὶ
1453 2115 1794 2183 τεθραμμένους
1839 2118 1914 2168 καὶ

330 2202 589 2249 σπαταλᾶν
616 2196 847 2261 εἰωθότας,
876 2199 901 2248 ὁ
928 2204 1009 2249 τοῦ
1034 2203 1200 2250 παθεῖν
1227 2197 1379 2268 φόβος
1404 2200 1453 2249 ἐν
1478 2203 1572 2252 τοῖς
1597 2203 1680 2249 τοῦ
1705 2198 1914 2264 πολέμου

285 2280 491 2334 1)πόνοις
537 2283 612 2331 καὶ
663 2282 702 2332 ἐν
751 2281 908 2337 ’ὅπλοις
958 2280 1178 2347 γενέσθαι
1225 2281 1590 2348 παρασκευάσει.
1658 2280 1788 2332 ἀλλὰ
1839 2283 1912 2332 καὶ
1933 2295 1978 2335 25

331 2365 477 2417 οὕτως
525 2363 716 2431 ἔχοντας
765 2367 841 2415 καὶ
883 2364 1255 2428 ἐσκευασμένους
1297 2360 1540 2433 λήψονται,
1581 2365 1745 2432 φησὶν,
1797 2364 1914 2427 ὁμοῦ

332 2446 578 2515 φιλτάτοις
612 2447 687 2497 καὶ
721 2446 907 2516 γυναιξὶ
947 2448 1020 2497 καὶ
1059 2446 1270 2515 κόλαξιν,
1303 2445 1345 2496 οἳ
1374 2447 1478 2509 μεθ’
1512 2448 1639 2510 ὑμῶν
1677 2445 1805 2499 ὄντες
1843 2448 1913 2497 ἀεὶ

332 2529 581 2582 πλείσταις
619 2527 704 2593 μὲν
747 2527 882 2582 ὅσαις
924 2526 1229 2595 κατεκρότουν
1278 2528 1536 2598 εὐφημίαις,
1578 2528 1814 2595 ὠνόμαζον
1864 2527 1912 2580 δὲ

386 2686 417 2710 Ι.
442 2674 556 2721 οἴκων]
577 2675 646 2710 οἶκε
663 2679 708 2710 ὣν
725 2675 858 2721 (littera
874 2687 945 2710 una
962 2675 1076 2721 erasa)
1095 2676 1139 2710 Α.
1331 2684 1362 2721 7.
1389 2675 1581 2718 ἐπιτηδείως
1597 2687 1661 2720 pro
1677 2674 1821 2720 μελέτην
1833 2675 1915 2710 A.b.

336 2734 369 2768 9.
395 2723 499 2757 ποσὶν
516 2723 612 2758 ἰδίοις
629 2723 804 2757 συνέθλων
821 2723 911 2757 Α.Β.
923 2723 958 2757 b.
977 2724 1046 2758 τοῖς
1065 2723 1162 2758 ἰδίοις
1178 2722 1354 2757 συνέθλων
1369 2723 1454 2757 ποσὶ
1472 2721 1564 2756 Edd.
1727 2733 1740 2756 1
1751 2733 1780 2756 Ι.
1805 2737 1915 2768 προσ-

336 2770 453 2815 επάγει
470 2769 514 2803 Α.
526 2769 561 2804 b.
816 2781 868 2804 12.
895 2769 1068 2813 ἀπέδειξεν
1084 2769 1128 2803 Α.
1141 2769 1175 2804 b.
1193 2770 1319 2814 ἔδειξεν
1336 2769 1428 2803 Edd.
1668 2780 1720 2814 13.
1746 2768 1836 2813 ἥκειν
1852 2780 1916 2814 pro

336 2815 434 2850 ε’ίκειν
450 2817 494 2850 Α.
505 2816 540 2850 b.
588 2815 664 2860 ἧκεν
675 2816 819 2851 accessit
832 2829 873 2850 ex
887 2816 971 2851 A.b.
1020 2816 1105 2850 ὅσον
1119 2816 1163 2852 εἷς
1176 2817 1212 2857 β.
1227 2831 1257 2850 τ.
1270 2819 1451 2861 κρατοῦσιν
1464 2815 1571 2850 αὐτῶν
1583 2815 1721 2850 inverso
1739 2816 1860 2850 ordine
1871 2815 1914 2850 B.

340 2872 394 2906 15.
420 2863 473 2896 καὶ
490 2875 559 2898 om.
577 2863 622 2897 A.
778 2864 832 2898 18.
858 2863 1097 2907 ὑπηρετεῖσθαι
1114 2865 1246 2906 μᾶλλον
1263 2863 1333 2897 inv.
1351 2862 1425 2897 ord.
1443 2863 1488 2897 A.
1537 2861 1595 2897 οὖν
1611 2874 1680 2897 om.
1694 2862 1737 2896 A.
1756 2862 1861 2896 habet
1877 2862 1913 2896 b.

338 2918 393 2942 20.
418 2911 489 2952 ἢτοι
507 2916 540 2943 et
557 2912 660 2955 ἤγουν
676 2910 765 2945 inter
783 2922 819 2945 se
836 2916 1073 2955 transponunt
1091 2909 1183 2944 Edd.
1201 2910 1318 2945 invitis
1335 2909 1473 2944 A.B.b.
1708 2920 1763 2943 21.
1789 2906 1859 2954 εἶχε
1876 2909 1912 2943 b.

337 2953 454 2988 invitis
472 2956 560 2990 A.B.
808 2968 862 2992 22.
888 2957 1094 3003 παρέπονται
1113 2956 1204 2991 Edd.
1443 2966 1497 2999 25.
1522 2957 1636 2992 πόνοις
1652 2967 1716 3001 pro
1732 2955 1852 2991 ὅπλοις
1868 2955 1912 2990 Α.

339 3010 392 3044 27.
420 3002 472 3035 καὶ
489 3002 584 3046 prius
602 3014 670 3038 om.
690 3004 732 3038 A.
