2021 3434
71 243 97 283 i.
121 256 160 298 3.
536 241 608 281 IN
650 240 885 280 OSEAM.
948 239 1096 280 TOM.
1141 239 1176 278 I.
1591 237 1645 276 23

70 354 189 421 θύρα
214 355 289 404 καὶ
315 351 420 406 ὁδὸς
447 356 508 406 εἷς
535 353 647 403 αὐτό
666 376 757 404 που
775 351 829 404 τὸ
849 350 974 414 βαθὺ
998 354 1073 402 καὶ
1093 353 1293 402 λοῖσθον
1313 346 1647 416 καταφέρουσα

69 435 255 489 σκότος·
311 434 613 502 ἀποσχέσθαι
647 435 832 486 πέπεικε
858 439 952 485 τῶν
982 435 1101 485 οὕτω
1125 430 1472 495 διεπτυσμένων
1498 431 1648 498 ἐπᾳσ-

69 518 230 583 μάτων
267 540 316 569 τε
350 515 446 580 ἅμα
480 520 554 568 καὶ
592 515 949 585 ἐγχειρημάτων,
984 519 1057 566 καὶ
1092 514 1262 566 τέκνων
1296 513 1435 564 ἐποίει
1472 511 1648 578 μητέρα

71 600 265 664 σεμνήν.
335 599 388 650 τὸ
424 599 471 650 δέ
506 599 562 663 δὴ
597 599 661 663 μὴ
700 599 893 668 σφόδρα
932 599 1184 666 φροντίσαι
1214 601 1308 648 τῶν
1342 594 1443 646 καθ’
1471 593 1648 656 ἑαυτὸν,

32 682 298 751 5ἐξανύσαι
340 681 488 748 γεμὴν
532 682 724 732 ἑλέσθαι
773 685 963 743 μᾶλλον
1010 679 1063 730 τὸ
1116 679 1254 748 ἑτέρῳ
1298 677 1532 746 χρήσιμον
1575 678 1649 727 καὶ

73 767 327 831 ἀναγκαῖον
364 768 425 817 εἷς
459 764 710 829 σωτηρίαν,
735 761 1014 828 ἀγιοπρεπὲς
1053 761 1109 811 ἂν
1149 761 1361 828 φαίνοιτο
1400 762 1475 810 καὶ
1511 757 1645 828 ἀξιοί-
1669 765 1696 806 (1

75 870 258 913 γαστον
298 846 600 908 σπούδασμα.
666 843 694 910 ἢ
737 843 830 911 γὰρ
867 845 953 911 οὐχ
989 845 1108 895 οὕτω
1140 845 1215 893 καὶ
1251 843 1438 893 ἐπαίνου
1475 840 1651 895 παντὸς

77 929 342 998 ἀξιώσομεν
379 926 462 978 τὸν
498 925 725 992 μακάριον
757 926 1008 995 προφήτην
1033 924 1258 987 εΗσαίαν,
1286 928 1323 975 εἰ
1361 922 1441 974 τὸν
1468 922 1652 990 χιτωνί-
1714 933 1768 964 Es.
1783 943 1837 963 xx.

78 1034 197 1062 σκον
222 1009 408 1071 ἀποδὺς,
436 1007 794 1072 ὑπολυσάμενος
829 1007 877 1059 δὲ
913 1010 987 1059 καὶ
1022 1007 1081 1058 τὰ
1108 1006 1358 1068 σανδάλια,
1388 1008 1462 1056 καὶ
1488 1006 1653 1070 ὀλίγου

13 1116 60 1141 10
78 1097 318 1145 παντελῶς
343 1091 553 1160 ἀξιώσας
588 1090 736 1157 λόγου
768 1089 853 1155 τὴν
879 1090 1146 1154 εὐκοσμίαν,
1174 1087 1436 1156 περιεπάτει
1463 1086 1654 1153 γυμνὸς,

78 1176 151 1226 ἵνα
187 1177 269 1238 τῆς
306 1174 529 1238 ἐσομένης
565 1174 892 1241 αἰχμαλωσίας
927 1178 1022 1227 τοῖς
1057 1173 1114 1242 ἐξ
1135 1170 1336 1238 Ἰσραὴλ
1369 1170 1656 1238 παραδείξας

77 1256 131 1309 τὸ
172 1259 351 1324 σχῆμα,
398 1260 506 1326 Θεῷ
554 1260 869 1323 προσκεῖσθαι
919 1253 1263 1323 παρασκευάσῃ
1314 1255 1389 1304 καὶ
1432 1251 1517 1316 τὴν
1561 1256 1656 1302 τῶν

79 1340 316 1439 ἁμαρτιῶν
366 1340 613 1404 ἀγαπῆσαι
656 1336 916 1407 κατάληξιν
965 1338 1196 1405 ἀναπείσῃ
1248 1335 1445 1396 λοιπόνς
1505 1334 1554 1385 τί
1594 1333 1655 1397 δὲ,

79 1422 186 1473 ειπέ
213 1444 305 1484 μοι,
343 1443 417 1472 και
449 1422 474 1471 ὁ
512 1419 666 1490 σοφὸς
704 1421 813 1485 ἡμῖν
853 1424 1049 1474 Παῦλος
1087 1421 1169 1470 οὐκ
1208 1419 1416 1488 ε”φασκεν
1452 1418 1695 1483 ἐναργῶςεῑ

16 1525 62 1564 15
81 1511 108 1533 ‘⁶
127 1502 356 1571 Ηυχόμην
385 1502 478 1569 γὰρ
509 1526 646 1556 αυτος
684 1526 774 1569 εγω
813 1501 1021 1565 ἀνάθεμα
1058 1525 1170 1553 ειναι
1201 1500 1294 1553 ἀπο
1319 1524 1401 1552 του
1427 1504 1655 1566 Χριστοῦ,
1719 1506 1877 1589 {hm-1³<-

83 1587 242 1652 “ὑπερ
258 1590 351 1636 τῶν
367 1587 590 1654 ἀδελφῶν
604 1608 708 1649 μου,
719 1589 812 1636 τῶν
828 1589 1074 1651 συγγενῶν
1090 1607 1179 1648 μου
1196 1588 1290 1635 τῶν
1309 1582 1428 1634 κατὰ
1444 1580 1655 1648 σάρκας”
1743 1573 1751 1581 ’

81 1668 182 1734 οὐχι
209 1667 256 1718 δε
282 1669 394 1718 καιί
398 1672 518 1722 ςτοις
544 1672 666 1718 πᾶσι
691 1667 910 1734 γενεσθαι
929 1666 988 1717 τὰ
1010 1665 1165 1718 πάντα
1191 1666 1396 1735 φησιν,“
1379 1689 1450 1716 ινα
1473 1663 1660 1718 πάντως·
1725 1692 1737 1713 1
1758 1684 1832 1715 Cor

82 1756 109 1779 ‘⁶
133 1749 261 1804 τινὰς
285 1750 441 1818 σώσῃ,
468 1773 542 1800 και
573 1750 812 1816 γεγονέναι
845 1773 929 1813 μεν
954 1755 1050 1804 τοῖς
1068 1748 1307 1802 Ἰουδάιοις
1341 1751 1403 1801 ὡς
1426 1749 1661 1810 Ἰουδαῖος,
1722 1738 1774 1809 ΗΞ),
1789 1737 1849 1802 222ιῖ

83 1838 111 1861 “
133 1837 229 1886 τοῖς
255 1832 442 1896 ἀνόμοις
468 1834 531 1886 ὡς
561 1832 745 1896 ἄνομος,
771 1831 836 1896 μὴ
873 1830 937 1883 ὧν
973 1832 1145 1894 ἄνομος
1180 1835 1302 1900 Θεῷ,
1330 1831 1440 1880 ἀλλ’
1471 1830 1665 1893 ε”ννομος

18 1941 66 1966 20
85 1920 112 1944 ‘⁵
135 1917 344 1984 Χριστῷ,
371 1915 446 1965 ἵνα
473 1914 614 1983 σώσῃ
640 1913 746 1969 τοὺς
774 1914 974 1978 ἀνόμους
993 1913 1030 1975 3”
1072 1917 1146 1965 καὶ
1173 1913 1222 1965 τί
1250 1914 1315 1964 ε”τι
1347 1918 1493 1964 ταῦτα
1520 1912 1661 1978 λέγω,

0 2037 1 2061 ,
84 1996 138 2048 τὸ
173 1996 238 2048 ε’τι
270 1997 424 2064 μεῖζον
461 1998 625 2066 ἀφείς;
668 1997 738 2048 ὅτι
776 2001 851 2048 καὶ
889 1995 1026 2051 αυτὸς
1059 1998 1084 2047 ὃ
1117 1994 1391 2062 Μονογενὴς
1429 2000 1511 2046 τοῦ
1539 1999 1663 2045 Θεοῦ

87 2078 302 2144 Λόγος,’
284 2103 357 2130 ινα
375 2079 517 2148 σώσῃ
543 2103 596 2130 το
621 2080 916 2146 ἀνθρώπινον
943 2079 1119 2144 γενος,ί
1124 2080 1238 2146 ζουχ
1265 2076 1516 2144 ἁρπαγμον
1541 2076 1657 2141 ηγή-
1681 2105 1703 2129 a
1735 2096 1783 2130 17
1804 2094 1852 2128 Α.

103 2168 262 2212 ίσατο
287 2160 341 2212 τὸ
367 2159 480 2213 εἶναι
499 2162 584 2212 ι’σα
602 2165 721 2230 Θεῷ,
744 2161 855 2212 ἀλλ’
874 2160 1038 2212 ἑαυτὸν
1063 2161 1258 2212 ἐκένωσε
1279 2158 1469 2228 μορφὴν
1493 2158 1664 2209 δουλου
1725 2145 1809 2220 {th
1828 2156 1866 2176 ¹¹

88 2251 115 2274 ‘⁶
141 2243 320 2307 λαβὼν,
358 2246 405 2295 ἐν
444 2243 700 2308 ὁμοιώματι
737 2243 999 2310 ἀνθρώπων
1037 2243 1300 2309 γενόμενος,
1339 2265 1413 2292 και
1453 2239 1665 2307 σχήματι

91 2327 383 2391 “eopeeecs
356 2350 418 2381 ως
434 2326 735 2394 οίνθρωπος,
712 2348 921 2390 υπεμεινε
941 2348 1163 2392 σταυρόν,
1181 2324 1410 2390 αισχύνης
1426 2328 1666 2389 καταφρο-
1726 2339 1815 2371 Eeb

1726 2394 1816 2414 Χ11.2
1823 2408 1830 2414 .

95 2407 323 2472 ‘vficrasu’

165 2489 317 2541 Οὐδὲν
354 2491 434 2541 οὖν
472 2491 563 2557 ἄρα
600 2489 654 2542 τὸ
693 2489 984 2554 θαυμαστὸν,
1020 2492 1057 2539 εὶ
1094 2487 1250 2555 βραχὺ
1288 2493 1371 2538 τοῦ
1408 2486 1668 2554 πρέποντος

91 2571 450 2640 ἐκπεφοιτηκὼς,
493 2573 705 2624 σε’σωκεν
748 2574 772 2623 ὁ
812 2571 1061 2641 προφήτης
1098 2569 1183 2632 τὴν
1221 2568 1391 2636 Γόμερ,
1431 2571 1507 2620 καὶ
1551 2570 1669 2620 ἀπο-

91 2653 251 2708 λωλὸς
300 2653 355 2704 τὸ
404 2653 595 2719 γύναιον
645 2654 908 2721 ἀνακομίζει
958 2652 1076 2720 πρὸς
1127 2653 1393 2716 εὐκοσμίαν.
1486 2651 1557 2702 ὅτι
1619 2649 1668 2701 δὲ
1685 2659 1712 2699 b

25 2766 74 2803 30
92 2737 328 2804 χρησίμου
365 2758 414 2786 τε
453 2738 527 2786 καὶ
567 2736 820 2801 ἀναγκαίου
857 2735 1135 2801 πράγματος
1174 2734 1303 2785 ἕνεκα
1340 2734 1669 2786 συνάπτεσθαι

92 2822 158 2888 τῷ
184 2819 357 2888 γυναίῳ
390 2817 681 2884 προσέταττε
707 2817 841 2880 Θεὸς,
867 2816 1291 2885 πεπληροφόρηκεν
1321 2816 1466 2879 εὐθὺς,
1498 2816 1668 2880 ταύτης

143 3007 174 3032 2.
200 2996 416 3041 ε’πᾳσμάτων]
440 2995 496 3031 Sic
515 2995 607 3030 Edd.
626 2997 825 3040 σκεμμάτων
843 2996 885 3030 Β.
1043 3007 1096 3031 12.
1121 3010 1219 3040 προκ.
1240 2995 1332 3031 Edd.
1354 2996 1513 3031 Correxit
1531 2995 1667 3041 B‘Iigne.

96 3043 193 3078 Haec
210 3044 262 3078 καὶ
279 3044 550 3088 τὴν-ἀναπείσῃ
569 3049 789 3078 accesserunt
806 3055 847 3077 ex
866 3042 908 3077 B.
1130 3044 1184 3078 28.
1211 3043 1454 3089 ἐκπεφοιτηκὸς
1469 3042 1563 3077 Aub.
