2021 3434
290 153 374 194 270
680 153 728 192 Β.
774 152 1045 193 CYRILLI
1085 153 1463 194 ALEXANDR.
1595 153 1679 192 xiii.
1709 165 1770 202 12,
1800 165 1861 206 13·

288 260 438 314 ἐλπίς·
483 259 688 325 ἐκρύεται
719 260 768 310 δὲ
799 262 873 311 καὶ
905 261 1036 322 μάλα
1066 262 1236 330 ῥᾳδίως
1263 261 1341 315 οῦς
1366 259 1424 311 ἂν
1451 261 1604 311 ἕλοιτο
1630 259 1762 322 Θεὸς,
1788 262 1863 310 καὶ

323 341 340 360 Α
404 339 422 359 ὦ

288 364 367 396 ους
394 365 452 391 αν
477 340 820 393 καταθεοῖσαιτο
846 341 931 406 τὴν
955 344 1023 393 ἐπ’
1050 345 1174 412 αὐτῷ
1199 347 1427 406 τιμῶντας
1453 342 1635 393 ἐλπίδα.

68 464 148 500 186
165 463 214 498 Α.
249 473 271 497 a

136 557 195 589 12,
220 539 486 601 Ι3Ἐφραῗμ,
523 543 835 601 ἐπκεκρυμμένΗ
874 545 897 586 ἡ
937 545 1122 602 ἁμαρτία
1166 545 1302 587 αὐτοῦ·
1355 542 1506 586 ὠδῖνες
1543 544 1603 585 ὡς
1640 544 1862 585 τικτούσι-ιο

353 630 522 670 ἕξουσιν
564 628 692 682 αὐτῷ.
753 626 876 670 οὗτος
923 630 945 670 ὁ
990 627 1079 671 unse
1123 645 1196 672 σου
1235 631 1258 672 ὁ
1303 631 1522 687 φρόνιμος,
1565 628 1671 670 διότι
1713 628 1761 668 οὐ
1803 627 1859 676 μὴ

351 714 513 771 ὑποστξι
550 714 594 754 ἐν
632 716 827 770 συντριβῇ
864 714 1041 755 τέκνων.
1883 721 1906 759 5

66 839 193 913 f’f-Vii-
359 833 515 881 Τοῦτο
554 828 683 894 οἶμαί
716 832 818 882 ἐστι
853 830 906 881 τὸ
938 838 965 860 “
987 830 1225 890 Συνέλαβε
1261 829 1420 892 πόνον,
1459 832 1535 880 καὶ
1573 829 1722 880 ἔτεκεν
1759 830 1864 878 οἶνο-

89 903 118 923 &
287 919 313 941 “
332 912 489 976 μίαν.”
548 914 596 963 ἐν
631 915 795 980 ἀρχαῖς
832 913 916 977 μὲν
950 912 1043 980 γὰρ
1078 913 1337 979 Ἰεροβοάμ,
1370 913 1445 963 ἵνα
1481 915 1577 963 τῶν
1606 910 1864 976 σκήπτρων

284 992 349 1058 μὴ
374 994 621 1046 ἀποπέσοι·
663 994 746 1048 τὰς
780 994 899 1046 κατὰ
925 995 1067 1059 νόμον
1099 996 1267 1050 θυσίας
1293 997 1603 1061 ἀποπληροῦν
1622 994 1865 1046 ἐθέλοντος

285 1082 369 1127 τοῦ
402 1075 618 1142 Ἰσραὴλ,
652 1076 822 1140 ταύτης
857 1099 907 1127 τε
945 1077 1075 1128 ἕνεκα
1115 1080 1196 1141 τῆς
1238 1078 1384 1131 αἰτίας
1423 1079 1768 1144 ἀναφοιτῶντος
1803 1078 1866 1127 εἰς

239 1162 266 1203 b
285 1157 611 1224 Ἱεροσόλυμα·
653 1157 736 1212 τὰς
773 1159 996 1223 δαμάλεις
1033 1158 1255 1224 ἐπενόησε
1289 1158 1372 1212 τὰς
1403 1162 1598 1226 χρυσᾶς.
1659 1158 1734 1207 καὶ
1760 1153 1858 1206 ὥσ·
1887 1185 1934 1210 10

285 1263 371 1307 περ
415 1239 519 1291 τινὰ
558 1247 764 1306 πονηροῦ
808 1242 1079 1307 σπέρματος
1122 1239 1394 1305 καταβολὴν
1430 1245 1491 1293 εἷς
1538 1245 1646 1290 νοῦν
1684 1238 1864 1306 ἐδέχετο

283 1321 717 1389 κατακεχωσμένην,
769 1321 930 1388 ὥσπερ
980 1325 1056 1374 καὶ
1103 1321 1442 1392 ἐγκεκρυμμένην
1492 1321 1576 1386 τὴν
1620 1324 1858 1391 ἁμαρτίαν.

282 1407 391 1455 ἀλλ’
419 1404 503 1473 ἥξει
532 1407 655 1473 φησὶ
693 1407 767 1455 καὶ
802 1406 825 1455 ὁ
860 1409 953 1456 τῶν
981 1403 1130 1456 ὠδίνων
1165 1405 1338 1471 καιρός.
1404 1405 1535 1458 οὗτος
1562 1403 1600 1453 δ’
1630 1401 1686 1453 ἂν
1713 1407 1864 1453 νοοῖτο

281 1489 442 1552 πάλιν,
469 1489 494 1540 ὅ
519 1512 569 1541 τε
601 1496 684 1541 τοῦ
719 1490 931 1554 πολέμου
964 1492 1038 1541 καὶ
1073 1493 1156 1554 τῆς
1190 1491 1533 1557 αἰχμαλωσίας.
1603 1493 1639 1540 εἰ
1665 1488 1757 1554 γὰρ
1789 1491 1863 1539 καὶ

281 1570 346 1636 μὴ
381 1572 506 1641 αὐτῷ
543 1571 721 1637 συνέβη
756 1576 822 1640 τῷ
858 1571 1083 1640 Ἐφραὶμ,
1119 1573 1230 1623 ἀλλ’
1264 1573 1344 1623 οῦν
1383 1577 1477 1626 τοῖς
1515 1572 1571 1639 ἐξ
1601 1565 1752 1622 αὑτοῦν
1779 1593 1859 1635 γε·
1889 1592 1932 1630 15

280 1652 489 1719 γονόσιν,
541 1653 687 1720 ἤγουν
730 1658 826 1707 τοῖς
866 1657 949 1718 τῆς
997 1656 1144 1722 ἀρχῆς
1195 1653 1440 1721 διαδόχοις,
1489 1655 1697 1717 ἐπῆλθον
1746 1651 1865 1703 κατὰ

282 1734 480 1801 καιροὺς,
513 1734 584 1787 ὅτι
615 1739 697 1800 τῆς
727 1737 898 1787 ἐκείνου
929 1737 1210 1798 δυσσεβείας
1242 1734 1469 1802 γεγόνασι
1500 1735 1711 1799 μιμηταί.

355 1817 638 1883 Διαλέγεται
663 1818 817 1869 τοίνυν
849 1821 911 1872 ὡς
944 1818 1061 1885 πρὸς
1091 1817 1178 1882 τὴν
1211 1819 1259 1869 ἐν
1293 1821 1351 1886 τῇ
1378 1819 1614 1887 Σαμαρείᾳ
1642 1821 1865 1883 Συναγω-

278 1897 370 1964 γὴν
421 1900 502 1951 καί
536 1904 659 1968 φησι
699 1900 785 1954 Τίς
829 1924 887 1951 σε
931 1901 1192 1962 διασώσεις
1248 1898 1339 1967 ἆρα
1381 1907 1398 1953 ὁ
1443 1901 1527 1955 υἱός
1570 1924 1646 1951 σου
1689 1898 1804 1955 οὗτος
1844 1905 1863 1952 ὁ

240 1982 515 2050 οφρὸνιμοςς
573 1982 728 2048 λέγων
766 1982 814 2034 δὲ
856 1982 910 2034 τὸ
957 1982 1089 2045 οὗτος,
1133 1982 1162 2048 ἢ
1207 1982 1289 2034 τὸν
1335 1982 1453 2034 κατὰ
1495 1980 1680 2048 καιροὺς
1717 1987 1861 2043 βασι·
1883 2009 1933 2035 20

278 2065 476 2117 λεύοντα
523 2068 768 2130 δείκνυσιν,
815 2066 865 2121 ὃς
915 2069 991 2118 καὶ
1042 2067 1127 2132 τὴν
1176 2073 1259 2118 τοῦ
1309 2071 1460 2119 δοκεῖν
1510 2065 1625 2118 εἶναι
1668 2065 1864 2121 συνετὸς

277 2147 458 2216 ἐδέχετο
503 2149 662 2218 δόξαν·
713 2150 970 2216 παρέπεται
1012 2149 1105 2217 γὰρ
1149 2155 1286 2201 τοῦτο
1334 2155 1430 2204 τοῖς
1475 2154 1729 2216 κρατοῦσιν
1777 2150 1861 2200 ἀεί·

277 2229 424 2296 ἤγουν
468 2230 624 2299 ἕτερόν
664 2255 721 2295 τι,
761 2234 837 2283 καὶ
874 2236 941 2301 τῷ
982 2236 1126 2302 καιρῷ
1161 2232 1341 2299 πρέπον
1379 2233 1618 2296 ὑποδηλοῖ,
1659 2229 1765 2283 καθ’
1809 2229 1864 2282 ὃν

278 2314 354 2364 καὶ
399 2315 424 2365 ὁ
469 2317 552 2378 τῆς
593 2315 881 2383 προφητείας
925 2314 1104 2381 ἐγένετο
1148 2313 1306 2381 λόγος.
1382 2313 1721 2376 βασιλεύοντος
1767 2312 1862 2380 γὰρ

58 2407 178 2481 ἓνῇθξ-
277 2401 360 2446 τοῦ
376 2393 548 2464 ”Αχαζ
566 2398 640 2448 ε’πὶ
674 2396 756 2448 τὸν
780 2396 961 2448 Ἰούδαν
999 2398 1047 2448 ἐν
1085 2402 1179 2451 τοῖς
1211 2396 1574 2464 Ἱεροσολύμοις,
1610 2403 1637 2426 “
1654 2397 1702 2446 ἐν
1740 2396 1862 2446 ἑνδε-
1881 2422 1928 2460 25

59 2476 134 2534 sqq]
278 2484 306 2507 ‘⁶
326 2477 453 2549 κάτῳ
484 2479 586 2542 ἔτει,
616 2480 960 2540 βεβασίλευκεν
994 2481 1042 2531 ἐν
1072 2483 1131 2548 τῇ
1163 2479 1402 2549 Σαμαρείᾳ
1441 2480 1516 2530 ἐπὶ
1548 2477 1631 2529 τὸν
1661 2476 1862 2544 Ἰσραὴλ

278 2567 305 2591 “
326 2561 476 2626 Ὠσηὲ
510 2561 605 2615 υἱὸς
636 2561 782 2624 Ἠλά,
828 2560 878 2615 ὃς
924 2563 1115 2627 ἐποίησε
1153 2561 1208 2613 τὸ
1251 2560 1459 2629 πονηρὸν
1503 2562 1552 2612 ἐν
1593 2561 1863 2630 ὀφθαλμοῖς

279 2648 305 2671 “
331 2645 545 2710 Κυρίου.”
601 2643 731 2695 ἀλλὰ
763 2648 858 2696 κατ’
888 2645 1031 2696 ἐκεῖνο
1061 2649 1221 2711 καιροῦ
1257 2642 1630 2711 κατεστράτευσε
1656 2645 1738 2707 τῆς
1766 2645 1862 2693 Σα-

326 2779 357 2803 2.
383 2770 642 2805 καταθαιάσαιτο
660 2771 740 2815 (Sic)
760 2771 807 2805 D.
995 2780 1029 2815 5.
1054 2771 1205 2813 ὑποστῇς
1225 2770 1267 2804 Β.
1441 2769 1474 2804 6.
1502 2769 1596 2804 ἐστιν
1613 2766 1704 2810 οἶμαι
1722 2768 1859 2803 inverso

278 2815 399 2849 ordine
418 2817 463 2850 D.
694 2818 726 2851 8.
753 2816 939 2863 ἀποπέσοι]
958 2817 1078 2861 ἀπὼσῃ
1099 2817 1190 2851 Edd.
1411 2827 1464 2851 ΙΙ.
1491 2815 1646 2861 ἐδέχετο]
1667 2815 1805 2858 ἐδέξατο
1822 2814 1858 2849 b.

279 2872 333 2896 12.
359 2863 657 2907 κατακεχωσμένην
675 2863 767 2898 D.b.
786 2864 1107 2909 κατακεχρωσμένην
1126 2864 1168 2899 Β.
1189 2863 1281 2897 Edd.
1583 2874 1636 2907 13.
1662 2863 1715 2896 καὶ
1732 2874 1802 2896 om.
1820 2861 1856 2895 b.

279 2918 332 2950 14.
359 2909 411 2941 καὶ
428 2910 484 2942 alt.
504 2921 573 2944 om.
593 2910 639 2944 D.
797 2922 850 2954 19.
876 2909 926 2954 ἆρ’
947 2911 995 2945 D.
1154 2922 1209 2955 23.
1236 2909 1290 2955 ὃν]
1311 2909 1327 2943 ὃ
1348 2909 1440 2944 Edd·
1581 2921 1635 2952 24.
1662 2909 1789 2954 ἐγίνετο
1809 2908 1855 2942 D.

277 2965 332 2997 25.
351 2953 466 3000 Ἂχιιζ
483 2954 672 3001 Ι).”Αχατζ
691 2956 782 2991 Edd.
801 2964 880 2992 ante
900 2958 1032 3003 Migne.
1225 2968 1279 3002 27·
1306 2957 1371 3000 ἡλᾶ
1390 2957 1435 2990 D.
