2021 3434
296 234 377 273 134
695 240 742 279 Β.
787 240 1054 279 (JYRILL1
1099 240 1470 282 ALEXANDR.
1644 257 1681 281 v.
1713 254 1862 294 1415-

292 346 333 392 οἱ
371 344 437 411 τῷ
471 342 680 410 Ἐφραῒμ
721 346 1040 410 ἐπαμύνοντες,
1086 349 1139 397 οὐ
1182 348 1543 399 διαπεπαύσεται
1589 348 1637 398 δὲ
1677 348 1735 399 τὰ
1781 354 1862 414 τῆς

291 424 454 486 ὀδύνης
486 426 656 478 αὐτοῖς.
725 427 812 492 ἐγὼ
847 428 939 494 γάρ
976 435 1063 497 εἰμι
1099 432 1249 497 φησὶν
1285 430 1342 484 ὦς
1375 428 1533 498 πάνθηρ
1572 436 1630 499 τῷ
1662 431 1862 499 Ἐφραῖμ

246 516 271 555 b
292 511 368 555 καὶ
401 508 459 560 ως
489 505 597 557 λέων
632 514 693 576 τῷ
729 511 829 578 οἴκῳ
854 509 938 560 'Iov'
964 535 1010 561 οι.
1077 510 1316 577 πρόδηλον
1351 512 1431 561 οὖν
1455 511 1537 572 ὅτι,
1567 515 1690 562 Θεοῦ
1714 535 1864 578 παρα-

70 600 122 672 ξιὲ,
142 601 207 630 xiv.
290 587 499 650 λύοντος,
527 589 551 638 ὁ
577 589 756 640 σώσων
783 591 939 645 οὐδείς·
981 599 1008 621 “
1028 591 1130 656 Τὴν
1164 593 1256 658 γὰρ
1291 597 1422 660 χεῖρα
1459 592 1543 656 τὴν
1579 591 1774 661 ὑψηλὴν
1796 594 1864 648 τίς

94 666 119 682 ”
289 676 317 697 “
343 670 694 738 ἀποστρε’ψει;”
735 672 853 724 κατὰ
890 673 943 724 τὸ
981 673 1315 740 γεγραμμένον.
1380 674 1450 725 ὅτι
1488 673 1537 726 δὲ
1579 677 1652 725 καὶ
1691 675 1854 741 ἡμερό-
1882 694 1903 731 5

287 773 425 814 Τητος
464 751 653 816 ἁπάσης
690 754 983 823 ἐξῃρημένης,
1026 755 1084 806 τὰ
1120 757 1188 807 ἐπ’
1225 757 1379 810 αὐτοῖς
1415 757 1633 822 γενέσθαι
1676 757 1860 820 συμβέ-

285 836 444 895 βηκεν,
481 834 713 902 ὑπέφηνεν
747 841 1108 903 αἰνιγματωδῶς,
1133 843 1228 892 τοῖς
1261 837 1331 889 ὅτι
1365 838 1577 902 μάλιστα
1601 841 1761 892 δεινοῖς
1787 841 1863 889 καὶ

286 915 628 978 ἀλκιμωτάτοις
663 919 836 983 θηρίοις
871 919 955 983 τὴν
990 921 1159 971 οἰκείαν
1190 919 1339 986 ὁρμὴν
1368 918 1665 987 παρεικάζων.
1729 921 1754 970 ὁ
1777 920 1863 984 μὲν

286 995 378 1062 ’γὰρ
404 997 562 1067 πάνθηρ
588 999 800 1070 ὁξυτάτῳ
827 1003 934 1052 λίαν
966 1003 1065 1053 καθ’
1095 1001 1160 1053 ὧν
1192 1001 1248 1053 ἂν
1279 1002 1434 1053 ἕλοιτο
1472 1003 1659 1071 φέρεται
1691 1002 1860 1072 δρόμῳ,

285 1079 508 1146 ἐλαφροῖς
554 1081 602 1131 δὲ
652 1083 795 1136 οὕτως
845 1083 969 1135 ἅττει
1018 1087 1175 1147 ποσὶν,
1217 1086 1278 1138 ὡς
1326 1083 1441 1148 μηδὲ
1488 1084 1614 1151 ἰ’χνος
1659 1085 1862 1150 ὁρᾶσθαι
1885 1113 1931 1137 10

287 1159 410 1228 τάχα
430 1184 536 1225 που,
557 1164 671 1227 μήτε
697 1164 788 1228 μὴν
816 1167 1182 1230 ἐνσημαίνεσθαί
1204 1190 1247 1217 τι
1273 1171 1330 1234 τῇ
1356 1170 1432 1234 γῇ·
1473 1168 1498 1217 ὁ
1525 1166 1572 1217 δὲ
1597 1165 1705 1217 λε’ων
1730 1167 1858 1232 ἐρεύ-

248 1265 416 1308 ργεται
461 1244 545 1307 μὲν
587 1247 634 1296 ἐν
677 1251 772 1300 τοῖς
816 1246 946 1314 ὄρεσι
990 1247 1138 1299 δεινὸν
1177 1251 1251 1299 καὶ
1291 1248 1524 1315 διαβριθὲς
1572 1251 1647 1299 καὶ
1685 1253 1861 1317 βροντῇ

285 1326 637 1391 παραπλήσιον,
672 1331 746 1379 καὶ
781 1330 1121 1394 καταπλήττειν
1159 1330 1254 1381 οἶόν
1298 1354 1346 1381 τε
1384 1329 1490 1384 τοὺς
1528 1331 1858 1397 ἀκροωμένους.

66 1425 169 1480 ᾼιηςε
287 1415 314 1436 “
341 1408 474 1459 Λέων
510 1409 620 1476 γάρ,
659 1414 822 1479 φησιν,
866 1411 1109 1481 ἐρεύξεται,
1153 1417 1227 1463 καὶ
1270 1414 1338 1466 τίς
1377 1414 1429 1464 οὐ
1467 1412 1794 1482 φοβηθήσεται
1817 1415 1858 1475 ;”

66 1471 158 1498 m'b'
286 1489 470 1556 ἄμαχον
511 1490 559 1542 δὲ
603 1491 688 1556 τὴν
728 1493 899 1561 ἔφοδον
943 1495 1047 1562 ἔχει,
1090 1496 1164 1545 καὶ
1209 1495 1402 1563 σφόδρα
1445 1494 1736 1559 δυσάντητον
1775 1495 1860 1559 τὴν
1882 1519 1927 1555 15

287 1572 451 1638 ὁρμήν.
519 1578 556 1624 εἰ
583 1573 631 1625 δὲ
657 1574 713 1639 δή
740 1598 784 1626 τι
810 1576 964 1639 λάβοι,
992 1583 1129 1628 τοῦτο
1154 1577 1381 1628 διόλωλεν
1414 1577 1558 1639 εὐθὺς,
1586 1579 1659 1628 καὶ
1697 1577 1778 1628 οὐκ
1801 1576 1860 1628 ἂν

285 1654 491 1723 ἐξέλοιτό
535 1679 604 1710 τις
643 1656 698 1708 τὸ
739 1658 1078 1722 ἐνειλημμένον.
1164 1658 1233 1710 ὅτι
1275 1658 1322 1709 δὲ
1364 1657 1451 1726 ὀξὺ
1500 1659 1584 1722 μὲν
1631 1659 1791 1723 θηρίον
1833 1661 1857 1710 ὁ

286 1736 458 1807 πάνθνρ,
486 1739 744 1807 ἀφίπταται
782 1739 831 1791 δὲ
865 1738 1039 1806 ὥσπερ,
1071 1740 1124 1792 τὸ
1156 1740 1371 1809 ἐπιτυχὸν
1406 1741 1638 1807 ἁρπάσας·
1678 1740 1852 1806 ἀθραυ-

285 1842 404 1870 στον
442 1820 490 1871 δε
525 1844 682 1888 χρημα
708 1845 782 1874 και
820 1821 946 1876 ἀδεὲς
972 1846 1047 1873 και
1086 1821 1388 1920 δυσάντητον,
1420 1826 1481 1877 ὡς
1520 1822 1652 1892 εφην,
1683 1824 1708 1873 ὁ
1739 1821 1858 1873 λεων

285 1903 428 1965 ἐστιν,
479 1903 614 1957 αυτὸς
662 1904 929 1973 παρέδειξεν
979 1905 1177 1957 ἐπειπών
1228 1913 1316 1956 Ka.
1369 1903 1457 1972 ἑγὶ
1507 1904 1723 1974 &pn-colum
1778 1927 1854 1956 και
1878 1934 1926 1958 20

238 2002 262 2042 (1
286 2008 550 2053 πορευτομοιι
574 2010 651 2037 και
674 1981 891 2056 λήψομαι
922 2012 998 2038 και
1026 2012 1099 2038 ουκ
1122 1987 1244 2038 ἔσται
1267 1993 1284 2039 ὁ
1312 1986 1618 2057 ἓξαιρουμενος.
1660 1985 1858 2053 ἁρμόσει

283 2065 367 2129 μὲν
392 2066 484 2133 γὰρ
515 2073 652 2118 τοῦτο
682 2073 739 2135 τῇ
774 2071 947 2121 λεόντων
978 2071 1116 2138 ἀλκῇ·
1159 2069 1212 2120 τὸ
1249 2069 1296 2120 δὲ
1329 2070 1546 2139 ἀρπῶμοιι
1588 2074 1665 2120 not)
1704 2068 1856 2138 πορεύ-

283 2176 443 2220 σομαι,
492 2152 704 2219 δράσειεν
747 2151 803 2203 ἂν
844 2154 868 2203 ὁ
907 2153 1078 2223 πάνθηρ,
1123 2156 1184 2208 ὡς
1224 2153 1358 2221 ἔφην.
1419 2153 1488 2205 ὅτι
1532 2153 1580 2204 δὲ
1618 2156 1692 2204 καὶ
1731 2155 1848 2204 ἀπο-

282 2233 499 2301 φοιτήσει
524 2239 617 2285 τῶν
642 2234 975 2299 λελυπηκότων
996 2237 1021 2286 ὁ
1045 2237 1228 2303 Κύριος,
1256 2239 1330 2287 καὶ
1356 2237 1604 2303 μονονουχὶ
1629 2240 1860 2286 συστελεῖ

281 2314 367 2379 τὴν
400 2317 663 2383 ἐπικουρίαν
693 2319 768 2368 καὶ
802 2317 1067 2382 ἀποστήσει
1105 2317 1158 2369 τὸ
1199 2317 1390 2382 εὐμενὲς,
1418 2317 1747 2382 διαμεμήνυκεν
1784 2320 1847 2367 εἰ·
1874 2341 1920 2378 25

280 2398 382 2448 πών
423 2398 698 2468 Πορεύσομοιι
753 2406 829 2451 καὶ
871 2396 1130 2471 ἐπιστρέψω
1172 2405 1230 2455 εἰς
1271 2399 1336 2452 τᾶν
1384 2399 1511 2451 rosv-ov
1562 2425 1646 2468 μου
1689 2399 1766 2455 ἕως
1808 2398 1851 2450 οὗ

281 2480 573 2547 &qum-9551.
641 2480 771 2551 τόπῳ
796 2481 879 2545 μὲν
909 2481 1002 2548 γὰρ
1033 2481 1359 2549 ἀπεριόριστον
1383 2487 1625 2536 παντελῶς
1651 2481 1704 2532 τὸ
1731 2481 1851 2532 θεῖόν

283 2563 399 2612 ἐστι·
431 2568 642 2629 παρεῖναι
668 2564 716 2615 δὲ
742 2563 932 2629 λέγεταί
946 2587 1084 2626 τισιν,
1105 2564 1216 2615 ὅταν
1235 2564 1474 2631 χαρίζηται
1499 2563 1584 2627 τὴν
1603 2563 1847 2627 εὐμένειαν·

242 2673 263 2698 ρ,
282 2644 461 2695 ἀπεῖναι
488 2645 535 2696 δὲ
570 2647 628 2697 αὖ
660 2650 754 2697 τῶν
785 2646 1129 2712 ἡμαρτηκότων,
1157 2647 1267 2698 ὅταν
1293 2646 1454 2700 αὐτοὺς
1481 2645 1848 2714 ἀποστρέφηται,

327 2831 360 2861 4.
387 2821 502 2862 σώζων
520 2821 564 2855 D.
780 2832 812 2866 5.
836 2823 1007 2867 εἰρημένον
1022 2835 1084 2869 pro
1100 2823 1331 2870 γεγραμμένον
1348 2823 1394 2857 D.
1611 2833 1663 2856 10.
1687 2821 1781 2867 ἴχνος
1798 2821 1846 2857 D.

279 2863 385 2909 ἵχνοις
403 2866 494 2900 Edd
670 2880 722 2913 15.
748 2870 787 2914 τὴ
792 2885 808 2903 ν
824 2871 919 2915 prius
937 2876 1156 2914 assumptum
1174 2883 1216 2905 ex
1235 2871 1274 2904 Β.
1281 2870 1327 2905 D.
1502 2878 1556 2915 17
1581 2869 1642 2912 ὀξὺ
1655 2869 1715 2913 μὲν
1731 2869 1848 2913 θηρίον

281 2911 328 2946 D.
347 2912 462 2956 θηρίον
478 2912 537 2957 όξυ
555 2914 645 2949 Edd.
798 2928 850 2962 19
878 2917 1008 2951 Haec‘
993 2933 1036 2953 ως
1052 2918 1138 2963 ἔφην
1155 2924 1334 2963 assumpta
1350 2928 1391 2950 ex
1410 2915 1456 2951 D.
1608 2927 1662 2950 20.
1681 2915 1780 2949 εἰπὼν
1798 2915 1846 2949 D.

281 2969 336 2992 21.
362 2960 380 2992 ὁ
397 2966 617 3004 assumptum
635 2974 674 2996 ex
693 2963 734 2996 B.
740 2963 785 2997 D.
834 2963 969 3007 ἁρμόζει
987 2963 1078 2998 Edd.
1470 2973 1525 2998 22.
1549 2963 1610 3006 μὲν
1626 2968 1846 3019 assumptum

279 3017 319 3038 ex
340 3005 385 3039 D.
629 3019 683 3050 24.
710 3011 728 3041 ὁ
746 3011 829 3046 Θεὸς
848 3011 893 3045 D.
1138 3020 1192 3056 25.
1219 3009 1446 3056 ἀποστερήσει
1463 3021 1526 3054 pro
1542 3007 1733 3053 ἀποστήσει
1751 3007 1843 3042 Edd.

280 3052 333 3086 28.
361 3051 451 3097 εστι]
470 3057 505 3092 -Ι-
523 3054 576 3086 καὶ
595 3053 640 3087 D.
830 3067 884 3101 29.
910 3057 1145 3102 ἡμαρτημενων
1163 3058 1207 3091 D.
