2021 3434
2009 0 2021 170 *qm-‘3

326 193 410 234 376
714 195 760 234 B.
805 196 1083 236 CYRILLI
1126 196 1505 237 ALEXANDR.
1813 198 1837 237 i.
1866 211 1900 237 J.

324 303 574 368 ἱσχνοτέρα
599 308 741 355 κεῖται
766 308 870 371 περὶ
896 306 1073 357 τούτων
1099 305 1355 374 ἀφήγησις.
1407 306 1500 373 ἔχει
1526 305 1574 356 δὲ
1599 308 1743 360 οὕτως
1764 315 1790 336 “
1809 310 1900 358 Καὶ

103 394 117 414 2
136 385 211 435 qu.

99 439 188 460 XXVI.
213 439 250 459 1-

324 391 350 412 ⁶⁶
377 382 524 443 ἕλαΒε
563 389 654 438 πᾶς
699 387 724 436 ὁ
769 385 886 440 λαὸς
919 391 1000 451 τῆς
1035 391 1122 452 γῆς
1161 386 1242 438 τὸν
1279 388 1457 454 Ὀζιάν,
1499 389 1573 437 καὶ
1614 386 1750 441 αὐτὸς
1794 389 1902 439 δέκα

322 470 350 492 “
375 467 449 515 καὶ
475 464 532 534 ’ἐξ
563 467 678 517 ε’τῶν
711 470 786 519 καὶ
818 470 1140 529 ἐβασίλευσαν
1163 469 1304 520 αὐτὸν
1330 472 1431 520 ἀντὶ
1457 475 1538 520 τοῦ
1563 468 1739 534 πατρὸς
1763 471 1903 521 αὐτοῦ

321 552 347 574 “
373 546 614 609 Ἀμεσίου.
672 550 810 603 αὐτὸς
837 550 1111 620 ᾠκοδόμησε
1145 551 1231 615 τὴν
1253 551 1423 612 Ἐλάθ,
1449 550 1584 605 αὐτὸς
1613 552 1902 617 ἐπέστρεψεν

323 634 350 656 “
377 628 521 692 αὐτὴν
560 635 627 699 τῷ
663 631 818 682 Ἰούδα
862 632 978 695 μετὰ
1014 633 1068 683 τὸ
1107 636 1381 697 κοιμηθῆναι
1425 631 1507 683 τὸν
1544 634 1751 694 βασιλέα
1785 633 1901 696 μετὰ
1922 650 1943 686 5

321 716 348 738 “
373 714 465 759 τῶν
499 711 713 778 πατέρων
748 715 905 765 αὑτοῦ.
973 713 1067 768 υἱὸς
1101 715 1210 765 δέκα
1248 717 1324 765 καὶ
1361 714 1418 783 ἓξ
1445 716 1560 765 ε’τῶν
1592 714 1902 775 ἐβασίλευσεν

320 799 347 820 “
372 792 547 858 Ὀζίας,
575 797 649 845 καὶ
675 795 963 860 πεντήκοντα
998 799 1073 847 καὶ
1108 796 1189 847 δύο
1220 797 1298 861 ἔτη
1324 797 1637 855 ἐβασίλευσεν
1662 798 1711 846 ἐν
1734 797 1903 862 Ἰερου-

320 881 347 903 “
371 874 553 938 σαλὴμ,
599 879 673 927 καὶ
717 877 863 941 ὄνομα
900 882 958 946 τῇ
999 881 1140 945 μητρὶ
1182 879 1323 929 αὐτοῦ
1360 878 1559 946 Ἰεχελία
1597 877 1689 929 ἀπὸ
1727 879 1896 944 Ἰερου-

319 962 346 984 “
376 955 559 1020 σαλήμ
617 981 693 1009 και
719 961 909 1023 ἐποίησε
944 959 998 1010 τὸ
1033 960 1157 1014 εὐθὲς
1181 959 1376 1011 ἐνώπιον
1405 961 1580 1025 Κυρίου
1607 958 1725 1010 κατὰ
1748 960 1904 1011 πάντα

324 1044 351 1066 “
376 1036 470 1088 όσα
507 1040 726 1104 ἐποιησεν
753 1040 981 1105 Ἀμεσίας
1020 1043 1044 1092 ὁ
1083 1042 1238 1108 πατὴρ
1277 1043 1433 1094 αὑτοῦ.
1498 1065 1572 1092 και
1610 1040 1668 1123 ἧν
1706 1042 1904 1138 ἐκζητῶν
1926 1042 2005 1093 10³

334 1119 454 1170 ίτὸν
507 1121 682 1188 Κύριον
733 1126 780 1174 ἐν
829 1128 928 1176 ταῖς
979 1125 1167 1190 ἡμέραις
1219 1125 1457 1192 Ζαχαριου
1519 1129 1603 1174 τοῦ
1665 1146 1902 1177 συνιεντος
2000 1115 2003 1128 ⁴

334 1204 419 1253 ίἐν
478 1203 617 1274 φόβῳ
670 1206 858 1272 Κυρίου,
909 1209 957 1257 ἐν
1011 1212 1110 1260 ταῖς
1159 1207 1346 1272 ἡμέραις
1397 1208 1537 1258 αὐτοῦ
1586 1206 1778 1273 ἐζήτησε
1822 1205 1904 1257 τὸν

319 1291 348 1313 “
376 1284 564 1351 Κύριον,
619 1289 693 1338 καὶ
744 1288 986 1339 εὐώδωσεν
1034 1290 1158 1358 αὐτῷ
1213 1289 1397 1355 Κύριος.
1480 1290 1555 1338 καὶ
1607 1288 1777 1356 ἐξῆλθε
1828 1291 1903 1339 καὶ

321 1374 348 1396 “
372 1368 636 1432 ἐπολεμησε
689 1369 808 1435 πρὸς
858 1369 966 1424 τοὺς
1017 1369 1338 1438 ἀλλοφύλους,
1391 1373 1466 1422 καὶ
1525 1370 1797 1422 κατέσπασε
1844 1369 1904 1420 τὰ

322 1457 348 1479 “
374 1451 503 1517 τείχη
546 1450 640 1501 Γὲθ
681 1452 756 1502 καὶ
793 1451 853 1502 τὰ
890 1453 1019 1519 τείχη
1053 1452 1259 1521 Ἰαμνίας
1298 1455 1373 1504 καὶ
1417 1452 1477 1503 τὰ
1513 1454 1641 1519 τείχη
1676 1453 1899 1519 Ἀζώτου,
1926 1474 1970 1512 15

322 1539 348 1560 ‘⁶
376 1535 451 1583 καὶ
494 1532 767 1602 ᾠκοδόμησε
811 1533 974 1587 πόλεις
1009 1535 1233 1601 Ἀζώτου,
1275 1538 1348 1585 καὶ
1389 1536 1436 1585 ἐν
1473 1539 1568 1588 τοῖς
1607 1534 1902 1603 ἀλλοφύλοις

321 1622 348 1644 “
375 1617 664 1683 κατίσχυσεν
709 1615 850 1666 αὐτὸν
892 1616 1076 1683 Κύριος,
1117 1618 1191 1668 ἐπὶ
1229 1616 1333 1670 τοὺς
1372 1616 1680 1686 ἀλλοφύλους
1719 1619 1794 1667 καὶ
1829 1618 1903 1667 ἐπὶ

323 1704 350 1727 “
375 1697 482 1751 τοὺς
503 1696 726 1764 ’Ἄραβας
759 1698 866 1753 τοὺς
905 1705 1232 1752 κατοικοῦντας
1272 1701 1345 1750 ἐπὶ
1383 1702 1464 1763 τῆς
1501 1699 1687 1765 πέτρας,
1723 1700 1798 1749 καὶ
1829 1701 1902 1750 ἐπὶ

322 1790 349 1812 “
375 1781 481 1836 τοὺς
519 1783 762 1838 Μιναίους.
823 1786 898 1834 καὶ
938 1784 1114 1835 ἔδωκαν
1154 1787 1196 1835 οἱ
1238 1788 1432 1835 Μιναῖοι
1477 1787 1604 1850 δῶρα
1644 1788 1710 1853 τῷ
1751 1782 1902 1851 Ὀζία,

322 1871 349 1894 “
375 1866 449 1915 καὶ
478 1863 536 1928 ἧν
570 1864 624 1915 τὸ
660 1864 808 1929 ὄνομα
838 1866 979 1916 αὐτοῦ
1016 1864 1101 1920 ἕως
1136 1865 1321 1917 εἰσόδου
1348 1865 1663 1932 Αἷγύπτου,“
1638 1888 1709 1916 οτι
1740 1867 1901 1916 κατίσ-
1923 1891 1970 1916 20

101 1958 233 1990 Ib-16-
323 1954 350 1975 ‘⁶
378 1970 522 2014 χυσεν
561 1947 643 2000 ἕως
682 1947 828 1998 ἄνω.”
893 1946 990 1999 εἶτά
1026 1952 1176 2017 φησιν
1219 1948 1391 2017 ἐφεξῆς
1427 1971 1531 2014 περι
1572 1949 1714 1998 αὐτοῦ
1754 1955 1781 1977 “
1808 1950 1902 1998 Καὶ

103 2014 154 2034 20⁰
323 2036 350 2058 “
375 2029 596 2093 ἠδίκησεν
627 2031 674 2080 ἐν
709 2031 867 2100 Κυρίῳ
894 2034 1002 2100 Θεῷ
1027 2032 1182 2093 αὐτου,
1207 2054 1280 2082 και
1315 2034 1534 2094 εἰσῆλθεν
1572 2035 1634 2084 εἱς
1671 2053 1753 2081 τον
1791 2029 1902 2081 ναὸν

322 2119 349 2140 “
378 2112 552 2177 Κυρίου
593 2111 819 2174 θυμιάσαι
863 2115 936 2164 ἐπὶ
977 2113 1031 2163 τὸ
1069 2112 1408 2180 θυσιαστήριον
1445 2117 1539 2164 τῶν
1578 2111 1896 2176 θυμιαμάτων.

322 2201 349 2222 “
375 2196 449 2244 καὶ
481 2197 699 2258 εἰσῆλθεν
729 2196 884 2246 ὀπίσω
917 2196 1058 2246 αὑτοῦ
1083 2195 1301 2262 Ἀζαρίας
1334 2197 1358 2246 ὁ
1393 2194 1553 2261 ἱερεὺς,
1583 2197 1658 2245 καὶ
1690 2195 1787 2258 μετ’
1816 2196 1897 2245 αὐ-

322 2284 348 2306 “
372 2283 453 2327 τοῦ
484 2280 614 2343 ἱερεῖς
646 2282 728 2327 τοῦ
759 2278 934 2344 Κυρίου
966 2276 1253 2342 ὀγδοήκοντα
1286 2279 1372 2329 υἱοὶ
1403 2277 1602 2328 δυνατοί.
1658 2279 1733 2327 καὶ
1763 2277 1900 2341 ε”στη-
1921 2271 1988 2342 25’

321 2365 347 2388 “
371 2382 466 2410 σαν
490 2361 564 2410 ἐπὶ
588 2359 753 2426 Ὀζίαν
787 2358 870 2410 τὸν
904 2359 1112 2421 βασιλέα
1143 2363 1219 2411 καὶ
1253 2358 1384 2411 εἷπον
1410 2361 1535 2428 αὐτῷ
1560 2360 1636 2410 Οὐ
1661 2361 1738 2409 σοὶ
1765 2358 1901 2425 Ὀζία

369 2522 398 2545 Ι.
424 2510 620 2556 ἶσχνοτέρα]
646 2511 852 2556 ἰσχυροτέρα
871 2511 913 2546 Β.
963 2510 1079 2556 r‘ypost
1104 2513 1207 2546 κεῖται
1232 2511 1312 2546 add.
1332 2510 1423 2545 Edd.
1441 2511 1559 2545 invitis
1577 2511 1669 2546 Α.Β.
1730 2510 1829 2548 Quae
1846 2523 1898 2546 se-

318 2564 476 2603 quuntur
499 2559 540 2603 ἕχ
543 2572 570 2591 ει
595 2558 732 2592 δε-ὅτι
757 2559 903 2604 ἤλεγξεν
927 2558 1027 2592 αὐτὸν
1052 2557 1175 2602 Κύριος
1200 2558 1299 2603 (377,
1322 2557 1394 2603 12.)
1413 2557 1540 2592 desunt
1564 2558 1600 2592 in
1627 2557 1717 2592 Edd.
1765 2559 1823 2601 τῆς
1838 2561 1900 2603 γῆς

318 2605 451 2639 om.B.
568 2617 601 2646 4.
626 2605 863 2650 ἐλὰθΑ.(74,
886 2604 1478 2650 158.)a2p.1'16}3.ADxl10e.(A.V.)
1620 2604 1652 2638 6.
1679 2605 1748 2640 υἱὸς
1765 2616 1834 2638 om.
1856 2605 1896 2639 Β.

322 2663 374 2686 10.
400 2651 562 2692 Ἀμεσίας
578 2653 596 2685 ὁ
613 2651 722 2696 πατὴρ
740 2651 858 2697 αὐτοῦ]
878 2654 895 2686 ὁ
912 2652 1022 2697 πατὴρ
1039 2652 1140 2686 αὐτοῦ
1156 2651 1322 2695 Ἀμασιας
1341 2652 1383 2685 Β.
1631 2662 1684 2685 11.
1712 2650 1896 2697 Ζαχαρίου]

318 2701 377 2732 τοῦ
392 2697 549 2743 Ἀζαρίου
569 2698 610 2732 Β.
630 2698 761 2741 (cf.64,
784 2699 877 2743 158.)
981 2710 1033 2741 14.
1058 2699 1099 2733 τὰ
1116 2699 1210 2744 τείχη
1229 2699 1294 2733 Γὲθ
1310 2699 1363 2732 καὶ
1381 2710 1451 2732 om.
1470 2699 1513 2732 A.
1623 2707 1675 2743 15.
1692 2697 1837 2742 Ἰαμνίας
1853 2698 1898 2732 Α.

322 2755 387 2822 [τὰς
403 2772 615 2823 τειχηαμνίας
640 2778 704 2824 A.]
733 2778 776 2813 cf.
802 2779 839 2813 in
866 2779 927 2813 Es.
958 2790 1023 2821 242
1050 2791 1080 2813 a.
1109 2777 1249 2822 Ἰωαμνὴ
1277 2778 1318 2812 Β.
1349 2778 1500 2823 [Ἰαβνὴρ
1534 2778 1613 2812 V.at
1644 2777 1766 2818 Ἰαβεις
1797 2778 1897 2812 ΑῙΕΧ.

318 2823 430 2867 Ἰαβνη
451 2825 514 2860 XI.
518 2825 533 2871 ]
584 2824 692 2868 Ἀζὼτ
709 2825 749 2859 Β.
1111 2826 1163 2860 16.
1190 2840 1242 2859 και
1260 2824 1456 2871 ᾠκοδόμησε
1471 2826 1590 2861 πόλεις
1605 2824 1751 2867 Ἀζώτου
1769 2836 1838 2858 om.
1855 2824 1896 2858 Β.

319 2870 533 2914 ἀλλοφύλοις
552 2872 593 2906 Β
610 2874 681 2916 (71.
685 2871 756 2915 )cf.
775 2873 810 2906 in
830 2872 890 2906 Es.
907 2873 930 2906 l.
943 2884 973 2906 c.
991 2872 1216 2917 ἀλλοφύλοις.
1235 2874 1289 2906 καὶ
1305 2873 1349 2906 A.
1604 2873 1656 2905 18.
1685 2870 1835 2916 ἅρραβας
1853 2870 1896 2905 Β.

324 2927 376 2961 19.
404 2917 581 2963 Μιναίους]
598 2919 778 2955 Μινναίους
797 2919 839 2954 Β.
890 2921 1042 2954 Μινναῖοι
1063 2919 1104 2953 Β.
1329 2930 1384 2953 20.
1411 2917 1634 2963 κατίσχυσεν]
1654 2919 1836 2963 κατίσχυεν
1851 2917 1895 2951 A.

323 2973 377 2996 21.
403 2964 447 2999 ὣς
464 2976 526 3007 pro
544 2965 604 3000 ἕως
622 2966 666 2998 A.
875 2977 931 3000 22.
959 2968 1031 3011 Θεῷ
1050 2978 1119 3001 om.
1141 2966 1182 3000 B.
1395 2977 1464 3022 2.3
1477 2965 1518 2999 θυ
1518 2964 1655 3008 fudam]
1672 2965 1834 2998 θυσιάσαι
1851 2964 1895 2997 A.

322 3018 377 3054 ²5·
404 3009 517 3055 ἱερεῖς]
533 3012 563 3044 οἱ
581 3012 689 3055 ἱερεῖς.
710 3011 752 3046 Β.
943 3014 999 3047 26.
1026 3010 1118 3047 εἶπον
1135 3013 1177 3047 A
1197 3013 1312 3056 (A.lex
1331 3011 1413 3055 XI.)
1432 3009 1527 3046 εἶπαν
1518 2980 1615 3046 μΒ..>
1635 3011 1687 3055 (V
1690 3010 1757 3054 at.)
