2021 3434
58 2144 156 2194 Dfut.

57 2198 111 2219 vu.
133 2199 159 2228 3,
180 2202 209 2229 4.

308 222 387 261 1252
704 227 751 266 B.
795 226 1067 267 CYRILLI
1110 226 1487 267 ALEXANDR.
1707 239 1745 264 v·
1770 224 1808 273 6,
1834 233 1870 275 7-

257 335 282 375 b
303 336 330 358 ‘⁴
356 331 622 398 ἀμαρτιάς,”
650 337 725 385 καὶ
760 336 890 386 ἔστιν
927 337 1182 403 ἀπρόσιτος
1217 337 1292 388 διὰ
1319 343 1400 388 τοῦ
1427 335 1568 397 νόμου
1594 333 1729 388 Θεός.
1797 332 1872 385 νό-

298 434 388 474 μον
415 413 470 462 δέ
498 418 631 481 φημι,
663 415 747 479 τὴν
785 417 902 468 κατὰ
937 418 1078 482 νόμον
1109 419 1328 485 λατρείαν
1362 418 1448 482 τὴν
1483 419 1536 468 δι’
1566 415 1772 479 αἱμάτων
1796 418 1871 466 καὶ

298 496 488 544 θυσιῶν.
555 496 719 547 οὐκοῦν
753 497 839 548 κᾶν
874 503 911 549 εἰ
945 499 1229 565 προσάγοιεν
1268 503 1309 550 οἱ
1343 500 1399 568 ἐξ
1419 497 1621 564 Ἰσραὴλ
1646 496 1706 548 τὰ
1738 520 1864 547 νενο-

295 575 499 636 μισμένα
524 578 721 641 θύματα,
742 584 835 630 τῶν
855 583 1056 636 ἀνοσίως
1075 583 1228 635 αὐτοῖς
1248 581 1567 645 ἐπταισμένων
1586 579 1870 648 ἐξαιτοῦντες

294 653 380 717 τὴν
415 658 600 725 ἄφεσιν,
633 660 778 726 ἤγουν
811 663 897 727 τὴν
930 663 1046 731 πρὸς
1080 664 1162 716 τὸν
1188 664 1312 716 Θεὸν
1350 663 1588 730 ζητοῦντες
1626 663 1869 725 οἶκείωσιν,
1889 678 1910 716 5

293 737 374 787 οὐκ
425 737 482 788 ἂν
522 741 754 809 ἐφίκοιντό
799 749 961 812 φησιν,
1002 746 1094 797 οὐδ’
1131 746 1187 797 ἂν
1228 747 1501 816 ἐξανύσειαν
1543 743 1597 796 τὸ
1641 744 1870 810 εὑρίσκειν

292 817 521 872 δύνασθαι
548 822 629 874 τὸν
656 825 791 888 Θεὸν,
820 827 929 878 ἀλλ’
959 829 1054 879 οὐδ’
1081 827 1139 879 ἀν
1173 828 1351 895 γένοιτο
1376 827 1603 893 προσιτὸς
1627 831 1723 880 τοῖς
1747 827 1867 877 οὕτω

291 904 739 968 μεταγινώσκουσιν.
804 910 1061 975 εὑρίσκεται
1092 910 1185 976 γὰρ
1221 910 1294 961 διὰ
1320 909 1463 975 μόνης
1488 913 1570 974 τῆς
1595 911 1643 959 ἐν
1668 909 1867 978 Χριστῷ

292 982 422 1049 ζωῆς,
457 986 510 1050 ἧς
546 986 602 1038 ἂν
636 995 786 1041 νοοῖτο
820 992 1113 1057 προεισβολὴ
1148 992 1202 1044 τὸ
1247 995 1373 1060 ῥῆμα
1413 995 1495 1056 τῆς
1532 993 1752 1051 πίστεως,
1791 993 1865 1041 Καὶ

254 1088 274 1114 c
291 1068 486 1132 προσέτι
512 1069 660 1140 τούτῳ
685 1070 739 1122 τὸ
765 1072 998 1139 σωτήριον
1022 1074 1288 1138 βάπτισμα,
1314 1074 1397 1139 τὴν
1416 1077 1463 1125 ἐν
1485 1073 1723 1136 Πνεύματι
1748 1071 1866 1139 πρὸς
1889 1100 1935 1125 10

291 1148 415 1199 Θεὸν
440 1152 670 1203 οἰκείωσιν
702 1155 974 1223 προξενοῦν.
1040 1158 1204 1207 οὐκοῦν
1240 1161 1314 1208 οὐκ
1349 1155 1400 1208 οἶν
1433 1156 1532 1225 εὖροι
1569 1156 1634 1206 τὸν
1671 1156 1813 1225 Κύριον
1839 1156 1864 1205 ὁ

288 1229 488 1297 Ἰσραὴλ
524 1233 600 1284 διά
636 1258 688 1301 γε
731 1239 812 1300 τῆς
853 1237 972 1288 κατὰ
1011 1237 1151 1301 νόμον
1195 1240 1427 1305 λατρείας.
1495 1239 1733 1289 ὲκκέκλικε
1770 1237 1864 1304 γὰρ

288 1315 371 1363 ἀπ’
401 1314 553 1374 αὐτῶν,
582 1316 641 1368 ’ὅτι
669 1321 744 1369 καὶ
769 1319 898 1370 αὐτοὶ
933 1324 1324 1372 καταλελοίπασιν
1356 1319 1509 1383 αὐτὸν,
1533 1323 1863 1383 ἀποπηδῶντες

286 1402 527 1459 τοσοῦτον,
580 1398 702 1450 ὥστε
752 1403 828 1452 καὶ
886 1401 1034 1454 τέκνων
1086 1405 1324 1472 ἀλλοτρίων
1373 1403 1591 1468 γενέσθαι
1649 1401 1854 1468 πατέρες.

285 1480 506 1546 ἀλλότρια
542 1480 590 1531 δὲ
627 1480 757 1534 τέκνα
795 1485 932 1551 φησὶ,
967 1484 1026 1535 τά
1060 1483 1156 1535 οἷον
1193 1487 1243 1536 ἐκ
1279 1484 1458 1551 μήτρας
1503 1486 1578 1535 καὶ
1617 1483 1674 1552 ἐξ
1708 1484 1861 1553 αὐτῶν
1885 1511 1928 1547 15

283 1563 377 1609 τῶν
402 1561 694 1628 σπαργάνων
719 1569 817 1618 ταῖς
843 1570 936 1616 τῶν
968 1566 1172 1617 εἰδώλων
1203 1568 1476 1630 ἀνακείμενα
1502 1565 1674 1635 δόξαις,
1698 1589 1854 1632 προσ-

283 1640 496 1705 αγόντων
530 1643 652 1712 τάχα
690 1669 780 1697 που
820 1652 916 1701 τοῖς
950 1649 1198 1711 δαιμονίοις
1238 1648 1298 1699 τὰ
1336 1648 1618 1715 χαριστήρια
1660 1650 1734 1699 καὶ
1775 1648 1858 1703 τὰς

281 1723 355 1773 ἐπὶ
406 1730 503 1778 ταῖς
555 1728 690 1778 ὠδῖσι
741 1730 908 1783 θυσίας
958 1734 1051 1781 τῶν
1100 1730 1461 1796 γεγεννηκότων.
1529 1729 1661 1782 τέκνα
1704 1732 1858 1782 τοίνυν

237 1810 263 1850 d
281 1807 514 1876 ἀλλότρια,
549 1807 608 1859 τά
641 1809 706 1874 μὴ
741 1813 789 1861 ἐν
824 1815 949 1881 Θεῷ·
990 1812 1018 1878 ἢ
1051 1815 1127 1864 καὶ
1165 1815 1265 1864 καθ’
1295 1814 1450 1880 ἕτερον
1485 1812 1674 1880 τρόπον,
1712 1813 1771 1865 τὰ
1808 1816 1858 1865 ἐκ

279 1894 510 1951 γυναικῶν
545 1892 835 1957 ἀλλογενῶν.
898 1896 1201 1962 ἐπεμίγνυντο
1235 1894 1328 1962 γὰρ
1364 1896 1712 1961 ἀπερισκέπτως
1737 1899 1780 1947 οἱ
1805 1897 1862 1965 ἐξ
1879 1924 1927 1948 20

279 1967 480 2035 Ἰσραὴλ
505 1978 603 2026 ταῖς
638 1979 731 2025 τῶν
765 1978 910 2027 ἐθνῶν
941 1977 1245 2044 θυγατράσιν,
1281 1978 1735 2044 εἷδωλολατρούσαις
1772 1978 1854 2037 ἔτι,

279 2051 426 2103 καίτοι
452 2059 534 2105 τοῦ
560 2054 703 2119 νόμου
729 2057 952 2123 λέγοντος
977 2061 1195 2125 ἐναργῶς,
1222 2059 1275 2111 τὸ
1310 2060 1374 2124 μὴ
1409 2063 1502 2111 δεῖν
1528 2060 1855 2112 συνάπτεσθαι

279 2139 487 2198 γαμικῶς
520 2142 615 2190 τοῖς
650 2139 946 2205 ἀλλογενέσι.
1012 2148 1038 2170 “
1059 2141 1161 2205 Τὴν
1188 2142 1420 2208 θυγατέρα
1454 2165 1545 2193 σου
1570 2142 1663 2208 γάρ
1689 2147 1854 2211 φησιν,

278 2221 306 2243 “
331 2217 383 2266 οὐ
410 2218 576 2273 δώσεις
602 2221 668 2289 τῷ
694 2223 776 2290 υἱῷ
802 2223 955 2285 αὐτοῦ,
981 2225 1055 2273 καὶ
1085 2221 1171 2287 τὴν
1205 2224 1437 2290 θυγατέρα
1468 2225 1609 2275 αὐτοῦ
1635 2226 1689 2275 οὐ
1715 2225 1854 2294 λήψῃ

278 2304 304 2326 “
327 2302 393 2367 τῷ
429 2303 510 2368 υἱῷ
543 2324 648 2352 σου.
693 2303 959 2368 ἀποστήσει
996 2304 1088 2372 γὰρ
1122 2305 1204 2356 τὸν
1239 2304 1336 2356 υἱόν
1380 2329 1471 2356 σου
1510 2307 1588 2357 ἀπ’
1622 2309 1747 2371 ἐμοῦ,
1778 2309 1853 2359 καὶ
1875 2331 1921 2370 25

278 2387 303 2409 ‘⁶
331 2384 565 2447 πορευθεὶς
591 2384 838 2451 λατρεύσει
863 2390 981 2440 θεοῖς
1007 2387 1214 2453 ἑτέροις.”

237 2491 257 2514 e
348 2462 538 2529 Ἐπειδὴ
573 2465 621 2516 δὲ
658 2472 806 2517 ταῦτα
840 2469 1104 2533 δεδράκασι,
1144 2469 1477 2538 καταφάγεται
1514 2470 1669 2526 αὐτοὺς
1706 2475 1728 2532 ἦ
1766 2472 1853 2541 ἐρυ-

275 2547 395 2605 σ-ίβη.
479 2546 695 2611 σημαίνει
740 2548 788 2600 δέ
837 2549 984 2601 πάλιν
1034 2554 1382 2617 αἰνιγματωδῶς
1434 2551 1509 2603 διὰ
1558 2553 1723 2604 τούτου
1766 2553 1852 2618 τὴν

273 2627 496 2692 ἐσομένην
521 2631 675 2685 αὐτοῖς
701 2631 911 2683 κάκωσίν
941 2655 990 2683 τε
1025 2635 1098 2684 καὶ
1131 2633 1323 2699 βλάβην
1349 2637 1398 2685 ἐκ
1424 2637 1506 2699 τῆς
1532 2642 1614 2687 τοῦ
1640 2636 1851 2700 πολέμου

323 2800 350 2823 1.
376 2793 434 2823 τοῦ
452 2799 673 2838 assumptum
691 2806 733 2829 ex
751 2795 797 2829 D.
941 2808 974 2842 3.
1000 2796 1029 2830 εἷ
1046 2803 1267 2842 assumptum
1285 2809 1326 2832 ex
1347 2798 1440 2833 B.D.
1582 2810 1616 2846 5.
1642 2803 1701 2836 τὸν
1717 2813 1786 2837 om.
1801 2802 1847 2838 D.

276 2846 328 2869 12.
355 2836 520 2872 ἐκκέκλινε
538 2840 627 2885 (sic)
646 2841 736 2875 Edd.
755 2848 835 2876 ante
856 2843 990 2887 Migne.
1137 2856 1188 2889 13.
1218 2844 1489 2881 ἀπολελοίπασιν
1508 2847 1554 2881 D.
1606 2847 1729 2882 Statim
1747 2850 1848 2884 αὐτὸν

272 2894 341 2915 orn.
362 2883 407 2916 D.
708 2900 760 2931 14.
787 2891 875 2924 ὥστε
896 2890 941 2924 D.
960 2891 1003 2926 ὡς
1022 2890 1112 2925 Edd.
1427 2893 1478 2927 16.
1505 2898 1571 2928 τῶν
1588 2896 1684 2939 prius
1701 2907 1770 2930 om.
1791 2897 1842 2931 D.

275 2929 328 2962 18.
353 2932 612 2978 γεγεννηκότων]
634 2934 690 2968 Sic
709 2936 807 2980 (post
828 2936 969 2982 Migne)
987 2938 1118 2971 correxi
1136 2950 1176 2971 ex
1198 2938 1242 2973 D.
1261 2941 1486 2984 γεγενηκότων
1503 2940 1595 2975 Edd.
1721 2953 1772 2988 19.
1792 2944 1844 2977 καὶ

271 2983 492 3020 assumptum
510 2990 549 3011 ex
571 2979 661 3013 B.D.
899 2995 952 3018 20.
980 2985 1177 3029 ἐπεμίγοντο
1197 2985 1241 3019 D.
1472 2998 1526 3032 25.
1553 2987 1733 3033 ἀποστήσῃ
1752 2990 1841 3024 Edd.

272 3032 326 3066 27.
353 3022 388 3055 δέ
407 3030 627 3068 assumptum
645 3039 685 3060 ex
707 3027 798 3062 RD.
