2021 3434
281 171 361 210 166
678 174 726 213 Β.
770 174 1045 215 CYRILLI
1083 176 1460 217 ALEXANDR.
1691 179 1759 220 vii.
1789 182 1850 221 16.

56 297 127 330 116
147 297 197 331 A.
236 279 429 344 αέπειδὴ
467 280 516 332 δὲ
553 281 670 346 πρὸς
709 283 833 334 Θεὸν
876 283 983 336 οὐδὲν
1024 292 1268 341 παντελῶς
1309 287 1368 338 τὰ
1405 287 1569 351 τοιάδε,
1614 290 1852 355 γελοιότης

275 361 424 413 δὲκαὶ
457 363 696 429 ἠλιθιότης
734 368 809 416 καὶ
844 365 938 418 ὅσα
971 367 1151 423 τούτοις
1188 368 1341 435 ἐγγὺς,
1381 371 1526 424 οὐδεὶς
1557 371 1709 424 αὐτοῖς
1748 373 1850 423 ἐστι

272 444 417 509 λόγος
459 447 543 508 τῆς
585 447 910 517 ἀποστροφῆς,
953 449 1154 514 πιθανὴν
1195 451 1315 518 ε”χων
1355 453 1519 502 αἰτίαν.
1588 453 1752 503 οὐκοῦν
1793 460 1850 508 εἰς

273 524 383 576 οὐδὲν
418 530 786 597 ἀπεστράφησαν,
823 529 1050 596 γεγόνασι
1090 532 1138 583 δὲ
1171 531 1290 599 πρὸς
1325 533 1503 588 τούτοις
1536 536 1610 584 καὶ
1645 537 1702 589 ὡς
1735 535 1851 604 τόξον

271 607 550 676 ἐντεταμένον,
582 612 635 661 οὐ
669 611 934 678 χαλώμενοι
968 612 1085 680 πρὸς
1119 615 1429 681 μετάγνωσιν,
1466 616 1518 666 οὐ
1554 616 1890 685 καθυφιέντες5

269 694 351 740 τοῦ
376 688 512 741 τόνου
545 698 628 743 τοῦ
663 692 780 759 πρὸς
816 695 1054 760 τοσαύτην
1080 696 1245 751 αὐτοὺς
1275 698 1595 767 ἀποφεροντος
1621 698 1851 765 αἰσχύνην

269 773 344 822 καὶ
371 773 618 833 ἀβουλίαν.

341 855 521 907 Ἰστέον
556 855 618 920 δὲ,
651 856 722 909 ὅτι
759 865 894 911 τοῦτο
937 862 1307 927 διερμηνεύοντες
1344 861 1654 913 ἐκδεδώκασιν
1691 862 1848 928 ἕτεροι,

269 935 449 1002 ἐγίνοντο
492 942 550 994 ὡς
586 940 700 1010 τόξον
738 943 1122 1012 οὶντεο-τροιμμενον,
1158 944 1232 994 ἵνα
1270 967 1314 995 τι
1352 949 1562 995 τοιοῦτον
1597 944 1850 1012 πεπραχὼς

223 1025 250 1065 b
269 1022 427 1083 νοῆται
462 1021 610 1072 πάλιν
641 1024 666 1073 ὁ
691 1022 906 1090 Ἰσραήλ.
971 1025 1048 1079 οὓς
1082 1025 1175 1092 γὰρ
1212 1025 1300 1076 ἔδει
1337 1030 1538 1089 μᾶλλον,
1567 1026 1776 1093 καθάπερ
1805 1050 1849 1077 τι
1870 1053 1916 1078 10

267 1101 421 1171 τόξον,
460 1104 740 1156 ἐντείνεσθαι
784 1107 881 1158 κατ’
918 1109 1111 1175 ἐχθρῶν,
1150 1111 1224 1159 καὶ
1268 1107 1469 1169 βάλλειν
1507 1107 1703 1162 εὐτόνως
1742 1106 1848 1163 τοὺς

266 1185 639 1238 ἀντανίστασθαι
695 1188 1079 1254 μεμελετηκότας,
1131 1190 1443 1255 διαλελήθασι
1499 1194 1631 1259 σφᾶς
1681 1189 1849 1245 αὐτοὺς

266 1268 401 1317 οἱονεὶ
441 1267 594 1336 τόξων
645 1270 772 1321 ἀκίσι
822 1271 1108 1336 πλήττοντες
1149 1277 1338 1339 πικρῶς.
1403 1277 1510 1342 Θεῷ
1551 1272 1642 1340 γὰρ
1684 1297 1843 1339 προσ-

266 1348 521 1415 κρούοντες,
548 1351 722 1418 κατάγε
754 1352 860 1408 τοὺς
893 1355 981 1419 ἤδη
1012 1355 1367 1422 προειρημένους
1395 1355 1606 1421 τρόπους,
1630 1357 1678 1407 τί
1700 1359 1846 1422 δρῶν-

265 1453 339 1484 τες
376 1431 531 1498 ἕτερον
570 1434 727 1485 ἁλοῖεν
762 1435 831 1499 ἂν,
870 1435 898 1501 ἢ
939 1438 1044 1488 καθ’
1084 1438 1259 1489 ἑαυτῶν
1298 1437 1382 1492 τὰς
1429 1439 1543 1492 ἰδίας
1579 1439 1844 1506 ὁπλίζοντες
1867 1462 1912 1498 15

265 1517 421 1580 χεῖρας
443 1536 455 1575 ;

340 1599 513 1648 Νοοῖτο
556 1599 594 1649 δ’
631 1597 688 1649 ἂν
725 1598 780 1650 τὸ
817 1600 1134 1666 προκείμενον,
1177 1600 1303 1667 εἴπερ
1342 1624 1408 1671 τῳ
1446 1604 1582 1665 δοκεῖ,
1617 1603 1692 1653 καὶ
1735 1605 1841 1656 καθ’

265 1676 420 1743 ἕτερον
440 1679 629 1746 τρόπον.
689 1682 714 1731 ὁ
738 1680 823 1745 μὲν
850 1681 943 1748 γὰρ
969 1688 1063 1733 τῶν
1089 1683 1216 1734 ὅλων
1235 1681 1357 1737 Θεὸς
1376 1682 1589 1735 ἐνέτεινεν
1609 1686 1844 1740 οἱονείπως

225 1781 246 1806 c
264 1758 345 1810 τὸν
370 1758 570 1827 Ἰσραὴλ
598 1766 658 1817 ὡς
684 1763 799 1814 ἰ’διον
824 1766 953 1834 τόξον,
979 1770 1037 1833 τῇ
1068 1771 1151 1816 τοῦ
1186 1764 1412 1826 διαβόλου
1437 1768 1671 1831 τυραννίδι
1695 1766 1844 1836 μαχό-

262 1863 411 1905 μενος,
447 1846 522 1894 καὶ
555 1849 613 1913 τῇ
650 1848 731 1910 τῆς
765 1848 1148 1915 εἰδωλολατρείας
1182 1847 1452 1917 ἀντεξάγων
1482 1848 1650 1917 ἀπάτῃ·
1703 1850 1843 1913 μόνος
1863 1876 1910 1900 20

261 1922 355 1989 γὰρ
399 1926 449 1976 ἐκ
489 1926 679 1978 πάντων
721 1933 814 1979 τῶν
855 1928 944 1980 ἀνὰ
983 1935 1147 1982 πᾶσαν
1189 1929 1275 1995 τὴν
1324 1931 1593 1994 οἰκουμένην
1631 1933 1777 1983 ἐθνῶν
1817 1934 1842 1984 ὁ

260 2005 475 2073 Ἰσραὴλ,
502 2008 675 2075 κατάγε
708 2010 761 2061 τὸ
795 2015 861 2081 τῷ
894 2011 1020 2082 νόμῳ
1055 2016 1234 2075 δοκοῦν,
1260 2013 1502 2064 ἀπεσείετο
1527 2012 1612 2076 μὲν
1636 2012 1723 2077 τὴν
1747 2019 1842 2066 τῶν

259 2089 466 2141 εἰδώλων
499 2091 840 2157 προσκύνησιν,
866 2095 1140 2161 προσέκειτο
1175 2094 1222 2146 δὲ
1257 2098 1323 2163 τῷ
1359 2096 1502 2163 φύσει
1528 2117 1577 2145 τε
1609 2098 1684 2147 καὶ
1712 2099 1835 2161 ἀλη-

259 2174 352 2225 θῶς
385 2177 479 2224 τῶν
513 2173 639 2225 ὅλων
678 2174 920 2245 Δεσπότῃ·
960 2178 1068 2227 ἀλλ’
1097 2175 1354 2244 ἐτράποντο
1377 2175 1496 2243 πρὸς
1529 2175 1584 2228 τὸ
1617 2178 1837 2231 ἐναντίον.

258 2256 299 2303 οἱ
335 2252 428 2320 γὰρ
464 2256 606 2307 ἐκεῖνο
645 2256 865 2323 πράττειν
906 2259 1189 2328 ὀφείλοντες,
1232 2258 1345 2325 ὑπὲρ
1383 2261 1465 2323 τῆς
1503 2263 1597 2309 τῶν
1632 2260 1839 2312 εἰδώλων
1859 2278 1904 2316 25

259 2335 400 2405 δόξης
443 2338 803 2404 πεπολεμήκασι
853 2344 918 2411 τῷ
969 2345 1092 2411 Θεῷ·
1153 2342 1382 2407 γεγόνασι
1424 2341 1578 2392 τοίνυν
1623 2344 1680 2398 ὡς
1720 2344 1838 2413 τόξον

216 2427 242 2467 d
262 2421 649 2491 ἀπεστραμμένον,
689 2424 872 2493 ἐναντία
908 2424 1138 2492 χρώμενοι
1177 2429 1234 2492 τῇ
1272 2425 1447 2495 τοξείᾳ.

260 2600 488 2643 Πεσοῦνται
515 2603 559 2644 ἐν
587 2604 776 2664 ῥομφαίᾳ
796 2603 833 2646 οἱ
861 2606 1062 2662 ἄρχοντες
1089 2606 1230 2647 αὐτῶν
1257 2606 1302 2647 δι’
1335 2606 1613 2649 ἀπαιδευσίαν
1641 2605 1834 2654 ΓλώσσΗε

326 2687 480 2729 αὐτῶν.

333 2784 409 2833 Οὐ
435 2784 553 2835 κατὰ
577 2786 719 2849 μόνον
745 2788 858 2857 ἥξει,
886 2791 1021 2858 φησὶ,
1047 2794 1141 2840 τῶν
1172 2795 1267 2844 τοῖς
1298 2790 1565 2855 ἡγουμένοις
1592 2791 1832 2855 ὑπεστρω-
1853 2810 1901 2846 30
1962 2849 1965 2858 st

306 2905 339 2934 4.
365 2894 449 2936 πρὸς
465 2894 571 2941 τούτῳ
591 2896 636 2930 D.
909 2898 941 2933 6.
968 2902 1027 2933 τοῦ
1044 2899 1159 2945 τόνου]
1179 2902 1277 2934 τοῦτό
1295 2915 1352 2935 νου
1372 2900 1473 2934 Pont.
1490 2900 1623 2934 τουτουὶ
1641 2899 1830 2934 AubertuS.

264 2949 316 2983 13.
333 2943 456 2983 πικρῶς
471 2941 516 2974 D.
534 2945 666 2986 πικραῖς
684 2944 774 2979 Edd.
899 2956 949 2991 15.
976 2945 1169 2990 ὁπλίζονται
1189 2947 1235 2981 D.
1348 2958 1402 2981 22.
1429 2948 1466 2981 τὸ
1485 2954 1707 2992 assumptum
1726 2959 1767 2981 ex
1787 2947 1829 2981 B.

261 2987 314 3020 28.
341 2986 558 3023 ἁπαιδευσίας
578 2988 612 3022 F.
633 2989 723 3024 Edd.
867 3003 920 3037 30.
947 2995 1056 3037 μόνων
1075 2993 1119 3028 D.
1170 2994 1459 3037 ὑπεστρωμμένων
1477 2994 1518 3027 Β.
