2021 3434
301 154 386 195 298

690 156 739 196 B.
782 155 1059 197 CYRILLI
1099 156 1480 198 ALEXANDR.
1719 158 1745 199 i.
1768 159 1808 209 6,
1831 167 1869 209 7.

300 266 349 313 δε
387 287 445 314 τα
479 267 703 330 πολυειδῆ
741 268 816 317 καὶ
851 266 1129 334 πολύτροπα
1165 266 1308 332 πάθη,
1347 270 1422 318 καὶ
1459 265 1517 331 δὴ
1555 269 1630 318 καὶ
1662 268 1871 336 ἀχρείους

299 350 374 398 καὶ
421 348 805 404 ἀκαλλεστάτους
845 352 1046 418 ὁρᾶσθαι
1094 356 1227 415 ποιεῖ,
1272 353 1348 402 καὶ
1386 353 1469 415 τῆς
1512 351 1750 412 εὐσεβείας
1786 353 1871 416 τὴν

299 428 445 493 ἄνθην
477 431 885 496 ἀποβεβληκότας,
916 436 992 484 καὶ
1023 432 1154 484 οὐδὲν
1188 433 1380 501 ἔχοντας
1413 434 1462 484 ἐν
1495 433 1671 488 ἑαυτοῖς
1701 435 1872 484 δικαιο-

298 510 445 575 σύνης
463 511 738 578 βλάστημα.
784 515 927 585 φαίην
945 517 983 566 δ’
1004 514 1074 579 ἂν,
1092 515 1160 567 ὅτι
1179 514 1348 583 πρέποι
1374 513 1430 566 ἂν
1451 516 1604 570 αὐτοῖς
1622 514 1676 567 τὸ
1696 515 1872 567 κλαίειν

259 613 280 639 c
299 593 645 659 ἀκαταλήκτως,
671 599 746 648 καὶ
779 597 1189 666 κατολοφύρεσθαι
1219 596 1336 664 πρὸς
1362 597 1502 649 Θεόν·
1543 597 1802 665 γλίχεσθαί
1822 620 1871 648 τε
1891 607 1914 646 5

296 679 450 742 τυχεῖν
491 675 566 727 διὰ
603 682 780 746 συχνῆς
820 682 1088 748 προσευχῆς
1130 679 1345 748 ἀφέσεως
1381 681 1457 730 καὶ
1500 680 1771 747 ἐπικουρίας,
1810 681 1872 733 ὡς

296 755 353 806 ἂν
391 754 490 820 εἶεν,
527 757 614 810 κᾶν
649 766 763 826 γοῦν
806 762 907 830 ὀψέ
939 785 1053 814 ποτε
1097 764 1171 813 καὶ
1211 761 1361 825 μόλις,
1403 762 1554 830 σοφοί
1587 784 1637 812 τε
1678 763 1754 812 καὶ
1791 762 1866 812 εῦ-

295 842 487 903 σθενεΐς,
512 843 587 892 καὶ
621 843 963 910 διαδιδράσκειν
988 843 1078 895 οἶοί
1103 868 1152 896 τε
1183 843 1243 895 τὰ
1273 842 1624 909 συμβεβηκότα.
1680 841 1871 895 πάθοιεν

295 921 332 971 δ’
369 918 426 972 ἂν
464 922 591 987 αὐτὸ,
626 927 702 976 καὶ
738 925 809 977 ὅτι
846 925 1059 988 μάλιστά
1097 949 1163 992 γε,
1197 928 1272 978 καὶ
1311 925 1378 980 οἶς
1412 927 1436 977 ὁ
1476 931 1581 980 νοῦς
1615 923 1872 977 ἐκκέκλικεν

294 1004 485 1066 ἀμαθῶς
511 1005 573 1060 ε’ίς
607 1029 660 1073 γε
693 1006 747 1058 τὸ
781 1011 947 1076 χρῆναι
977 1009 1230 1077 προσέχειν
1255 1014 1350 1062 τοῖς
1375 1008 1658 1077 ἑτεροδοξεῖν
1683 1007 1870 1059 εἰωθόσι
1895 1028 1941 1054 10
2002 1007 2003 1011 “

294 1087 369 1135 καὶ
395 1086 455 1136 τά
482 1087 598 1153 ὀρθὰ
630 1092 712 1153 τῆς
735 1089 1023 1155 Ἐκκλησίας
1049 1091 1307 1158 παραλύειν
1334 1090 1562 1157 δόγματα,
1589 1091 1692 1157 περὶ
1724 1087 1788 1141 ὧν
1812 1089 1870 1141 ἂν

294 1167 492 1234 λέγοιτο,
529 1172 604 1221 καὶ
639 1169 771 1235 μάλα
805 1171 987 1227 εἰκότως
1023 1180 1083 1225 Οἱ
1125 1170 1285 1228 ὀδόντες
1321 1173 1456 1224 αὐτῶν
1495 1169 1656 1228 ὀδόντες
1689 1170 1869 1235 λέοντος,

248 1256 275 1297 d
296 1255 372 1300 noe}
407 1257 455 1302 αἱ
484 1251 629 1318 μύλαι
669 1254 807 1304 αὐτῶν
845 1255 1051 1323 σκύμνου·
1093 1254 1306 1319 θεομισὲς
1340 1254 1433 1321 γὰρ
1467 1254 1520 1306 τὸ
1557 1254 1677 1317 ἔθνος,
1704 1255 1866 1319 κίβδη-

291 1331 379 1382 λόν
419 1356 468 1384 τε
502 1336 578 1384 καὶ
616 1334 870 1402 ἀλιτήριον,
896 1340 971 1388 καὶ
1006 1342 1099 1388 τῶν
1138 1338 1477 1404 ἁπλουστέρων
1511 1335 1592 1388 τὸν
1631 1341 1739 1388 νοῦν
1772 1341 1868 1391 τοῖς
1997 1371 1999 1402 5

290 1414 632 1484 δοκησισόφοις
657 1416 836 1485 ῥήμασι
867 1421 1115 1472 κατεσθιόν
1148 1443 1198 1471 τε
1229 1422 1303 1471 καὶ
1327 1421 1603 1479 ἀναλίσκον,
1633 1422 1694 1474 ὡς
1724 1419 1867 1485 μηδὲν
1894 1435 1937 1473 ¹5
1995 1447 1998 1471 ε

290 1495 542 1562 ὀρθότητος
563 1500 612 1550 ἐν
637 1501 790 1555 αὐτοῖς
817 1503 1017 1569 ὁρᾶσθαι
1044 1504 1291 1571 λείψανον.
1340 1502 1463 1554 οῦτοι
1489 1501 1572 1554 τὸν
1590 1502 1868 1554 δεσποτικὸν

289 1587 547 1642 αμπελωνα
589 1585 1000 1650 καταμαραίνουσι,
1040 1585 1179 1637 συκῶν
1222 1586 1392 1652 ἔρημον
1429 1585 1749 1654 ἀποφαίνουσι
1786 1584 1869 1636 τὸν

68 1694 84 1715 2
104 1686 135 1716 S.
156 1685 228 1716 Pess.
289 1683 452 1726 κηπον,
498 1664 648 1732 ψιλόν
695 1688 744 1716 τε
789 1666 1048 1719 δεικνύουσι
1097 1669 1172 1718 καὶ
1222 1690 1584 1735 κεχερσωμενον,
1637 1675 1663 1698 “
1683 1667 1772 1722 Οἷς
1813 1667 1868 1719 τὸ

70 1738 229 1804 {350131‘Lffi
290 1749 483 1810 ιζκρῖμα
509 1747 592 1797 οὐκ
617 1747 787 1814 ἀργεῖ,”
816 1749 925 1800 ἀλλ’
956 1757 982 1780 “
1007 1748 1230 1801 ενδικόν’
1209 1751 1334 1801 εστι”
1364 1749 1483 1801 κατὰ
1509 1750 1708 1816 καιρούς.
1991 1791 1993 1793 —

69 1816 98 1848 8.
364 1830 428 1878 Οι
457 1852 543 1891 μεν
575 1830 655 1880 οὖν
687 1832 863 1901 ἀμαθίᾳ
900 1831 1051 1899 συζῆν
1082 1831 1305 1891 εἰωθότες,
1333 1833 1517 1898 ἀκρίδος
1551 1835 1626 1883 καὶ
1659 1831 1867 1901 βρούχου
1888 1854 1937 1879 20
1991 1843 1993 1846 ’

289 1911 365 1960 καὶ
391 1909 576 1975 κάμπης
603 1911 790 1964 ε”σονται
824 1912 992 1982 τροφὴ,
1019 1916 1094 1965 καὶ
1121 1913 1311 1978 ἁπάσης
1335 1915 1585 1978 εὐκοσμίας
1610 1916 1867 1979 ἀπομενοῦ-

252 2015 370 2043 θσιν
395 1993 573 2059 ἔρημοι,
604 1995 787 2050 εὐανθὲς
819 1996 866 2047 δὲ
902 1996 1024 2050 ὅλως
1058 1996 1189 2048 οὐδὲν
1227 1998 1275 2047 ἐν
1307 1998 1476 2050 αὐτοῖς·
1518 1996 1546 2060 ἡ
1573 1997 1627 2048 δέ
1649 2019 1702 2063 γε
1733 1995 1866 2065 σοφὴ

289 2076 364 2125 καὶ
392 2075 613 2143 φιλόθεος
640 2077 788 2146 ψυχὴ,
817 2081 891 2129 καὶ
923 2084 1018 2133 τοῖς
1050 2081 1133 2143 τῆς
1167 2079 1387 2143 ἀληθείας
1425 2076 1632 2145 δόγμασι
1670 2084 1867 2143 κομῶσα

287 2159 542 2221 πλουσίως,
570 2162 645 2210 καὶ
681 2165 875 2226 καρποῖς
908 2166 1003 2215 τοῖς
1037 2165 1099 2215 εἷς
1134 2161 1432 2226 δικαιοσύνην
1469 2163 1718 2229 μονονουχὶ
1750 2160 1866 2227 βρύ-

288 2240 438 2291 ουσάν
475 2263 525 2292 τε
563 2265 637 2292 και
676 2243 723 2292 εὖ
760 2242 892 2306 μάλα
929 2243 1360 2343 περιηνθισμενην’
1342 2267 1519 2311 εχουσα
1550 2243 1635 2307 τὴν
1659 2245 1864 2311 καρδίαν,
1886 2260 1933 2299 25

289 2323 384 2387 ε’ρεῖ
415 2346 507 2374 που
545 2322 732 2378 πάντως
762 2326 811 2375 ἐκ
845 2325 1124 2392 παῤῥησίας,
1150 2324 1269 2376 κατά
1302 2348 1354 2390 γε
1386 2324 1470 2390 τὴν
1504 2326 1552 2376 ἐν
1585 2329 1652 2395 τῷ
1685 2323 1864 2394 ᾄσματι

288 2409 382 2456 τῶν
426 2406 654 2475 ᾀσμάτων
699 2407 948 2472 νοουμένην
991 2409 1180 2476 νύμφην
1225 2415 1250 2438 “
1273 2408 1541 2473 Καταβήτω
1584 2377 1866 2478 ἀδελφιδοῦς

290 2494 315 2516 ιε
494 2492 504 2506 ’
600 2491 619 2500 ‘¹
788 2490 797 2504 ’

340 2510 431 2551 μου
468 2512 529 2541 εις
564 2512 713 2552 κηπον
744 2495 897 2552 αυτοῦ,
927 2492 1001 2541 καὶ
1040 2490 1229 2558 φαγέτω
1268 2489 1448 2557 καρπὸν
1485 2490 1751 2558 ἀκροδρύων
1784 2493 1865 2544 αὖ-

69 2422 162 2454 Cant.
169 2433 198 2455 v.
207 2431 233 2454 1.

339 2686 368 2708 1.
394 2675 435 2709 τὰ
452 2682 672 2721 assumptum
690 2688 731 2710 ex
750 2676 793 2712 B.
1123 2686 1154 2723 7.
1184 2693 1267 2713 ποτε
1283 2690 1353 2712 om.
1373 2678 1414 2712 B.
1466 2693 1502 2713 τε
1519 2684 1741 2724 assumptum
1759 2692 1800 2715 ex
1821 2680 1861 2715 B.

291 2731 323 2764 9.
352 2721 489 2756 Haec
471 2738 521 2756 οτι
545 2724 696 2767 μάλιστά
720 2739 771 2769 γε,
798 2738 850 2758 και
872 2729 1091 2759 accesserunt
1112 2737 1154 2759 ex
1180 2725 1220 2759 B.
1270 2725 1398 2761 ἐκκέκλ.
1421 2725 1556 2769 ἀμαθῶς
1580 2725 1646 2760 hoe
1671 2727 1792 2761 ordine
1819 2727 1860 2762 Β.

294 2777 346 2800 10.
371 2783 409 2812 ’γε
428 2781 496 2803 om.
522 2770 564 2804 B.
710 2782 762 2805 ΙΙ.
789 2771 973 2816 διδάγματα
994 2771 1084 2805 Edd.
1134 2770 1173 2807 ἂν
1190 2784 1260 2806 om.
1280 2771 1322 2806 Β.

1479 2784 1532 2817 13.
1558 2771 1668 2818 ἔθνος]
1687 2773 1784 2819 γένος
1799 2773 1859 2808 iid.

292 2822 346 2854 15·
373 2816 474 2860 σφῶν
490 2816 651 2862 εὑρέμασι
669 2829 731 2867 pro
749 2818 905 2861 δοκησισ.
923 2817 1049 2863 ῥήμασι
1067 2817 1125 2853 iid.
1175 2819 1257 2862 μηδὲ
1273 2818 1332 2853 iid.
1478 2819 1531 2855 16.
1563 2820 1623 2854 τὸν
1639 2827 1860 2865 assumptum

288 2870 329 2892 ΒΧ
350 2859 390 2893 Β
592 2865 644 2898 18.
670 2862 773 2910 οἷς]
756 2871 800 2899 ὼν
817 2864 876 2899 iid.
1078 2876 1131 2908 19.
1156 2866 1252 2900 ἔσται
1269 2877 1332 2910 pro
1350 2866 1425 2901 ε’στι
1442 2866 1500 2901 iid.
1691 2878 1745 2901 22.
1771 2867 1860 2902 ὅλως

288 2912 507 2950 assumptum
525 2921 565 2943 ex
585 2910 625 2944 B.

858 2911 912 2945 26.
938 2926 1004 2946 που
1020 2919 1241 2958 assumptum
1258 2924 1299 2947 ex
1318 2912 1360 2948 B.
1597 2922 1651 2958 27.
1680 2913 1776 2948 Haec
1793 2916 1859 2948 τῶν

287 2951 473 2995 ᾳσμάτων
464 2963 643 3001 assumpta
660 2969 699 2991 ex
720 2957 761 2991 B.
810 2958 1008 3004 ἀδελφιδιός
1027 2959 1068 2993 Β.
