2021 3434
78 1242 154 1275 213
177 1240 228 1275 A.
258 1250 280 1273 a
298 1250 324 1272 ες

77 1293 182 1321 Amos

76 1335 122 1365 iii.
141 1335 171 1366 6.

312 149 395 188 312
702 151 751 190 B.
798 151 1073 193 CYRILLI
1114 155 1493 196 ALEXANDR.
1679 156 1702 195 i.
1731 169 1795 211 19,
1819 168 1885 199 20.

311 258 551 325 ἀνηρότοις
591 259 863 323 αὐτομάτως
904 262 1132 332 φυόμενα·
1190 265 1310 335 ξύλω
1353 265 1501 332 γεμὴν
1543 268 1614 317 τοῦ
1655 269 1787 333 ἀγροῦ
1828 266 1887 318 τὰ

310 342 358 391 ἐν
396 341 558 404 κήποις
592 365 642 393 τε
672 345 747 394 καὶ
781 345 1081 410 παραδείσοις
1115 348 1276 413 εὐγενῆ
1312 347 1647 412 βλαστήματα,
1679 350 1754 398 καὶ
1789 353 1888 403 ταῖς

310 422 366 490 ἐξ
398 424 532 488 ὡρῶν
565 425 829 491 εὐκαρπιάις
863 429 1236 495 περιανθίζεσθαι
1273 429 1531 498 πεφυκότα·
1572 428 1719 480 ταῦτά
1755 452 1806 480 τε
1839 431 1888 480 ἐν

269 504 413 555 εεῖδει
451 504 586 574 πυρὸς
623 511 870 575 μονονουχὶ
905 510 1255 574 κατεδηδοκέναι
1293 511 1499 579 βροῦχόν
1528 534 1578 562 τε
1612 513 1686 562 καὶ
1725 512 1883 577 ἐρυσί-

305 590 414 650 βην.
480 592 674 639 ποιεῖται
709 588 757 639 δὲ
788 591 1033 656 χρησίμως
1069 591 1154 655 τὴν
1179 591 1295 659 πρὸς
1324 591 1447 644 Θεὸν
1471 592 1609 660 εὐχὴν
1637 593 1882 659 εὐτεχνέσ-
1906 613 1928 650 5

305 691 437 731 τατα,
477 668 727 733 διδάσκων,
768 673 829 724 ὡς
868 672 1041 736 ἥκιστα
1077 673 1161 737 μὲν
1198 676 1307 741 παρ’
1350 675 1506 741 ἑτέρου
1544 673 1698 739 δεήσει
1738 674 1887 740 ζητεῖν

303 753 385 814 τῆς
412 755 666 820 συμφορᾶς
692 751 776 815 τὴν
801 753 1087 817 ἀπόστασιν,
1114 755 1376 823 προσάγειν
1403 755 1450 806 δὲ
1476 756 1604 826 μόνῳ
1631 759 1697 825 τῷ
1721 755 1887 822 σώζειν

303 832 516 900 ἰσχύοντι
539 832 622 887 τὰς
647 833 795 898 λιτὰς,
823 837 896 886 καὶ
929 838 990 890 ὡς
1021 837 1077 905 ἐξ
1099 838 1243 904 ὀργῆς
1270 837 1492 903 ἐπάγοντι
1517 837 1576 888 τὰ
1600 842 1887 888 καταλυπεῖν

300 914 509 966 εἰωθότα.
576 915 640 980 μὴ
678 915 770 982 γὰρ
809 917 864 981 δὴ
902 921 1069 985 χρῆναι
1102 923 1291 986 φρονεῖν
1322 921 1370 970 εὖ
1403 919 1537 983 μάλα
1563 921 1714 987 φησὶν
1741 920 1882 970 αὐτο-

297 996 456 1059 μάτως
505 996 564 1048 τὰ
614 997 767 1049 τοιάδε
830 1003 1073 1064 συμβῆναι
1120 1006 1214 1052 τῶν
1270 1006 1439 1065 κακῶν,
1488 1002 1788 1069 ἐπενηνέχθαι
1837 1001 1885 1053 δὲ
1909 1029 1956 1054 10

297 1083 488 1141 μᾶλλον
532 1081 593 1133 ὡς
643 1081 692 1131 ἐκ
741 1081 875 1132 θειων
925 1083 1079 1136 αὐτοῖς
1127 1104 1414 1148 μηνιμάτων·
1475 1108 1549 1135 και
1596 1090 1734 1135 τοῦτο
1777 1085 1885 1149 ἡμῖν

297 1160 435 1214 αὐτος
467 1162 491 1212 ὁ
523 1166 616 1213 τῶν
648 1162 775 1214 ολων
802 1162 922 1218 Θεὸς
961 1163 1036 1215 διὰ
1072 1169 1232 1234 φωνῆς
1269 1166 1424 1232 ἑτερου
1452 1165 1701 1232 προφήτου
1734 1166 1885 1235 φησίν

351 1247 410 1294 Εἰ
448 1243 581 1294 ἐσται
627 1245 764 1296 κακία
808 1247 857 1296 ἐν
899 1245 1051 1309 πόλει,
1086 1245 1143 1311 ἣν
1190 1248 1361 1313 Κύριος
1399 1272 1482 1299 ουκ
1519 1248 1790 1313 ἐποίησεν;”
1830 1250 1884 1300 οὐ

297 1324 391 1391 γὰρ
429 1323 487 1376 ἂν
524 1326 703 1392 γενοιτό
736 1350 781 1377 τι
814 1333 908 1379 τῶν
945 1334 1114 1380 κακοῦν
1153 1328 1433 1381 ειωθότων
1413 1337 1441 1395 ὴ
1472 1331 1673 1384 πόλεις
1659 1329 1686 1394 ὴ
1713 1330 1882 1398 χώρας,

298 1406 323 1458 ὃ
357 1407 609 1474 πράττοιτο
647 1408 704 1459 ἂν
740 1408 805 1474 μὴ
842 1411 924 1460 οὐκ
960 1410 1166 1480 ἐφιέντος
1199 1416 1338 1463 Θεοῦ.
1410 1412 1548 1479 σώζει
1585 1411 1679 1479 γὰρ
1711 1412 1789 1467 οῦς
1825 1412 1883 1464 ἂν
1905 1439 1951 1477 15

297 1489 465 1553 ἕλοιτο,
515 1491 592 1540 καὶ
647 1491 942 1543 ἀπαλλάττει
1005 1498 1176 1544 κακῶν.
1261 1496 1497 1546 ἀναπείθει
1550 1494 1606 1559 δὴ
1658 1495 1739 1546 οῦν
1788 1500 1883 1546 τῶν

296 1573 634 1636 λελυπηκότων
671 1573 757 1638 τὴν
795 1574 939 1626 λύσιν
977 1574 1107 1641 παρὰ
1145 1579 1270 1627 Θεοῦ
1308 1577 1468 1643 ζητεῖν,
1503 1578 1783 1644 ῥιπτοῦντας
1821 1580 1883 1632 ὡς

297 1653 517 1706 ἀποτάτω
569 1655 623 1707 τό
665 1679 720 1722 γε
770 1656 951 1709 οἴεσθαι
1000 1660 1092 1708 δεῖν
1142 1661 1223 1722 τῆς
1265 1663 1359 1709 τῶν
1403 1658 1723 1726 ψευδωνύμων
1765 1663 1884 1710 θεῶν

297 1735 462 1802 χειρὸς,
491 1739 568 1788 καὶ
605 1739 864 1805 ἐπικουρίας
900 1741 1147 1803 δεδεῆσθαι
1184 1739 1244 1791 τὰ
1282 1739 1381 1791 κατ’
1415 1740 1596 1795 αὐτούς.
1664 1740 1881 1810 ἑξηροὶνθοιι

298 1817 353 1868 δέ
382 1822 533 1887 φησιν
564 1820 752 1889 ἀφέσεις
787 1817 965 1872 ὑδάτων.
1036 1823 1167 1872 ὑετοῦ
1193 1821 1285 1889 γὰρ
1312 1820 1397 1886 τὴν
1421 1825 1511 1889 γῆν
1536 1823 1619 1873 οὐκ
1646 1822 1880 1888 ἅρδοντος,
1903 1854 1951 1879 20
2008 1853 2021 1878 ι

253 1901 568 1965 ὒκαθιεμένης
610 1901 657 1953 δὲ
699 1902 816 1969 πρὸς
850 1903 1000 1973 τούτῳ
1039 1907 1121 1968 τῆς
1161 1904 1396 1971 ἐρυσίβης,
1439 1904 1795 1973 ἐξωπλισμένης
1834 1905 1883 1955 δὲ

297 1984 374 2033 καὶ
411 1984 611 2050 ἀκρίδος,
648 1986 722 2035 καὶ
756 1985 965 2053 βρούχου
999 1989 1258 2050 πηδῶντος,
1294 1989 1370 2037 καὶ
1409 1985 1595 2051 κάμπης
1633 1986 1882 2052 ἑρπούσης,

296 2068 397 2119 πῶς
429 2064 487 2130 ἧν
523 2066 797 2135 ἀμφίβολον
832 2070 892 2121 ὡς
930 2067 1083 2133 πάντη
1116 2091 1163 2119 τε
1197 2070 1270 2119 καὶ
1301 2067 1488 2123 πάντως
1512 2069 1684 2137 οἴχοιτο
1711 2066 1768 2119 ἂν
1793 2070 1877 2120 αὐ-

297 2152 392 2200 τοῖς
416 2146 475 2198 τὰ
501 2147 679 2215 ζωαρκῆ
706 2147 824 2215 πρὸς
850 2149 903 2200 τὸ
927 2150 1097 2215 μηδε’ν;
1126 2149 1548 2219 καταφθειρομένης
1575 2150 1623 2202 δὲ
1648 2152 1722 2202 καὶ
1747 2150 1879 2214 πόας,

297 2229 433 2281 πᾶσά
457 2253 558 2284 πως
585 2230 764 2296 ἀνάγκη
789 2234 864 2282 καὶ
894 2233 1015 2293 κτήνη
1041 2236 1207 2284 παθεῖν
1234 2231 1315 2284 τὸν
1342 2233 1552 2299 ὄλεθρον.
1900 2246 1948 2284 25

373 2312 524 2377 Φαίην
559 2314 597 2364 δ’
630 2312 687 2363 ἂν
724 2313 794 2364 ὅτι
828 2314 951 2382 τάχα
974 2338 1066 2366 που
1099 2317 1173 2366 καὶ
1197 2314 1436 2368 Ἰουδαίοις
1467 2317 1515 2366 ἐν
1545 2314 1765 2383 ἐσχάτοις
1798 2321 1880 2366 τοῦ

297 2397 462 2448 αἰῶνος
508 2399 678 2460 καιροῖς
720 2396 1061 2465 ἐπιστρέφουσι
1103 2396 1221 2464 πρὸς
1260 2396 1398 2461 Θεὸν,
1435 2398 1605 2464 πρέποι
1645 2395 1701 2448 ἂν
1739 2401 1881 2448 εἰπεῖν

298 2475 381 2531 τὰς
431 2475 622 2529 τοιάσδε
668 2476 842 2546 φωνὰς,
888 2484 987 2533 ταῖς
1031 2484 1124 2530 τῶν
1173 2482 1366 2546 ἀγαθῶν
1409 2480 1596 2533 ἐνδείαις
1640 2481 1880 2544 ἐντεθλιμ-

350 2642 379 2666 1.
405 2631 622 2676 ἀναφυόμενα
640 2632 731 2667 Edd.
781 2647 817 2667 τε
835 2645 897 2678 pro
914 2648 953 2679 γε
971 2633 1029 2668 iid.
1047 2640 1126 2668 ante
1145 2634 1279 2680 Migne.
1425 2645 1455 2668 2.
1482 2649 1518 2669 τε
1535 2641 1758 2680 assumptum
1775 2647 1815 2669 ex
1840 2635 1878 2670 Β.
1994 2663 1997 2682 2

300 2678 412 2722 εὐτενῆ
432 2679 512 2723 (sic)
533 2679 574 2713 Β.
756 2691 789 2725 3.
815 2679 868 2726 τε]
890 2681 926 2715 δὲ
944 2680 1003 2715 11(1.
1182 2694 1213 2724 4.
1239 2682 1418 2727 μονονουχὶ
1437 2681 1688 2725 κατεδηδοκέναι
1707 2682 1748 2716 Β.
1767 2683 1878 2717 κατ-εδ.
1993 2688 1996 2717 Ι

300 2725 409 2767 φησιν
426 2740 604 2771 μονονουχι
624 2725 683 2760 11(1.
899 2737 933 2772 5.
960 2727 1259 2774 εὐτεχνεστατα]’
1243 2728 1462 2763 εκτενέστατιι
1480 2728 1539 2762 11(1.
1705 2728 1738 2763 6.
1764 2728 1879 2773 δεήσει
1992 2740 1996 2762 1

301 2771 408 2813 ζητεῖν
426 2772 491 2806 hoc
510 2773 630 2807 ordine
649 2773 691 2807 B.
904 2786 956 2815 10,
979 2786 1031 2809 11.
1058 2775 1099 2809 τὰ
1116 2791 1146 2809 τ.
1166 2777 1336 2819 συμβῆναι
1353 2782 1386 2809 et
1403 2775 1480 2819 ἡμῖν
1496 2775 1595 2811 αὐτὸς
1610 2774 1678 2810 hoc
1695 2775 1816 2810 ordine
1835 2776 1877 2810 Β.
1993 2785 1995 2787 ’

305 2827 357 2858 14.
384 2833 401 2860 η
421 2819 515 2861 prius
534 2826 755 2864 assumptum
773 2833 813 2855 ex
834 2821 875 2855 B.
1058 2821 1111 2855 16.
1139 2822 1178 2865 δὴ
1197 2828 1417 2867 assumptum
1435 2834 1476 2856 ex
1497 2822 1538 2856 B.
1709 2832 1761 2868 17.
1787 2822 1877 2867 παρὰ
1991 2817 1994 2840 ’

302 2866 389 2897 Θεοῦ
407 2866 514 2907 ζητεῖν
530 2866 596 2900 hoc
614 2867 690 2901 ord.
711 2867 751 2901 B.
802 2868 846 2904 ὡς
862 2867 1035 2913 ‹irrora-rw]
1054 2883 1184 2913 μακριιν
1201 2868 1259 2902 iid.
1360 2880 1412 2913 19.
1435 2869 1599 2922 ἐξηράνθη
1618 2869 1677 2903 11(1.
1696 2869 1877 2925 ἐξηράνθη-

301 2923 366 2942 σαν
384 2922 400 2943 e
419 2922 482 2943 suo
503 2912 635 2956 Migne.
714 2925 768 2948 20.
795 2915 854 2948 οὐκ
872 2916 1031 2959 ῐίρδυντος
1049 2915 1108 2959 τὴν
1124 2917 1187 2960 γῆν
1204 2916 1341 2949 inv-<nso
1360 2915 1505 2950 ordine
1498 2917 1519 2950 11
1525 2915 1558 2950 (L
1636 2927 1691 2961 23.
1717 2920 1755 2958 ἠν
1770 2913 1876 2961 ἀμφί-

300 2955 458 3001 βολον]
443 2972 482 2991 αν
495 2958 725 3003 ἀμφίβολον’
708 2976 747 3003 ην
763 2961 823 2996 11(1.
872 2963 978 3006 πάντη
996 2977 1030 2996 τε
1050 2963 1102 2996 καὶ
1121 2969 1300 3008 assumpta
1318 2974 1358 2997 ex
1380 2962 1419 2997 B.
1520 2974 1573 3006 25.
1601 2963 1654 2997 καὶ
1672 2974 1741 2997 om.
1764 2961 1806 2996 Β.
