2021 3434
71 513 229 543 SMatth.

69 558 114 587 iii.
136 556 182 587 16.

73 887 88 906 ‘z
108 877 181 907 Cor.

71 921 135 951 viii.
156 930 185 960 9.

77 1528 107 1557 S.
124 1527 222 1557 Joan.

79 1573 99 1602 i.
119 1581 167 1610 32.

84 2106 178 2136 Rom.

83 2150 148 2180 viii.
164 2148 193 2180 6.

86 2354 117 2384 S.
137 2353 234 2384 Joan.

85 2397 106 2426 i.
127 2406 172 2435 13.

285 181 367 220 338
657 182 705 222 B.
749 181 1023 221 CYRILLI
1065 162 1442 222 ALEXANDR.
1625 179 1668 221 ii.
1692 179 1759 228 28,
1783 190 1847 232 29.

287 288 496 353 καθάπερ
528 290 689 352 ἀμέλει
723 292 798 341 καὶ
832 290 900 341 ἐπ’
928 292 1068 342 αὐτοῦ
1101 296 1267 342 νοεῖται
1291 296 1374 341 τοῦ
1400 293 1523 341 Θεοῦ
1549 290 1623 339 καὶ
1649 285 1848 353 Πατρός·

287 368 316 437 ᾗ
343 370 390 420 δὲ
415 371 604 435 γέγονεν
634 370 877 438 ἄνθρωπος
914 375 988 423 καὶ
1018 373 1194 441 πέφηνε
1227 374 1330 424 καθ’
1358 372 1491 437 ἡμᾶς,
1514 367 1712 422 ἐπακτὸν
1736 369 1854 436 ἔχειν

245 451 341 501 Ῑ>τὸ
369 454 563 515 Πνεῦμα
588 451 789 518 λέγεται.
856 454 1223 524 καταπεφοίτηκε
1258 460 1373 520 γοῦν
1408 453 1475 505 ἐπ’
1504 453 1643 503 αὐτὸν
1673 452 1721 501 ἐν
1752 449 1856 500 ε’ίδει

288 538 576 599 περιστερᾶς,
603 534 678 585 ὅτε
712 537 817 586 καθ’
845 537 966 600 ἡμᾶς
991 536 1210 603 γεγονὼς,
1236 537 1297 590 ὠς
1321 535 1452 604 ἔφην,
1478 535 1538 587 ὠς
1564 533 1625 587 εἷς
1650 532 1705 601 ἐξ
1726 532 1857 596 ἡμῶν

289 618 586 679 οἰκονομικῶς
629 616 913 683 ἐβαπτίζετο.
973 618 1076 669 τότε
1121 621 1194 669 καὶ
1237 618 1290 669 τὸ
1337 618 1451 668 ἰ’διον
1495 617 1634 667 αὐτοῦ
1678 618 1898 675 πνεῦμα5

291 695 426 747 δοτὸν
468 699 590 767 αὐτῷ
633 698 809 750 ἄνωθεν
851 700 1067 765 γενέσθαι
1108 701 1304 766 λέγεται,
1346 699 1420 750 διὰ
1462 697 1515 749 τὸ
1553 696 1856 763 ἀνθρώπινον,

290 782 365 830 καὶ
403 780 540 831 τοῦτό
581 782 710 831 ἐστιν
749 782 776 845 ἡ
816 782 1023 836 κένωσις.
1091 788 1241 833 νοοῖτο
1279 783 1318 832 δ’
1353 781 1409 832 ἂν
1440 778 1532 831 ὧδέ
1561 803 1627 843 τε,
1661 780 1736 830 καὶ
1773 778 1859 844 οὐχ

291 862 452 928 ἑτέρως
498 870 524 892 “
544 864 617 913 Δι’
663 864 783 927 ἡμᾶς
825 870 1097 932 πτωχεῦσαι
1144 864 1374 917 πλούσιος
1414 861 1492 925 ὢν,
1533 862 1586 913 ἵν’
1626 861 1753 925 ἡμεῖς
1797 862 1855 925 Τῇ

292 945 463 995 ἐκείνου
496 946 701 1014 πτωχείᾳ
734 945 1121 1011 πλουτήσωμεν.”
1185 946 1361 997 δέδοται
1391 944 1474 1009 μὲν
1499 943 1605 1010 γὰρ,
1631 944 1691 996 ὠς
1716 941 1852 1010 ἔφην,

292 1026 346 1077 τὸ
391 1029 584 1090 Πνεῦμα
625 1031 690 1096 τῷ
728 1027 883 1090 Ἀδὰμ
925 1031 973 1080 ἐν
1012 1031 1189 1096 ἀρχαῖς,
1233 1026 1361 1093 πλὴν
1404 1029 1457 1078 οὐ
1505 1024 1752 1090 μεμένηκεν
1800 1024 1857 1091 τῇ
1885 1047 1932 1072 10

293 1108 541 1174 ἀνθρώπου
580 1109 740 1179 φύσει·
796 1111 1047 1162 διανένευκε
1099 1111 1191 1177 γὰρ
1240 1115 1301 1164 εἷς
1349 1108 1402 1160 τὸ
1448 1106 1734 1172 πλημμελὲς,
1785 1109 1860 1157 καὶ

293 1193 597 1258 παρώλισθεν
635 1198 697 1248 εἷς
732 1195 973 1261 ἁμαρτίαν,
1000 1195 1370 1263 κατηρῥώστησέ
1398 1218 1447 1246 τε
1479 1197 1573 1245 πᾶν
1607 1190 1724 1245 εἶδος
1749 1193 1861 1242 ἀκα-

296 1275 506 1339 θαρσίας.

356 1355 546 1420 Ἐπειδὴ
573 1357 619 1408 δὲ
645 1358 909 1426 ἐπτώχευσε
935 1359 1165 1413 πλούσιος
1191 1358 1267 1422 ὢν,
1289 1361 1349 1412 ὡς
1376 1358 1507 1426 ἔφην,
1528 1359 1552 1408 ὁ
1574 1355 1861 1422 Μονογενὴς,

259 1439 372 1488 Οκαῖ
413 1439 516 1500 μεθ’
554 1439 683 1502 ἡμῶν
721 1442 782 1494 ὡς
826 1439 1069 1505 ἅνθρωπος
1105 1439 1159 1491 τὸ
1196 1441 1311 1491 ’ίδιον
1347 1441 1408 1494 ὠς
1444 1438 1642 1490 ἐπακτὸν
1675 1437 1862 1506 ἐδέξατο
1889 1454 1935 1492 15

299 1522 505 1583 Πνεῦμα,
533 1527 560 1548 “
579 1520 828 1585 μεμένηκεν
853 1523 924 1573 ἐπ’
953 1520 1131 1572 αὐτόν·”
1172 1522 1262 1591 ἔφη
1297 1521 1389 1588 γὰρ
1423 1523 1566 1575 οὕτως
1590 1522 1614 1571 ὁ
1641 1519 1863 1587 μακάριος

297 1600 513 1666 Ἰωάννης
545 1603 569 1652 ὃ
598 1602 970 1668 Εὐαγγελιστής·
1007 1603 1081 1653 ἵνα
1112 1605 1186 1654 καὶ
1212 1606 1258 1654 ἐν
1283 1604 1391 1668 ἡμῖν
1416 1602 1671 1669 κατοικήσῃ
1696 1601 1864 1653 λοιπὸν

296 1682 516 1747 ἐμμόνως,
555 1685 615 1737 ὠς
648 1683 735 1748 7ἴδη
769 1685 1022 1749 μεμενηκὸς
1055 1687 1102 1736 ἐν
1138 1690 1195 1753 τῇ
1224 1691 1305 1736 τοῦ
1331 1685 1490 1749 γένους
1520 1685 1650 1748 ἡμῶν
1675 1686 1865 1752 ἀπαρχῇ

298 1765 500 1835 δευτέρᾳ,
530 1766 741 1817 τουτέστι
768 1770 978 1836 Χριστῷ·
1019 1765 1376 1830 κατωνόμασται
1402 1766 1495 1832 γὰρ
1529 1765 1604 1817 διὰ
1629 1773 1765 1818 τοῦτο
1791 1769 1866 1817 καὶ

299 1848 506 1915 δεύτερος
531 1848 700 1912 Ἀδὰμ,
725 1848 779 1900 δι’
807 1849 860 1899 οῦ
890 1849 1006 1915 πρὸς
1039 1849 1091 1900 τὸ
1123 1850 1415 1916 ἀσυγκρίτως
1442 1849 1627 1912 ἄμεινον
1652 1850 1862 1900 ἀνεστοι-
1891 1869 1940 1894 20

298 1931 539 1998 χειώμεθα,
591 1932 666 1981 καὶ
714 1929 798 1994 τὴν
849 1929 923 1980 διὰ
971 1931 1242 1995 Πνεύματος
1292 1929 1598 1997 ἀναγέννησιν
1645 1931 1694 1981 εὖ
1736 1929 1868 1993 μάλα

301 2013 609 2079 κερδαίνομεν,
654 2012 802 2062 οὐκέτι
846 2011 930 2076 τὴν
973 2012 1164 2079 πρώτην
1202 2013 1395 2080 ἔχοντες,
1435 2011 1520 2076 τὴν
1557 2011 1675 2063 κατὰ
1712 2011 1868 2077 σάρκα

303 2097 437 2163 φημὶ,
463 2093 548 2158 τὴν
582 2098 642 2148 εἷς
678 2093 860 2162 φθοράν
894 2117 943 2145 τε
982 2097 1056 2146 καὶ
1091 2096 1333 2161 ἁμαρτίαν·
1376 2101 1403 2123 “
1422 2094 1492 2146 Τὸ
1526 2093 1618 2161 γὰρ
1650 2093 1868 2163 φρόνημα

259 2191 285 2231 (1
304 2185 330 2207 “
356 2180 436 2241 τῆς
478 2175 655 2242 σαρκὸς
697 2175 933 2239 θάνατος,”
980 2177 1098 2228 κατὰ
1136 2177 1189 2228 τὸ
1229 2177 1564 2243 γεγραμμένον
1616 2175 1745 2228 ἀλλὰ
1784 2176 1869 2241 τὴν

303 2259 479 2310 ἄνωθεν
519 2260 594 2309 καὶ
645 2259 870 2325 δευτέραν,
911 2258 997 2323 τὴν
1037 2261 1087 2309 ἐκ
1128 2263 1251 2310 Θεοῦ
1295 2259 1369 2310 διὰ
1416 2260 1702 2323 Πνεύματος,
1743 2259 1869 2326 εἴπερ
1893 2272 1942 2310 25

303 2345 433 2395 ἐστὶν
482 2343 652 2405 ἀληθὲς
694 2344 754 2398 ὠς
799 2350 825 2373 ‘⁶
851 2345 954 2395 Οὐκ
997 2345 1054 2413 ἐξ
1098 2343 1319 2408 αἱμάτων,
1370 2343 1473 2395 οὐδὲ
1513 2345 1562 2395 ἐκ
1609 2343 1870 2409 θελήματος

354 2523 383 2546 1.
409 2511 547 2557 νοεῖται]
568 2511 625 2546 Sic
642 2511 774 2546 correxi
789 2523 830 2546 ex
849 2511 961 2546 Codd.
982 2511 1086 2546 Laur.
1104 2513 1215 2555 νοῆται
1235 2511 1325 2546 Edd.
1344 2517 1423 2546 ante
1441 2512 1573 2556 Migne.
1754 2523 1786 2546 2.
1811 2512 1871 2547 πέ-

304 2560 389 2602 φηνε
410 2559 450 2592 Β.
470 2559 548 2593 Nic.
568 2559 716 2592 Blemm.
738 2558 886 2593 Veccus.
903 2559 1033 2603 πέφυκε
1053 2558 1139 2593 Cod.
1159 2558 1262 2593 Laur.
1281 2559 1327 2593 vi.
1349 2570 1400 2593 12.
1418 2558 1537 2604 γέγονε
1558 2558 1648 2593 Edd.
1758 2572 1792 2601 4.
1815 2558 1870 2593 ὅτε

307 2606 349 2639 Β.
370 2605 458 2639 Cod.
471 2605 576 2639 Laur.
586 2606 631 2639 vi.
647 2616 699 2639 12.
713 2605 765 2639 ὅτι
779 2605 870 2639 Edd.
921 2605 1018 2640 Hae-c
1034 2607 1121 2651 ἔφην
1137 2606 1180 2641 ὡς
1196 2612 1415 2640 accesserunt
1428 2617 1469 2639 ex
1483 2605 1524 2639 B.
1541 2605 1627 2639 Cod.
1641 2605 1743 2640 Laur.
1759 2606 1802 2640 vi.
1818 2617 1871 2640 12.

307 2651 339 2685 6
365 2652 489 2686 ἄνωθεν
505 2664 574 2686 om.
595 2652 636 2686 B.
654 2652 770 2686 invitis
790 2651 878 2687 Cod.
897 2652 1108 2697 supradicto,
1127 2651 1217 2686 Edd.
1346 2663 1375 2696 7.
1405 2654 1512 2686 νοεῖτο
1529 2651 1621 2686 Edd.
1639 2657 1719 2687 ante
1737 2652 1870 2696 Migne.

308 2697 392 2732 οὕτω
411 2711 473 2742 pro
490 2699 554 2732 ὼδέ
569 2714 605 2733 τε
621 2698 681 2732 nd.
884 2711 918 2744 9.
941 2700 1042 2733 αὐτοῦ
1059 2711 1122 2744 pro
1139 2699 1263 2732 ἐκείνου
1281 2698 1373 2733 Edd.
1628 2710 1681 2734 10.
1706 2699 1793 2744 ἀρχῇ
1811 2698 1870 2733 iid-

312 2755 364 2778 12.
394 2745 488 2779 Haec
506 2744 767 2790 κατηῤῥώστησε
783 2760 819 2780 τε
835 2747 900 2780 πᾶν
916 2744 1004 2782 ειδος
1019 2746 1225 2791 ἀκαθαρσίας
1242 2751 1459 2780 accesserunt
1472 2757 1513 2779 ex
1532 2745 1574 2780 Β.
1750 2757 1803 2787 14.
1828 2745 1873 2780 ὡς

309 2791 395 2834 ἔφην
412 2800 589 2836 assumpta
606 2804 647 2826 ex
666 2792 708 2826 B.
1173 2792 1225 2826 16.
1254 2793 1383 2826 Haec‘
1367 2807 1384 2826 ο
1401 2792 1559 2837 μακαρίος
1576 2798 1754 2837 assumpta
1769 2803 1810 2825 ex
1834 2791 1872 2825 Β.

314 2837 364 2869 18
391 2838 537 2880 ἐμμόνως
553 2845 587 2872 et
603 2838 694 2881 ἡμῶν
710 2847 888 2884 assumpta
904 2851 945 2873 ex
964 2839 1006 2873 Β.
1241 2850 1296 2873 20.
1322 2838 1362 2873 δι’
1381 2837 1436 2884 οὗ]
1456 2840 1507 2873 διὸ
1525 2838 1616 2873 Edd.
1664 2838 1873 2884 ἀσυγκρίτως

311 2883 441 2925 ἄμεινον
457 2884 523 2917 hoc
540 2884 658 2919 ordine
674 2885 715 2919 B.
764 2886 1070 2931 ἀναστοιχειώμεθα
1086 2885 1145 2919 ild.
1513 2896 1568 2919 21.
1595 2884 1665 2931 διὰ]
1686 2890 1723 2925 -†-
1737 2887 1796 2919 τοῦ
1813 2883 1871 2917 iid.

312 2940 367 3008 2ἷ.
392 2930 748 3012 γεγραμμένὲἒάγένος
765 2932 824 2967 iid.
1133 2943 1187 2975 25.
1214 2933 1266 2966 καὶ
1283 2938 1503 2977 assumptum
1519 2944 1559 2967 ex
1579 2932 1621 2966 B.
1670 2932 1723 2966 διὰ
1741 2942 1810 2965 om.
1829 2929 1871 2963 B.

314 3001 331 3008 ..
395 2990 424 3009 οι
443 2988 502 3019 ριο
521 2992 563 3012 ως

2006 2862 2012 3088 --«»-ι---·--
2007 2829 2011 2845 -
2007 2472 2015 2819 —mm-w-——w
2009 696 2021 2462 -ἯἙΜΜΜΜΜΜΧΨ
2020 671 2021 675 Α

2004 3382 2021 3434 ΚΑ
