2021 3434
103 197 129 238 i.
156 211 218 237 11.
604 200 675 240 IN
717 189 912 240 A'MOS.
973 199 1123 240 ΤΟΜ.
1157 200 1192 240 1.
1596 199 1676 237 391

101 302 299 374 ἀδελφὶν
338 306 451 358 ὅντα
491 308 573 359 τὸν
606 307 822 374 Ἰσραὴλ,
861 310 936 359 καὶ
974 313 1068 362 τοῖς
1106 307 1244 373 ἐγγὺς
1283 310 1358 358 καὶ
1397 307 1453 376 ἐξ
1488 307 1681 370 αἵματος

101 387 154 438 τὸ
200 388 355 454 θρασὺ
398 392 473 440 καὶ
518 390 748 456 ἀνήμερον
786 393 839 441 οὐ
880 391 1151 441 κατέδεισαν
1195 392 1484 441 ἐπανατεῖναι
1528 389 1682 458 ξίφος,

102 470 154 520 οὐ
197 468 340 534 νόμου
384 471 573 540 φύσεως
623 472 993 541 πεφροντικότες,
1033 473 1086 522 οὐ
1123 471 1469 539 πεφρονηκότες
1507 493 1551 521 τι
1589 475 1723 521 τῶνα
1749 488 1836 521 260
1854 487 1902 520 A.

101 553 418 617 ἀνθρωπίνων,
461 553 591 604 ἀλλὰ
636 553 741 608 τοὺς
787 555 876 623 ἔξω
922 556 997 604 καὶ
1047 555 1425 617 πολεμιωτάτους
1472 557 1572 607 ταῖς
1623 557 1684 606 εἷς

61 650 83 688 5
104 633 336 701 ἀδελφοὺς
387 636 676 699 δυσμενείαις
724 641 853 686 νικᾶν
904 636 1166 698 εἰθισμένοι,
1217 638 1292 685 καὶ
1339 633 1685 702 πεφρονηκότες

103 737 195 765 που
227 714 348 783 τάχα
384 719 458 766 καὶ
493 719 566 768 ἐπὶ
601 718 751 787 τούτῳ
782 717 918 783 μέγα.
986 718 1151 767 οὐκοῦν
1179 717 1443 767 ἀκουόντων
1469 715 1686 781 καὶπρὸς

102 797 233 861 ἡμῶν
269 805 294 826 “
317 800 382 849 Τί
411 799 618 867 ἐγκαυχᾷ
660 801 706 849 ἐν
746 800 879 867 κακίᾳ
920 800 944 849 ὁ
988 798 1180 851 δυνατός
1198 799 1236 859 ;”
1279 801 1353 848 καὶ
1390 800 1496 863 περὶ
1534 799 1686 849 αὐτῶν
1747 792 1799 823 Ps.
1822 793 1853 823 11.

104 876 162 928 ἂν
201 878 400 943 λέγοιτο,
436 882 510 930 καὶ
550 879 682 942 μάλα
721 880 906 934 εἰκότως
935 878 1121 943 ((ἳΩνὴ
1156 879 1274 949 δόξα
1311 882 1359 930 ἐν
1393 885 1449 947 τῇ
1483 880 1685 948 αἰσχύνῃ
1748 889 1831 920 Phil·
1852 890 1896 920 iii-

103 966 130 990 “
155 961 346 1013 αὐτῶν.”
413 960 443 1011 ἃ
467 960 560 1027 γὰρ
594 961 650 1026 ἧν
685 962 870 1025 ἄμεινον
902 964 963 1015 ὡς
998 961 1216 1013 ἀποτάτω
1248 966 1483 1012 ποιεῖσθαι
1511 966 1682 1029 φιλεῖν,

39 1065 85 1090 10
104 1044 236 1093 ταυτὶ
263 1043 318 1107 δὴ
342 1043 572 1113 παγκάκῳ
599 1048 819 1106 τιμῶντες
845 1044 1013 1113 ψήφῳ,
1039 1044 1186 1095 πάλιν
1212 1043 1495 1094 ἀκούσονται
1519 1051 1545 1072 “
1564 1045 1687 1094 Οὐαὶ

104 1132 131 1154 “
157 1128 199 1175 οἱ
229 1125 447 1190 λέγοντες
480 1125 534 1176 τὸ
569 1125 776 1192 πονηρὸν
811 1126 959 1176 καλὸν
995 1129 1068 1176 καὶ
1107 1125 1161 1176 τὸ
1201 1125 1348 1176 καλὸν
1387 1124 1605 1191 πονηρὸν,
1646 1130 1688 1176 οἱ

105 1213 132 1236 “
158 1208 354 1261 τιθέντες
393 1208 446 1258 τὸ
485 1206 656 1262 σκότος
695 1212 796 1277 φῶς
835 1211 910 1259 καὶ
948 1207 1002 1258 τὸ
1042 1212 1143 1277 φῶς
1177 1207 1361 1270 σκότος,
1390 1212 1432 1259 οἱ
1470 1207 1687 1274 λέγοντες

106 1296 131 1318 “
157 1288 210 1340 τὸ
234 1289 401 1356 πικρὸν
426 1289 577 1355 γλυκὺ
603 1292 678 1341 καὶ
702 1290 756 1341 τὸ
782 1288 934 1356 γλυκὺ
958 1289 1168 1356 πικρόν.”
1706 1291 1732 1331 b

501 1464 576 1505 Καὶ
613 1465 856 1513 ἐλυμήνατο
894 1466 1057 1521 μήτραν
1094 1464 1164 1505 ἐπὶ
1202 1469 1288 1511 τῆς.

43 1583 87 1621 15
177 1562 531 1659 Ἀπαριθμεῖται
572 1565 815 1631 χρησίμως
850 1563 908 1614 τὰ
953 1568 1046 1614 τῶν
1083 1565 1354 1627 Ἰδουμαίων
1392 1564 1681 1630 ἐγκλήματα,

106 1667 180 1694 και
231 1643 299 1695 ἐπ’
343 1643 482 1695 αὐτὸν
521 1645 672 1696 ἄνεισι
713 1645 795 1696 τὸν
836 1647 1013 1708 Ησαῦ,
1054 1649 1291 1712 δυσγενεῖς
1332 1646 1470 1701 ὄντας
1518 1651 1591 1698 καὶ
1632 1648 1688 1717 ἐξ

0 1743 2 1839 ἱ
105 1727 297 1778 ἀνοσίου
338 1727 516 1795 φυντας
565 1751 742 1794 πατρος
794 1730 1083 1796 ἀποφαίνων,
1134 1728 1187 1778 ιν’
1231 1728 1373 1779 ἐκεῖνό
1421 1752 1513 1781 που
1562 1753 1685 1798 ταχα

0 1841 3 1868 ι
106 1814 282 1871 νοῶμεν
339 1809 392 1860 τὸ
455 1809 529 1860 διὰ
581 1813 740 1877 φωνῆς
788 1809 995 1861 εΗσαίου
1044 1812 1257 1876 πλαγίως
1306 1811 1684 1876 ὑποδηλούμενον

108 1898 134 1920 “
159 1893 245 1942 Ἐκ
276 1891 368 1958 γὰρ
399 1893 670 1957 σπέρματος
701 1892 855 1960 ὄφεων
880 1893 1207 1961 ἐξελεύσονται
1233 1892 1402 1958 ε”κγονα
1427 1895 1681 1946 ἀσπίδων.”
1746 1903 1799 1977 {32
1816 1904 1884 1935 xiv.

39 1997 90 2022 20
107 1974 354 2042 ἀφηγεῖται
380 1973 436 2037 δὴ
463 1975 542 2024 οὖν
569 1973 639 2025 ὅτι
673 1976 747 2024 καὶ
776 1976 800 2025 ὁ
827 1974 1083 2041 προπάτωρ
1117 1976 1269 2028 αὐτοῖς
1294 1975 1497 2041 γεγονὼς
1521 1977 1684 2028 εΗσαῦ
1769 1958 1799 1988 9·

107 2060 200 2109 τοῖς
241 2057 291 2106 ἐκ
333 2055 501 2124 μήτραις
539 2059 614 2106 καὶ
652 2056 877 2121 γενέσεως
916 2059 1107 2122 ἀγαθοῖς
1142 2056 1523 2122 προσγεγονόσιν
1561 2058 1686 2128 αὐτῷ

107 2140 355 2205 μονονουχὶ
380 2140 454 2188 καὶ
486 2139 786 2206 διελυμήνατο,
812 2140 886 2189 καὶ
914 2137 1190 2206 κατέῤῥιψεν
1222 2143 1282 2192 εἰς
1316 2142 1406 2204 γῆν
1431 2138 1485 2190 τὸ
1516 2141 1566 2190 ἐκ
1591 2144 1685 2190 τῶν
1703 2168 1724 2194 0

2 2214 8 2327 Ι
107 2221 433 2286 πρωτοτοκίων
471 2220 667 2289 ἀξίωμα,
700 2227 866 2287 μικροῦ
904 2225 1147 2274 παντελῶς
1186 2222 1397 2289 ἀξιῶσας
1435 2221 1488 2273 τὸ
1526 2225 1685 2289 χρῆμα

109 2302 255 2368 λόγου
288 2305 466 2371 τροφῆς
504 2303 634 2353 ἕνεκα
672 2306 958 2367 σωματικῆς·
1002 2303 1165 2371 ἕψημα
1206 2303 1298 2370 γὰρ
1340 2303 1480 2369 ἐζήτει
1518 2309 1684 2373 φακοῦ,

45 2409 91 2446 25
111 2386 184 2434 καὶ
222 2383 388 2445 λαβὼν
423 2384 570 2435 ἐδίδου
608 2384 662 2435 τὸ
700 2387 781 2448 τῆς
821 2384 1010 2452 φύσεως
1043 2388 1206 2450 δῶρον.
1268 2384 1486 2436 ίίΓΈνεκα
1520 2387 1685 2439 τούτου
1746 2391 1828 2423 Gen.

1300 2467 1322 2483 U
1746 2447 1822 2467 xxv.
1843 2446 1893 2476 30.

111 2472 137 2495 εί
269 2468 281 2483 Χ
364 2468 374 2480 )
453 2465 465 2481 l
600 2466 613 2481 Χ
674 2466 696 2484 'l
898 2467 908 2481 ὶ
977 2472 994 2480 Α
1035 2468 1044 2482 )
1144 2467 1156 2481 Ι
1202 2468 1238 2494 ’θ’
1380 2469 1388 2482 )
1557 2468 1593 2484 Ι..

163 2471 312 2535 φησιν
355 2470 528 2531 εκληθη
568 2490 622 2517 το
667 2490 812 2529 ονομα
855 2489 995 2517 αυτου
1052 2470 1194 2529 Εδωμ
1298 2491 1322 2517 ο
1366 2491 1468 2518 εστι
1509 2491 1683 2533 γηινος,

6 2590 13 2775 ’ἱ
157 2607 190 2640 3.
216 2597 254 2630 οὗ
272 2598 373 2640 νόμου
392 2596 531 2642 φύσεως
555 2596 832 2642 πεφροντικότες]
860 2598 944 2640 ὁμοῦ
970 2597 1004 2630 δέ
1031 2563 1456 2642 φὺσεωςοῗτεφροντικότες
1473 2600 1516 2634 Α.
1541 2602 1624 2643 ὁμοῦ
1650 2601 1685 2635 δὲ

11 2920 15 2956 Ι

12 2958 15 3000 2

13 3032 16 3057 Ι

13 3064 17 3080 Ι

14 3092 17 3121 Ι

15 3133 17 3152 ι

110 2642 297 2687 φύσεώσου
311 2644 390 2686 (Sic)
406 2646 656 2688 πεφρονηκότες
673 2656 701 2677 e.
750 2643 1016 2688 πεφρονηκότες]
1036 2645 1300 2688 πεφροντικότες
1317 2645 1412 2679 Aub.
1507 2657 1540 2690 5.
1560 2648 1686 2691 δυσμε-

112 2689 227 2735 νειαις]
247 2691 465 2729 δυσσεβείαις
482 2692 525 2724 A.
669 2691 700 2724 6.
728 2689 968 2734 ἀκουόντων]
951 2705 1150 2724 ακουσονται
1168 2692 1211 2724 A.
1388 2703 1440 2726 10.
1464 2695 1623 2750 παγκάκῳ
1643 2694 1685 2729 Β.

111 2739 266 2781 παγκάλῃ
286 2736 376 2771 Edd.
500 2748 622 2781 11-13,
650 2751 702 2770 και
719 2738 757 2770 τὸ
775 2736 1058 2782 καλὸν-πικρόν]
1078 2737 1130 2770 καὶ
1148 2738 1224 2781 ἑξῆς
1243 2737 1333 2771 Edd.
1453 2751 1505 2774 12.
1531 2740 1688 2784 λεγοντες

115 2782 157 2817 Β.
160 2751 220 2817 γά.
241 2784 293 2817 De
312 2783 381 2817 Ad.
397 2784 461 2818 160
475 2796 504 2817 e.
522 2784 667 2818 τιθέντες
684 2785 727 2816 A.
1006 2795 1057 2825 14
1085 2783 1156 2828 ἐπὶ]
1180 2788 1217 2825 -ι-
1238 2786 1296 2828 τῆς
1314 2784 1404 2819 Edd.
1426 2785 1497 2830 (42,
1516 2797 1572 2831 51,
1579 2789 1686 2847 '311.)

115 2829 170 2864 ἐπὶ
187 2842 256 2864 om.
275 2831 318 2863 A.
497 2841 549 2872 15.
574 2829 768 2872 Ἰδουμαίων
786 2829 828 2863 A.
845 2828 1015 2863 Ἰουδαίων
1034 2829 1124 2864 Edd.
1308 2831 1361 2865 16.
1387 2832 1495 2868 ἄνεισι
1513 2834 1555 2868 Β.
1573 2835 1689 2870 ἄπεισι

116 2877 160 2909 Α.
178 2876 290 2920 ἀνίησι
309 2876 368 2910 iid.
527 2885 578 2921 17.
604 2877 730 2920 πατρὸς
747 2876 900 2920 φυντας
891 2888 961 2910 lnv.
979 2876 1054 2911 ord.
1076 2876 1116 2910 B.
1262 2889 1315 2922 19.
1341 2878 1452 2923 ὄφεως
1470 2880 1513 2914 Α.
1554 2881 1689 2927 ἔγγονοι

119 2922 210 2957 Edd.
370 2933 424 2956 22.
451 2922 513 2967 εις]
537 2928 573 2963 -i—
593 2923 652 2966 τὴν
670 2925 711 2956 Α.
763 2923 798 2956 ἐκ
815 2935 885 2956 om.
906 2922 947 2956 Β.
1118 2934 1173 2969 23.
1199 2926 1433 2968 πρωτοτοκίων
1452 2927 1688 2985 B.b.⁷rpm·1·o-

118 2971 224 3004 τόκων
242 2969 333 3003 Edd.
478 2981 531 3011 24.
559 2970 688 3014 τροφῆς
706 2969 796 3003 Α.Β.
809 2969 844 3004 b.
861 2970 992 3014 τρυφῆς
1011 2969 1101 3004 Edd.
1254 2973 1308 3005 26.
1339 2971 1470 3008 Haec
1451 2988 1469 3007 ο
1487 2973 1561 3009 ἐστι
1579 2974 1691 3021 γήϊνος

121 3022 339 3050 accesserunt
357 3027 396 3049 ex
416 3015 505 3050 A.B.
521 3016 555 3050 b.

15 3168 20 3340 Ξ

17 3346 22 3434 ι
