2021 3434
282 129 365 168 288
671 133 719 173 B.
764 133 1037 175 CYRILLI
1076 135 1463 177 ALEXANDR.
1763 137 1790 177 i.
1818 150 1851 176 1.

58 244 140 278 198
162 244 210 278 A·
246 243 314 279 2⁶⁶
339 239 364 288 ὁ
402 238 545 303 θυμὸς
582 240 736 303 αὐτοῦ,
771 244 882 294 ἀλλ’
919 243 983 294 ε”τι
1020 245 1047 309 ἡ
1081 247 1181 312 χεὶρ
1218 246 1359 296 αὑτοῦ
1404 244 1615 313 ὑψηλή.”
1673 246 1851 310 συνίης,

284 319 409 372 ὅπως
467 320 605 372 τοῦτό
658 346 709 373 τε
766 327 946 376 κάκεῖνο
1004 325 1287 385 πεπόνθασι,
1349 329 1424 377 καὶ
1481 327 1509 390 ἡ
1563 332 1646 377 τοῦ
1696 328 1855 378 παίον-

278 424 357 455 τος
387 404 486 469 χεὶρ
521 405 867 471 ἀπομεμένηκεν
906 408 1088 477 ὑψηλὴ,
1126 412 1188 463 ὡς
1228 409 1346 460 ὅσον
1380 408 1558 460 οὐδέπω
1590 409 1664 459 καὶ
1703 408 1857 474 ἑτέρας

278 484 539 536 ἐποίσουσα
572 487 763 553 πληγὰς
801 491 966 544 αὐτοῖς.
1032 491 1174 557 ὅνπερ
1213 490 1307 557 γὰρ
1347 489 1522 557 τρόπον
1559 489 1618 541 τὰ
1658 491 1857 541 δυσίατα

277 569 372 616 τῶν
411 571 577 619 παθῶν
620 571 673 620 οὐ
715 575 823 633 μιᾶς
862 571 966 623 ἔσθ’
1007 572 1083 623 ὅτε
1135 576 1274 624 δεῖται
1316 576 1398 637 τῆς
1437 575 1596 636 τομῆς,
1637 571 1747 622 ἀλλ’
1791 572 1854 622 ε”τι
1874 595 1895 633 5

276 646 521 699 πλειόνων·
565 652 684 702 οὕτω
719 655 794 704 καὶ
830 655 854 704 ὁ
893 655 1182 721 ἀνθρώπινος
1221 660 1326 709 νοῦς
1357 658 1418 708 εἷς
1450 654 1591 723 λῆξιν
1620 655 1744 719 ἥκων
1774 655 1855 704 ἀν-

276 730 513 795 αλγησίας
554 734 840 802 συχνοτέρας
881 738 1024 788 δεῖται
1066 740 1268 802 πληγῆς,
1312 736 1679 803 ἀνακομιζούσης
1715 734 1854 799 μόλις

276 811 338 865 εἵς
369 835 424 877 γε
457 812 512 864 τὸ
544 814 775 868 δύνασθαι
808 818 975 870 λοιπὸν
1013 821 1266 883 ἀναμαθεῖν
1298 820 1568 884 ἐπείγεσθαι
1597 816 1651 868 τὸ
1684 823 1854 868 τελοῦν

232 894 258 934 b
276 897 337 947 εἰς
362 893 539 960 ὄνησιν.
604 898 719 950 ε”οικε
743 900 896 952 τοίνυν
931 903 955 952 ὁ
990 901 1214 967 μακάριος
1239 900 1486 970 προφήτης
1511 899 1667 965 Ἰωὴλ,
1693 903 1755 954 ὡς
1778 901 1853 951 ἐπὶ

273 981 521 1035 πλείσταις
561 983 649 1047 ἤδη
692 991 901 1050 πληγαῖς
937 986 1245 1051 ἀνουθετήτου
1287 985 1595 1050 μεμενηκότος
1633 990 1715 1035 τοῦ
1754 985 1853 1035 Ἰσ-
1877 1014 1922 1038 10

271 1060 409 1127 Ραὴλ,
435 1069 670 1116 ποιεῖσθαι
704 1072 871 1136 σοφῶς
903 1068 989 1133 τὴν
1022 1070 1288 1138 ἐπίπληξιν,
1315 1066 1657 1132 συμβουλεύειν
1682 1090 1731 1118 τε
1756 1064 1854 1130 ἅμα

271 1142 330 1194 τὰ
368 1147 539 1214 αἰσχίω
576 1147 798 1210 μεθέντας
840 1155 1129 1220 μεταφοιτᾶν
1167 1151 1360 1202 ἑλέσθαι
1397 1149 1516 1217 πρὸς
1553 1148 1607 1200 τὸ
1653 1148 1853 1200 ἁνδάνον

272 1230 393 1296 Θεῷ.
442 1229 736 1296 προσεπάγει
766 1231 914 1297 γεμὴν
940 1235 1016 1284 καὶ
1047 1238 1141 1284 τῶν
1167 1232 1236 1284 ὅτι
1260 1232 1474 1297 μάλιστα
1500 1231 1745 1302 φιλτάτων
1769 1232 1852 1282 αὐ-

269 1314 364 1362 τοῖς
387 1308 473 1374 τὴν
499 1310 776 1380 ὑπόσχεσιν,
802 1313 929 1381 ε’ίπερ
960 1315 1141 1367 ἕλοιντο
1166 1319 1420 1379 μετανοεῖν·
1456 1317 1530 1366 καὶ
1557 1314 1628 1365 ὅτι
1654 1317 1851 1384 χρηστῷ

268 1393 345 1441 καὶ
382 1392 664 1463 ἡμερωτάτῳ
699 1397 1046 1466 περιτεύξονται
1085 1402 1151 1467 τῷ
1177 1397 1406 1466 Δεσπότῃ
1445 1399 1612 1448 δίδωσι
1643 1399 1844 1465 θαῤῥεῖν.
1872 1424 1919 1462 15

269 1473 402 1528 οὗτος
427 1474 511 1537 μὲν
536 1477 617 1527 οὖν
640 1480 722 1541 τῆς
754 1478 869 1544 ὅλης
901 1481 1042 1531 αὐτοῦ
1066 1482 1354 1550 προφητείας
1380 1481 1405 1531 ὁ
1431 1480 1627 1534 σκοπός·
1671 1480 1849 1530 ἕκαστα

268 1554 316 1605 δὲ
346 1560 440 1607 τῶν
474 1558 546 1625 ἐφ’
581 1558 691 1627 ἑξῆς
722 1560 811 1611 ἀνὰ
847 1561 986 1629 μέρος
1024 1564 1230 1630 ἐροῦμεν,
1269 1567 1368 1616 ταῖς
1405 1566 1500 1612 τῶν
1538 1561 1849 1629 προκειμένων

229 1653 251 1680 C
268 1638 474 1705 θεωρίαις
499 1639 726 1705 ἑπόμενοι.

48 1822 149 1872 Κεφ.
168 1819 217 1862 α’.
405 1825 534 1873 ΛόΓοε
563 1826 711 1884 Κυρίου
737 1828 785 1870 0⁰c
810 1828 989 1876 ἐπενήθΗ
1017 1829 1123 1886 Πρὸς
1143 1829 1275 1870 Ἰωιὲλ
1300 1830 1373 1872 τὸν
1399 1832 1472 1872 τοῦ
1499 1829 1707 1872 Βαθουύλ.

339 1932 476 1999 Λόγον
511 1936 660 2004 Κυρίου
694 1939 975 2001 γεγενῆσθαι
1010 1939 1134 2005 φησὶ
1168 1938 1275 2007 πρὶς
1313 1936 1476 1989 ἑαυτὸν
1514 1939 1539 1989 ὁ
1573 1939 1844 2008 Προφήτης,
1867 1967 1916 1992 20

263 2012 337 2064 ἵνα
369 2017 428 2081 τῇ
460 2018 723 2086 προφητείᾳ
764 2017 849 2082 τὴν
888 2018 1051 2070 πίστιν
1088 2018 1439 2085 προσνέμωμεν,
1472 2019 1712 2087 ἀραρότως
1748 2025 1846 2073 δια-

264 2096 459 2159 κείμενοι
489 2100 563 2148 καὶ
588 2099 931 2166 τεθαῤῥηκότες,
953 2100 1023 2151 ὅτι
1048 2101 1201 2166 πάντη
1226 2124 1274 2152 τε
1302 2104 1376 2153 καὶ
1402 2101 1590 2156 πάντως
1616 2106 1678 2157 εἱς
1701 2104 1846 2170 πέρας

220 2176 513 2242 (Ιέκβήσεται
545 2178 605 2230 τὰ
636 2182 1011 2247 προηγγελμένα.
1075 2182 1192 2249 πρὸς
1226 2189 1363 2235 τοῦτο
1397 2184 1517 2248 ἡμᾶς
1551 2186 1744 2247 ἐμπεδοῖ
1762 2185 1842 2236 λε’-

45 2274 202 2324 SMatth.
263 2284 362 2326 γων
389 2264 463 2312 καὶ
491 2260 628 2316 αὐτὸς
654 2263 678 2313 ὁ
706 2263 872 2330 Σωτήρ
899 2265 1002 2315 “‘O
1030 2266 1222 2331 οὐρανὸς
1256 2267 1330 2317 καὶ
1370 2266 1398 2330 ἡ
1428 2269 1489 2332 γῆ
1527 2266 1844 2334 παρελεύσον-

45 2328 133 2349 xmv.
150 2327 198 2359 35.

265 2349 292 2373 ‘⁶
316 2365 405 2406 ται,
431 2347 473 2394 οὶ
508 2343 555 2395 δὲ
586 2343 724 2411 λόγοι
757 2369 848 2409 μου
879 2347 932 2397 οὐ
961 2346 1026 2412 μὴ
1056 2347 1375 2414 παρε’λθωσι.”
1428 2351 1588 2417 χρῆμα
1617 2348 1710 2416 γὰρ
1740 2350 1842 2418 οὐχὶ
1863 2375 1911 2413 25

311 2520 343 2544 2.
369 2525 405 2544 τε
422 2517 643 2556 assumptum
661 2524 702 2546 ex
723 2512 765 2546 B.
966 2525 999 2559 3.
1024 2513 1171 2560 οὐδέπω]
1192 2517 1284 2549 οὔπω
1303 2515 1348 2549 D.
1369 2515 1461 2550 Edd.
1671 2529 1704 2560 4.
1730 2518 1844 2555 αὐτοῖς

263 2556 494 2592 ἐπαπειλοῦσιι
518 2560 651 2604 πληγάς
676 2571 737 2603 pro
763 2558 952 2595 ἐποίσουσα
974 2563 1079 2607 πλη-γ.
1106 2562 1179 2596 αὐτ.
1198 2562 1256 2596 iid.
1306 2566 1372 2596 τῶν
1395 2563 1511 2597 παθῶν
1535 2563 1679 2597 δυσίατα
1702 2564 1841 2600 inverso

263 2603 383 2637 ordine
400 2604 457 2638 iid.
625 2619 657 2650 5.
685 2608 743 2648 τῆς
759 2614 979 2652 assumptum
999 2621 1040 2642 ex
1061 2609 1101 2641 B.
1267 2609 1298 2642 6.
1321 2611 1338 2643 ὁ
1356 2621 1425 2644 om.
1446 2610 1487 2644 B.
1507 2610 1610 2644 habet
1630 2611 1675 2645 D.
1723 2612 1839 2658 λῆξιν]

264 2649 334 2692 ἕξιν
352 2651 443 2685 Edd.
678 2654 710 2687 8.
738 2655 776 2687 τὸ
794 2654 890 2698 prius
908 2662 1129 2700 assumptum
1148 2667 1189 2689 ex
1208 2656 1302 2690 BD.
1523 2669 1555 2702 9.
1588 2657 1683 2691 Haec
1701 2659 1719 2691 ὁ
1735 2673 1840 2699 μακα-

262 2696 335 2739 ρίος
355 2697 533 2741 προφήτης
557 2706 738 2744 assumpta
760 2713 800 2734 ex
829 2701 919 2734 B.D.
973 2702 1099 2737 Statim
1115 2702 1213 2746 Ἰωὴλ
1237 2714 1307 2736 om.
1327 2703 1369 2736 B.
1391 2702 1451 2737 sed
1474 2705 1603 2738 retinui
1629 2704 1764 2738 favente
1791 2706 1838 2740 D.

266 2753 280 2775 1
292 2753 320 2776 Ι.
348 2745 609 2791 συμβουλεύειν]
631 2746 857 2791 συμβουλεύει
875 2747 967 2782 Edd.
1194 2761 1246 2783 12.
1272 2750 1412 2784 ἆνδάνον
1430 2753 1518 2796 Θεῷ]
1539 2750 1658 2793 ἡδύνον
1675 2754 1762 2785 Θεόν
1778 2752 1839 2787 ἰίἃ.

267 2798 320 2832 13.
351 2791 558 2833 φιλαιτιὲτων
578 2793 623 2826 D.
862 2794 915 2828 16.
943 2794 1000 2829 οὖν
1017 2807 1086 2829 om.
1107 2796 1149 2830 Β.
1167 2796 1272 2830 habet
1292 2797 1337 2830 D.
1388 2796 1512 2831 Statim
1531 2799 1610 2833 ὅλος
1627 2799 1684 2842 τῆς
1701 2810 1764 2842 pro
1781 2801 1840 2842 τῆς

263 2834 345 2877 ὅλης
361 2837 462 2870 αὐτοῦ
481 2839 525 2871 D.
547 2839 637 2873 Edd.
912 2853 965 2876 20.
994 2841 1136 2889 Κυρίου]
1157 2845 1244 2877 Θεοῦ
1262 2843 1321 2877 iid.
1369 2858 1444 2888 γεγ.
1462 2846 1552 2887 φησι
1569 2844 1636 2878 hoc
1653 2845 1774 2879 ordine
1793 2845 1835 2879 Β.

263 2891 318 2914 22.
348 2882 443 2917 Haec
466 2886 570 2928 πάντη
589 2901 624 2919 τε
643 2886 695 2920 καὶ
712 2894 894 2932 assumpta
910 2901 952 2923 ex
971 2889 1064 2924 B.D.
1255 2901 1310 2932 24.
1337 2890 1432 2925 Haec
1449 2892 1467 2924 ὁ
1485 2890 1835 2936 οὐρανὸς-παρελεύ-

261 2942 379 2961 σονται
397 2933 429 2963 et
447 2930 481 2963 δέ
501 2940 719 2967 accesserunt
737 2946 777 2967 ex
798 2935 891 2969 RD.
