2021 3434
329 698 437 736 ΤΟΥ
478 698 656 736 ΑΎΤΟὙ
696 699 781 736 ΕΙΣ
822 699 932 736 ΤΟΝ
976 698 1283 736 ΠΡΟΦΗΤΗΝ
1327 697 1476 734 ΩΣΗΕ

457 873 771 927 ΤΟΜΟΣ
838 871 1333 925 ΤΕΤΑΡΤΟΣ.

1738 1054 1752 1070 ’)

121 1059 321 1105 Καίεἶὸεν
349 1061 540 1121 Ἐφραὶμ
567 1066 642 1107 τήν
670 1066 793 1108 νόσον
826 1066 963 1117 αὐτοῦ,
991 1065 1058 1106 καὶ
1078 1065 1245 1105 Ἰούδας
1271 1065 1346 1104 τήν
1373 1063 1527 1105 ὀδύνΗν
1545 1063 1681 1103 αὐτοῦ·
1705 1054 1754 1134 ἑδ

179 1147 246 1187 καὶ
271 1147 480 1203 ἐπορεύθΗ
502 1144 692 1205 Ἐφραὶμ
719 1149 825 1205 Πρὸς
846 1148 1105 1206 Ἀσσυρίους,
1133 1148 1200 1188 καὶ
1232 1147 1457 1189 ἀπέστειλε
1489 1147 1684 1203 Πρέσβειε

75 1245 96 1281 5
182 1230 288 1286 Πρὸς
321 1232 687 1289 βασιλέαἺαρείμ,
720 1232 787 1272 καὶ
825 1232 951 1273 αὐτὸς
989 1232 1064 1272 οὐκ
1102 1231 1289 1272 ἠδυνήθΗ
1329 1228 1525 1272 ἰάσασθαι
1563 1230 1684 1279 ὑμᾶς,

182 1312 249 1352 καὶ
276 1313 322 1352 οὐ
348 1314 403 1361 μὴ
432 1313 643 1372 διαπαύσῌ
670 1315 714 1357 ἐξ
741 1315 857 1364 ὑμῶν
884 1315 1027 1357 &bom

187 1435 310 1483 Θεοῦ
344 1431 592 1498 γεγονότος
625 1435 686 1486 ὡς
717 1436 924 1501 ταραχῆς
947 1437 1012 1503 τῷ
1036 1431 1261 1501 Ἐφραὶμ,
1287 1433 1362 1482 καὶ
1392 1429 1485 1495 μὴν
1519 1432 1594 1481 καὶ
1625 1433 1688 1485 ὡς
1748 1434 1852 1474 Supra

113 1512 300 1581 κέντρου
325 1519 390 1584 τῷ
415 1515 524 1585 οἴκῳ
547 1515 717 1578 Ἰούδα,
747 1515 955 1567 τεθέαται
984 1513 1068 1579 μὲν
1093 1514 1162 1575 τὴν
1188 1515 1338 1567 ἑαυτοῦ
1371 1515 1482 1565 νόσον
1504 1512 1607 1577 ἦτοι
1632 1512 1686 1564 τὸ

114 1595 282 1647 ἅναλκι
316 1599 391 1647 καὶ
428 1596 481 1648 τὸ
519 1597 712 1652 ἀσθενὲς
746 1599 770 1648 ὁ
805 1597 1018 1668 Ἐφραίμ·
1058 1598 1131 1647 καὶ
1170 1595 1263 1660 μὴν
1304 1600 1380 1647 καὶ
1411 1591 1580 1650 Ἰούδας
1617 1594 1686 1655 τὴν

51 1701 96 1726 10
116 1674 248 1739 ὀδύνην
269 1681 410 1731 αὑτοῦ·
448 1683 853 1749 συγκατεδῃοῦντο
876 1678 982 1746 γὰρ,
1011 1681 1072 1733 ὡς
1097 1678 1228 1747 ἔφην,
1256 1683 1352 1731 τοῖς
1375 1678 1422 1728 ἐν
1449 1678 1686 1746 Σαμαρείᾳ
1704 1687 1730 1727 (1

115 1763 190 1811 καὶ
227 1759 286 1811 τὰ
329 1760 432 1828 ὅρια
475 1767 556 1812 τοῦ
598 1762 828 1826 Βενιαμίν·
883 1759 980 1812 εἶτα
1020 1760 1138 1827 πρὸς
1183 1766 1322 1811 τοῦτο
1362 1757 1618 1825 ἀπειρηκὼς
1662 1760 1687 1808 ὁ

114 1842 337 1910 Ἐφραίμ,
372 1845 445 1894 καὶ
485 1844 615 1896 ἰδίαις
652 1843 905 1908 δυνάμεσιν
942 1845 1273 1911 ἀντιφέρεσθαι
1311 1846 1404 1895 τοῖς
1443 1847 1687 1905 συμβεβη-

115 1923 251 1975 κόσιν
288 1926 369 1976 οὐκ
405 1925 535 1993 ἔχων,
562 1927 665 1977 οὔτε
700 1925 794 1990 μὴν
832 1926 1139 1978 ἀποσείεσθαι
1176 1924 1235 1975 τὰ
1268 1926 1318 1975 ἐκ
1355 1929 1438 1975 τοῦ
1475 1924 1687 1988 πολέμου

0 1416 13 1492 ’ἑ

9 1496 13 1579 ἐ

9 1592 12 1661 ἒ

8 1735 11 1758 1

8 1792 11 1823 Ι

115 2005 280 2070 βλάβη
317 2007 577 2071 δυνάμενος,
615 2008 960 2075 προσκέκρουκε
996 2006 1143 2058 πάλιν
1180 2011 1246 2076 τῷ
1283 2006 1437 2058 πάντα
1475 2006 1686 2073 ἰσχύοντι

51 2108 96 2145 15
116 2092 236 2158 Θεῷ,
256 2089 357 2140 οὐδὲ
384 2092 431 2140 ἐν
449 2091 620 2153 αὐταῖς,
639 2091 696 2141 ἵν’
718 2092 863 2144 οὕτως
889 2089 1016 2151 ε’ίπω,
1035 2094 1134 2142 ταῖς
1161 2087 1387 2158 μάστιξιν
1413 2086 1686 2153 ἐννενοηκὼς

114 2170 168 2222 τὸ
207 2171 464 2239 συμφέρον
511 2171 810 2237 ἐνεστηκότος
842 2172 889 2223 δὲ
923 2177 1007 2223 τοῦ
1033 2177 1206 2238 καιροῦ,
1231 2171 1332 2222 καθ’
1362 2169 1415 2221 ὃν
1441 2170 1528 2221 ἔδει
1553 2174 1680 2233 μᾶλ-

114 2260 202 2304 λον
238 2254 534 2323 ἐπιστρέφειν
574 2254 691 2320 πρὸς
732 2254 815 2306 τὸν
859 2253 995 2318 Θεὸν,
1032 2253 1135 2305 τότε
1176 2251 1232 2317 δὴ
1270 2252 1484 2317 μάλιστα
1521 2257 1685 2304 λυπεῖν

114 2336 338 2403 ᾑρημένος
372 2338 446 2387 καὶ
482 2338 754 2405 ἀποφοιτῶν
789 2337 1086 2403 ἀγριώτερον.
1156 2337 1238 2386 οὐκ
1275 2335 1432 2400 ἠγνόει
1469 2335 1553 2397 μὲν
1589 2333 1681 2400 γὰρ

112 2416 194 2468 τὸν
225 2416 414 2482 ἁπάσης
450 2420 600 2472 αὐτοῖς
637 2419 844 2472 εὐκλείας
878 2420 953 2468 καὶ
987 2416 1192 2486 χορηγὸν
1224 2419 1299 2467 καὶ
1332 2416 1569 2482 πρύτανιν,
1601 2415 1719 2468 τὸνε

6 2496 9 2534 Ᾰ
47 2523 94 2548 20
112 2505 193 2550 τοῦ
228 2499 456 2551 δύνασθαι
489 2505 672 2567 κρατεῖν
705 2505 797 2550 τῶν
835 2499 1190 2563 ἀνθεστηκότων
1227 2500 1293 2548 ἀεὶ
1332 2499 1505 2564 δοτῆρα
1539 2496 1678 2548 Θεόν·

111 2582 221 2632 ἀλλ’
258 2581 439 2635 οὐδενὸς
472 2582 606 2650 ἠξίου
640 2580 694 2632 τὸ
726 2583 883 2648 χρῆμα
926 2579 1087 2646 λόγου,
1125 2579 1272 2630 καίτοι
1308 2584 1391 2629 τοῦ
1428 2578 1684 2648 πανσόφου

113 2663 466 2729 διακεκραγότος
518 2662 764 2716 Μωυσέως
829 2668 856 2691 “
886 2662 1056 2728 Κύριος
1112 2661 1378 2727 συντρίβων
1432 2661 1682 2726 πολέμους,
1743 2668 1847 2750 ξέοέ

161 2827 190 2857 Ι,
210 2828 241 2851 2.
269 2816 326 2851 Sic
345 2817 388 2851 Β.
405 2817 513 2861 Τόμος
529 2815 686 2858 τέταρτος
703 2816 748 2851 εἷς
765 2816 823 2849 τὸν
838 2814 1016 2859 προφήτην
1033 2813 1124 2858 ὧσηέ
1138 2814 1184 2848 D.
1269 2822 1303 2856 5.
1328 2814 1426 2850 αὐτὸς
1440 2814 1532 2849 Β.Ι).
1548 2814 1681 2859 (Alex.)

112 2861 208 2898 οὗτος
225 2863 315 2897 Edd.
329 2863 448 2908 (Vat.)
497 2861 639 2907 ἠδυνήθη
660 2862 744 2897 B.F.
756 2862 831 2906 (26.
844 2861 908 2906 al.)
921 2860 1091 2905 ἠδυνάσθη
1110 2860 1201 2895 Edd.
1216 2860 1338 2905 (A.V.)
1352 2861 1517 2905 ἐδυνάσθη
1532 2861 1577 2896 D.
1591 2863 1681 2907 (23).

111 2909 144 2943 6.
169 2909 288 2953 ὀδύνην
306 2909 396 2944 Edd.
415 2909 522 2954 (Co.)
664 2921 696 2955 9.
722 2910 760 2943 τὸ
778 2914 1000 2954 assumptum
1017 2920 1058 2942 ex
1078 2908 1124 2943 D.
1273 2918 1326 2942 10.
1352 2908 1453 2942 αὑτοῦ
1470 2908 1562 2943 Edd.
1582 2908 1681 2954 (ante

111 2955 266 3001 lWigne.)
283 2957 392 2991 invito
410 2956 457 2991 D.
508 2956 633 2990 Statim
651 2956 939 3001 συγκατεδῃοῦντο
957 2955 1004 2989 D.
1023 2954 1290 2999 συγκατεδῃοῦτο
1308 2954 1400 2989 Edd.
1541 2967 1594 2990 11.
1619 2958 1680 2989 τοῦ

110 3013 180 3036 om.
200 3002 246 3036 D.
505 3012 557 3047 17.
583 3004 641 3036 τὸν
658 3014 726 3037 om.
747 3002 793 3037 D.
1044 3002 1097 3035 18.
1122 3000 1318 3046 ἀποφοιτῶν
1335 3001 1381 3035 D.
1398 3001 1569 3048 ἀπεφοίτα
1586 3002 1678 3038 Edd.

116 3059 168 3093 19.
193 3048 358 3095 εὐκλείας]
379 3049 568 3084 εὐσθενείας
586 3049 630 3082 D.
820 3059 874 3083 21.
900 3047 955 3094 τὸ]
974 3050 1033 3083 τοῦ
1049 3047 1240 3082 Aubertus.

866 3116 932 3146 82

1748 1488 1813 1508 ver.
1839 1487 1872 1507 12
1879 1501 1885 1507 .
