2021 3434
308 199 392 238 388
706 199 756 238 Β.
799 198 1069 238 CYRILLI
1110 198 1485 238 ALEXANDR.
1699 199 1725 238 i.
1751 214 1790 254 9,
1818 211 1879 238 10.

263 317 289 357 b
309 309 603 373 ὑπερβολαῖς,
643 307 1036 375 ὑπενεχθήσονται
1073 313 1172 361 ταῖς
1214 309 1388 374 ὀργαῖς,
1428 306 1545 359 κατά
1583 330 1634 373 γε
1678 306 1759 358 τὸν
1796 312 1880 358 τοῦ

305 388 714 458 χρησμῳδήματος
753 396 872 453 νοῦν,
911 392 985 441 καὶ
1023 390 1186 454 ποινὴν
1232 392 1514 453 ὑπομενοῦσι
1556 389 1641 453 τὴν
1679 391 1880 440 ἁπασῶν

303 469 525 536 ἐσχάτην.
597 472 832 535 ἐπίκλημα
883 471 930 522 δὲ
981 473 1146 534 αὐτοῖς,
1190 470 1258 522 ὅτι
1309 470 1379 532 τὴν
1429 474 1758 539 αἰχμαλωσίαν
1807 472 1878 522 τοῦ

303 551 523 618 Σαλομῶν
559 553 841 604 συνέκλεισαν
881 559 940 608 εἰς
978 553 1046 612 τῆν
1072 551 1336 620 'wammam
1370 556 1444 604 καὶ
1483 554 1622 616 αὐτῆς
1660 554 1874 616 ἀμνημο-

301 631 528 697 νήσαντες
558 637 640 697 τῆς
673 639 767 685 τῶν
799 632 1008 703 αθελφῶν
1035 632 1253 695 ὃιαθκῖκης.
1323 635 1390 687 τίς
1425 633 1508 695 μὲν
1536 634 1615 684 οὖν
1641 635 1668 697 ἡ
1696 640 1873 702 αἱχμα-
1897 654 1919 691 5

81 727 189 768 Supra
209 718 450 767 257-λωσία
488 717 557 766 τοῦ
603 715 835 784 Σαλομῶν,
882 717 1194 784 ἀποχρώντως
1237 717 1345 780 ἡμῖν
1388 716 1602 784 διέδειξεν
1644 717 1668 766 ὁ
1713 715 1872 781 λόγος·

300 802 587 861 συνεκλείσθη
624 796 670 848 δὲ
704 798 830 852 ὅπως
869 804 927 853 εἷς
967 798 1036 858 τὴν
1060 797 1311 865 Ἰδουμαίαν
1343 802 1416 848 καὶ
1449 797 1565 863 πρός
1596 821 1649 864 γε
1677 800 1876 864 Τυρίων,

300 884 439 930 εἰπεῖν
464 881 729 946 ἀναγκαῖον.
794 879 1301 950 ἐξανδραποδισάμενοι
1327 879 1420 945 γὰρ
1455 881 1537 930 οὑκ
1571 880 1877 946 εὐαρίθμητον

298 960 486 1026 πληθὺν
525 967 618 1012 τῶν
655 963 710 1031 ἐξ
739 961 894 1013 Ἰούδα
933 986 1007 1013 και
1041 962 1256 1028 Ἰσραὴλ,
1294 960 1711 1027 καταπεπροίκασιν
1745 959 1876 1014 Ἰδου-

261 1065 282 1090 c
298 1047 460 1110 μαίας.
525 1067 566 1094 οι
600 1044 647 1095 δε
681 1043 787 1098 τοὺς
821 1046 877 1114 ἐξ
907 1045 1098 1107 αἵματος
1134 1042 1366 1113 αὸελφοὺς
1392 1067 1465 1094 και
1496 1044 1671 1094 ἄνωθεν
1698 1044 1876 1095 ε’λευθέ-
1899 1067 1948 1092 10
2006 1092 2010 1115 Ἰ,

297 1149 406 1191 ρους
441 1127 488 1176 ἐν
523 1125 804 1192 δορικτήτων
840 1150 981 1196 μοιρα
1018 1127 1326 1189 πεποιημένοι,
1365 1150 1439 1176 και
1476 1130 1626 1195 πικρῷ
1666 1127 1876 1181 δουλείας

298 1208 579 1269 κατεθλιβον
618 1208 755 1278 ζυγῷ,
801 1211 876 1259 καὶ
922 1214 1015 1262 τοῖς
1057 1208 1309 1273 Ελλήνων
1355 1209 1510 1269 νόμοις
1552 1208 1876 1275 κατεβιαζοντο

295 1289 396 1355 ζῆν,
427 1293 672 1358 μονονουχὶ
711 1297 1159 1357 κατακερτομοῦντες
1199 1295 1239 1341 οὶ
1278 1292 1469 1341 δείλαιοι
1507 1288 1592 1354 τὴν
1630 1298 1712 1342 τοῦ
1751 1295 1876 1343 Θεοῦ

296 1371 455 1439 δόξαν,
487 1374 547 1425 ὡς
578 1373 692 1435 μήτε
728 1372 812 1434 τὴν
845 1374 894 1422 ἐκ
928 1372 1140 1438 πατέρων
1166 1373 1319 1425 αὐτοῖς
1345 1373 1608 1438 ἐλευθερίαν
1632 1372 1871 1438 τηρήσαν-

295 1476 386 1516 τος,
425 1453 539 1518 μήτε
582 1453 674 1517 μὴν
716 1455 1004 1521 ἰσχύσαντος
1043 1459 1306 1521 παρασχεῖν
1345 1454 1396 1505 τὸ
1435 1456 1483 1505 ἐν
1522 1459 1654 1524 καλῷ
1691 1460 1873 1507 κεῖσθαι
1896 1475 1943 1514 15

294 1538 376 1599 τῆς
403 1536 653 1601 εὐημερίας.
722 1538 795 1586 καὶ
821 1541 937 1601 γοῦν
964 1537 988 1586 ὁ
1014 1540 1108 1586 τῶν
1133 1535 1258 1586 ὅλων
1283 1534 1402 1590 Θεὸς
1427 1535 1502 1586 διὰ
1534 1540 1692 1603 φωνῆς
1720 1538 1874 1604 ἑτέρου
2002 1530 2006 1544 ”

293 1616 541 1685 προφήτου
576 1620 712 1684 φησὶ,
745 1617 850 1671 τοὺς
892 1621 1255 1683 συγκλείσαντας
1296 1623 1354 1672 εἷς
1393 1617 1477 1682 τὴν
1507 1616 1763 1686 Ἰδουμαίαν
1805 1619 1875 1681 τὴν

73 1705 149 1788 ΞΪΞῙ
166 1705 211 1736 ffi-
295 1704 624 1769 αἰχμαλωσίαν
651 1705 721 1754 τοῦ
748 1702 982 1770 Σαλομῶν,
1009 1703 1061 1753 οὐ
1084 1703 1278 1767 μετρίως
1305 1703 1672 1766 καταιτιώμενος.
1731 1711 1758 1734 “
1779 1707 1874 1756 Καὶ

250 1791 320 1833 <1⁶⁵
344 1785 392 1833 τί
429 1786 503 1834 καὶ
543 1786 666 1848 ὑμεῖς
705 1785 818 1849 ἐμοὶ,
856 1785 1010 1850 Τύρος
1048 1786 1123 1835 καὶ
1163 1785 1314 1835 Σιδὼν
1352 1789 1426 1835 καὶ
1464 1791 1600 1836 πᾶσα
1638 1786 1874 1838 Γαλιλαία

293 1873 318 1894 “
347 1866 670 1934 ἀλλοφύλων;
719 1866 784 1931 μὴ
824 1866 1128 1928 ἀνταπόδομα
1173 1868 1297 1929 ὑμεῖς
1338 1868 1674 1919 ἀνταποδίδοτέ
1707 1891 1798 1932 μοι,
1841 1867 1942 1933 ἢ2ο
1992 1898 2004 1936 g

292 1955 319 1977 ‘⁶
344 1954 669 2012 μνησικακεῖτε
711 1951 835 2013 ὑμεῖς
874 1950 940 2000 ἐπ’
986 1950 1090 2012 ἐμοί
1106 1971 1116 2009 ;
1159 1949 1301 2017 ὀξέως
1339 1951 1414 1999 καὶ
1453 1950 1627 2017 ταχέως
1666 1952 1870 2002 ἀνταπο-

293 2037 320 2059 “
347 2030 487 2081 δώσω
522 2030 575 2081 τὸ
612 2030 915 2095 ἀνταπόδομα
948 2032 1076 2094 ὑμῶν
1111 2034 1171 2084 εἷς
1206 2030 1289 2085 τὰς
1329 2030 1542 2100 κεφαλὰς
1582 2034 1725 2094 ὑμῶν,
1766 2032 1871 2084 ἀνθ’

294 2119 320 2142 “
346 2110 410 2162 ὧν
448 2113 502 2163 τὸ
541 2112 762 2180 ἀργύριόν
793 2137 882 2176 μου
917 2116 990 2164 καὶ
1029 2113 1082 2163 τὸ
1122 2113 1318 2180 χρυσίον
1351 2137 1440 2176 μου
1473 2114 1683 2178 ἐλάβετε,
1711 2117 1785 2166 καὶ
1813 2114 1872 2167 τὰ

295 2201 321 2224 “
348 2195 567 2245 ἐπίλεκτοί
611 2218 701 2258 μου
751 2198 824 2246 καὶ
869 2193 927 2245 τὰ
980 2194 1104 2246 καλοὶ
1145 2195 1441 2261 εἷσηνέγκατε
1485 2200 1545 2249 εἰς
1586 2195 1691 2250 τοὺς
1736 2197 1873 2252 ναοὺς

295 2283 321 2305 “
347 2278 487 2340 ὑμῶν,
523 2279 597 2328 καὶ
635 2277 741 2332 τοὺς
780 2275 902 2331 υἱοὺς
937 2277 1091 2328 Ἰούδα
1129 2279 1204 2328 καὶ
1242 2277 1347 2331 τοὺς
1389 2277 1510 2332 υἱοὺς
1542 2277 1743 2345 Ἰσραὴλ
1781 2282 1872 2331 ἀπ-
1892 2303 1939 2339 25

292 2364 321 2387 ‘⁶
346 2356 511 2410 ἔδοσθε
545 2364 639 2414 τοῖς
671 2363 781 2413 υἱοῖς
813 2364 907 2411 τῶν
930 2358 1202 2425 εΕλλήνων,
1232 2359 1359 2414 ὅπως
1392 2360 1599 2429 ἐξώσητε
1631 2359 1797 2416 αὐτοὺς
1821 2364 1872 2413 ἐκ

342 2543 371 2565 ῐ.
407 2533 478 2567 ταῖς
503 2539 724 2576 assumptum
749 2544 790 2566 ex
817 2533 859 2565 A.
977 2531 1101 2566 Statim
1131 2534 1260 2567 ποιναῖς
1288 2544 1351 2577 pro
1377 2532 1493 2577 ὀργαῖς
1519 2532 1609 2567 Edd.
1636 2533 1753 2567 invitis
1778 2533 1869 2568 A.B.

293 2589 325 2622 3.
352 2577 534 2624 ἐπίκλημα]
556 2578 750 2624 ἑπέγκλημα
767 2579 810 2612 A.
1168 2592 1200 2621 4.
1231 2579 1326 2613 Haec
1344 2579 1396 2613 καὶ
1413 2579 1514 2623 αὐτῆς
1531 2586 1749 2614 accesserunt
1765 2592 1807 2614 ex
1825 2581 1868 2614 A.

293 2637 325 2667 5.
367 2629 432 2659 τῶν
457 2637 525 2659 om.
554 2627 597 2659 A.
1049 2625 1082 2659 6.
1124 2626 1281 2671 διαδείξει
1306 2627 1349 2660 A.
1423 2628 1440 2659 ὁ
1466 2633 1685 2671 assumptum
1711 2638 1752 2661 ex
1777 2627 1868 2660 Α.Β.

296 2672 587 2716 [suprascriptum
615 2671 676 2718 A.]
1263 2685 1295 2718 9.
1336 2671 1494 2718 Ἰσραὴλ]
1521 2672 1746 2718 Ἰερουσαλὴμ
1776 2673 1868 2708 Edd.

298 2729 350 2751 10.
376 2719 548 2763 ἀδελφοὺς
565 2719 654 2752 Α.Β.
673 2719 834 2764 ἀδελφῶν
852 2719 944 2753 Edd.
1199 2731 1212 2753 1
1224 2731 1251 2753 1.
1279 2719 1489 2763 δορυκτήτων
1507 2720 1598 2754 Edd.
1617 2721 1748 2754 correxi
1765 2732 1805 2754 ex
1826 2720 1868 2754 B.

294 2765 345 2798 καὶ
367 2772 586 2810 assumptum
604 2778 645 2799 ex
664 2768 706 2799 A.
963 2775 1014 2811 17.
1040 2764 1219 2810 προφήτου
1237 2766 1381 2800 accessit
1397 2778 1438 2800 ex
1455 2768 1499 2801 A.
1547 2767 1624 2802 τοὺς
1641 2767 1869 2812 συγκλείσ.-

294 2814 547 2854 καταιτιώμενος
564 2824 634 2845 om.
651 2812 692 2846 B.
924 2813 976 2846 18.
1005 2814 1058 2846 καὶ
1076 2812 1124 2857 τί]
1145 2813 1250 2846 καίτοι
1268 2812 1357 2858 (Sic)
1376 2813 1418 2846 A.
1636 2825 1688 2858 19.
1706 2814 1759 2847 καὶ
1775 2814 1869 2857 ὑμεῖς

293 2856 365 2899 ἐμοὶ
383 2859 426 2891 A.
445 2859 518 2900 ἐμοὶ
535 2860 587 2892 καὶ
605 2859 680 2902 ὑμῖν
698 2858 788 2893 Edd.
956 2870 1010 2893 20.
1037 2859 1055 2902 ἢ
1072 2872 1143 2916 pm.
1164 2859 1206 2893 B.
1369 2870 1423 2894 22.
1450 2861 1508 2895 τὰς
1525 2868 1745 2905 assumptum
1763 2873 1804 2894 ex
1822 2861 1866 2894 A.

292 2902 399 2936 ἀνθ’
382 2910 426 2937 ὼν
443 2916 513 2939 om.
531 2905 578 2939 id.
733 2917 787 2948 24.
814 2905 1080 2952 εἷσηνέγκατε]’
1066 2906 1224 2964 ηνέγκατε
1243 2905 1335 2940 Edd.
1353 2906 1526 2941 invitisA.
1532 2907 1574 2941 B.
1717 2916 1773 2952 25.
1790 2906 1867 2941 τοὺς

292 2949 382 2984 υἱοὺς
408 2950 464 2984 alt.
494 2958 673 2995 assumpta
705 2964 746 2985 ex
776 2953 819 2986 A.
826 2952 866 2986 B.
934 2953 1058 2987 Statim
1088 2952 1227 2998 Ἰσραὴλ
1257 2953 1387 2987 habent
1412 2954 1454 2987 A.
1463 2953 1502 2988 B.
1529 2954 1571 2988 cf.
1600 2955 1635 2987 in
1661 2953 1721 2987 Es.
1747 2952 1814 2998 326
1835 2964 1865 2987 e.

294 2995 347 3029 26.
375 2996 473 3041 υἱοῖς]
493 2998 580 3033 θεοῖς
599 2999 640 3031 Α
691 2999 801 3042 ἐξώσῃ
820 2998 908 3043 (Sic)
927 3000 969 3032 A.
