2021 3434
237 168 322 209 284
638 170 688 210 B.
731 168 1003 209 CYRILLI
1043 167 1421 208 ALEXANDR.
1665 167 1748 208 xiv.
1773 167 1809 207 8.

237 278 612 375 πεπλανημένοις
653 279 681 341 ἡ
727 277 879 330 τοιάδε
924 278 1145 345 ζήτησιςς
1196 278 1244 329 τί
1278 276 1370 344 γὰρ
1413 277 1441 340 ἡ
1489 276 1676 344 ἄψυχος
1726 277 1817 340 ὕλη

17 367 145 442 ξΞ-ΧΗ-
237 360 466 426 χαριεῖται
501 381 656 422 τισιν,
701 359 768 413 οἷς
807 383 883 411 και
922 361 1106 414 δικαίως
1144 359 1332 424 ε’λεγετο
1369 357 1499 424 παρὰ
1539 361 1663 408 Θεου
1702 358 1819 408 “Ευ

38 421 67 451 3·
291 440 534 504 ποιήσατε,
566 443 641 493 καὶ
679 442 945 505 κακώσατε,
988 466 1063 493 και
1101 441 1384 508 γνωσόμεθα
1423 440 1493 491 ὅτι
1531 440 1630 491 θεοί
1662 439 1802 490 ἐστε.’

236 523 345 573 ἀλλ’
390 523 487 573 οὐδ’
531 522 591 574 οἲν
633 523 895 574 κακώσειαν
944 523 1218 590 ἀνθρώπους
1261 522 1320 574 τὰ
1365 519 1647 590 χειρόκμητά
1689 537 1818 572 ποτε·

236 608 336 657 πῶς
379 603 487 671 γὰρ,
530 603 559 670 ὴ
609 604 782 667 πόθεν;
844 608 949 657 οὔτε
986 606 1079 670 μὴν
1123 604 1336 673 χρηστὸν
1375 603 1404 669 ὴ
1450 601 1740 672 ὀνησιφόρον
1776 618 1861 656 τι5

238 687 358 737 δοῖεν
409 685 467 737 ἂν
518 688 685 741 αὐτοῖς.
765 689 931 739 οὐκοῦν
980 686 1258 750 ἀκουόντων,
1309 689 1384 738 καὶ
1435 685 1569 750 μάλα
1617 684 1819 744 εἰκότως,

16 770 112 844 15¹³?-
130 781 161 800 x.
198 775 266 815 0⁶⁴
292 770 405 819 Θεοι
451 769 494 820 οἰ
542 768 624 821 τὸν
672 770 868 837 οὐρανὸν
910 772 985 821 καὶ
1026 769 1112 834 τὴν
1161 772 1252 835 γῆν
1305 770 1388 820 οὐκ
1435 768 1662 832 ἐποίησαν
1705 769 1822 818 ἀπο-

239 850 554 902 “’λεσθωσαν
605 852 698 903 ἀπο
747 856 831 917 τῆς
879 856 967 919 γῆς
1016 875 1092 903 και
1143 850 1442 903 ὑποκάτωθεν
1488 855 1571 901 τοῦ
1621 850 1819 916 οὐρανοῦ

241 940 267 963 “
291 933 502 985 τούτου.”
568 934 622 986 τὸ
656 934 866 1000 πεπηγὸς
901 936 982 986 οὖν
1017 935 1122 1001 ἄρα,
1157 937 1232 986 καὶ
1270 933 1442 1001 ἀραρὸς
1481 937 1543 987 εἷς
1580 932 1824 999 ἀγάπησιν

239 1014 325 1079 τὴν
369 1017 444 1067 ἐπὶ
502 1021 610 1086 Θεῷ
659 1018 996 1081 κατασημαίνει
1046 1018 1201 1082 λέγων
1244 1020 1301 1068 Τι’
1349 1020 1468 1086 αὐτῷ
1518 1015 1575 1067 ἔτι
1627 1020 1705 1067 καὶ
1758 1022 1816 1068 εἰ·
1845 1040 1892 1065 10

241 1095 400 1153 ἀδόλοις
423 1125 434 1159 3

389 1259 506 1307 ἘΓὼ
541 1260 810 1303 ὲταΠείνωσα
850 1261 991 1311 αὐτὸν,
1032 1261 1101 1301 καὶ
1136 1260 1221 1308 ὲΓὼ
1259 1262 1495 1316 κατισχύσω
1533 1260 1675 1302 αὐτόν.

313 1365 437 1430 Ἐγώ
479 1369 602 1434 φησι
647 1365 846 1430 δύναμαι
891 1372 1075 1429 κακοῦν,
1119 1366 1196 1420 οὓς
1238 1365 1295 1418 ἂν
1339 1367 1480 1430 ἰ’δοιμι
1519 1369 1601 1431 τῆς
1644 1369 1706 1420 εἷς
1747 1365 1825 1429 ἐμὲ

241 1446 551 1512 γνησιότητος
584 1452 897 1515 περιορῶντας
931 1447 1038 1502 τοὺς
1068 1448 1284 1515 τρόπους·
1327 1452 1471 1516 νευρῶ
1506 1448 1555 1499 δὲ
1589 1447 1646 1513 δὴ
1677 1447 1824 1500 πάλιν

198 1528 348 1582 ἀτοὺς
386 1529 516 1594 οἵπερ
555 1527 613 1580 ἂν
651 1529 833 1580 ἕλοιντο
870 1534 1128 1597 κατορθοῦν
1159 1530 1340 1596 ἀρετὴν,
1372 1532 1447 1582 καὶ
1485 1529 1568 1581 τὸν
1599 1529 1744 1599 φύσει
1774 1552 1823 1581 τε
1845 1549 1891 1588 15

241 1613 318 1662 καὶ
360 1612 550 1675 ἀληθῶς
593 1611 756 1662 εἰδέναι
802 1611 942 1664 Θεόν.
1014 1611 1107 1663 οὔτ’
1151 1613 1232 1663 οὖν
1275 1613 1303 1675 ἡ
1356 1611 1576 1675 κάκωσις,
1620 1612 1722 1677 ἤτοι
1770 1611 1825 1663 τὸ

241 1695 506 1757 ἀσθενῆσαι
543 1693 625 1745 τὸν
665 1693 868 1761 Ἰσραὴλ
905 1695 962 1763 ἐξ
999 1695 1182 1746 ἐκείνων
1220 1694 1294 1760 ἦν·
1335 1696 1437 1746 οὔτε
1474 1693 1568 1759 μὴν
1605 1695 1634 1759 ἡ
1672 1694 1734 1749 ε’ίς
1771 1717 1826 1762 γε

241 1775 296 1827 τὸ
347 1775 578 1827 δύνασθαι
621 1777 889 1843 μεταδρομὴ
941 1776 1172 1841 δαιμόνων
1215 1775 1273 1828 ἂν
1322 1782 1472 1828 νοοῖτο
1523 1776 1668 1841 δόσις,
1713 1778 1824 1828 ἀλλ’

242 1858 346 1910 ἔστι
391 1857 647 1909 θεόσδοτον
693 1858 887 1925 ἀγαθὸν,
928 1858 1139 1926 καθάπερ
1183 1859 1344 1922 ἀμέλει
1384 1861 1461 1910 καὶ
1508 1858 1563 1911 τὸ
1613 1861 1828 1911 ἀσθενεῖν

242 1946 337 1993 τῶν
387 1940 444 2010 ἐξ
479 1941 622 2007 ὀργῆς
665 1940 931 2005 κινημάτων
971 1940 1190 2011 ἀπότεξις
1229 1940 1300 2006 ἧν.
1384 1946 1552 2011 σοφῶς
1598 1942 1679 1993 οὖν
1722 1942 1826 2009 ἄρα,
1847 1962 1895 1988 20

24 2043 190 2075 Paexvii.
244 2026 319 2074 καὶ
364 2022 597 2092 φιλοθέως
636 2024 661 2073 ὁ
699 2023 846 2089 με’γας
889 2023 998 2087 ἡμῖν
1042 2024 1224 2092 ψάλλει
1273 2025 1449 2076 Δαυείδ
1489 2023 1697 2093 ἐςἸσχύς
1736 2047 1828 2090 μου

29 2097 76 2127 14·
245 2111 272 2136 44
359 2107 371 2122 x
419 2106 441 2123 es
582 2104 593 2122 κ
787 2106 798 2119 ι
911 2106 920 2120 1
1040 2106 1065 2122 υ

299 2128 374 2156 και
414 2127 614 2170 υμνησις
649 2128 740 2169 μου
779 2128 803 2156 ο
845 2109 1033 2172 Κυριος.

207 2300 227 2326 e
301 2286 419 2335 'Esco
444 2287 504 2328 ὡς
530 2287 737 2345 ἄρκευθος
764 2288 1016 2344 Πυκάςουσα,
1043 2288 1087 2330 ἐξ
1113 2287 1215 2336 ἐμοῦ
1238 2288 1261 2330 ὁ
1290 2290 1451 2345 καρπός
1478 2304 1551 2331 σου
1579 2289 1765 2346 εὕρΗται.

323 2394 479 2446 Φυτὸν
512 2393 596 2459 μὲν
634 2397 663 2461 ἡ
702 2395 915 2467 ἄρκευθος,
954 2395 1079 2447 δασὺ
1116 2395 1266 2463 γεμὴν
1303 2398 1424 2448 οὕτω
1469 2399 1544 2448 καὶ
1581 2401 1643 2452 εἰς
1680 2396 1828 2463 κόμην

248 2476 539 2548 ἀμφιλαφές,
578 2480 640 2532 ὡς
674 2481 823 2530 δοκεῖν
860 2476 977 2530 εἶναι’
1011 2502 1111 2533 πως
1149 2477 1455 2547 χειρόκμητον
1492 2478 1686 2548 ὀροφήν,
1725 2481 1828 2532 οὔτε
1849 2496 1896 2533 25

298 2654 331 2687 9.
356 2641 523 2688 πεπηγὸς]
541 2644 722 2687 πεποιηκὸς
741 2642 822 2689 [κὼς
839 2642 960 2689 Pont.]
983 2643 1073 2677 Edd.
1126 2644 1251 2678 Statim
1269 2642 1328 2678 οὐν
1343 2655 1415 2679 om.
1435 2644 1481 2679 D.
1676 2643 1730 2678 18.
1756 2643 1827 2678 δαι-

252 2689 374 2731 μονίων
392 2690 439 2723 D.
629 2701 684 2725 20.
709 2690 867 2735 ἀπότεξις
883 2690 927 2724 Β.
944 2691 1104 2734 ἀπόταξις
1123 2691 1168 2724 D.
1186 2690 1364 2734 ἀπότευξις
1380 2690 1439 2725 iid.
1629 2701 1685 2725 22.
1707 2690 1792 2725 Post
1809 2692 1828 2725 ὁ

254 2735 376 2779 Κύριος
392 2736 476 2770 haec
494 2735 590 2770 addit
610 2737 655 2770 D.
674 2737 889 2782 ε--δεδίδαχε
914 2738 950 2772 δέ
976 2752 1029 2771 και
1054 2737 1138 2781 ἡμᾶς
1159 2738 1279 2773 αὐτους
1303 2737 1600 2782 ἀναμελωδοῦντας
1623 2737 1737 2782 λέγειν
1761 2737 1828 2771 Εὐ-

252 2782 347 2825 λόγει
372 2782 390 2824 ἡ
415 2782 513 2828 ψυχή
538 2798 602 2827 μου
626 2784 684 2817 τὸν
709 2784 832 2829 Κύριον
856 2785 910 2818 καὶ
933 2785 977 2828 μὴ
1001 2784 1223 2819 ε’πιλανθάνου
1239 2785 1352 2820 πάσας
1375 2786 1432 2819 τὰς
1455 2784 1697 2820 ἀνταποδόσεις
1713 2784 1827 2818 αὐτοῦ·

253 2828 312 2860 τὸν
329 2828 560 2863 εὗιλατεὺοντα
577 2831 702 2866 πάσαις
719 2833 790 2867 ταῖς
806 2831 956 2875 ἀνομίαις
973 2842 1048 2866 σου·
1074 2832 1132 2865 τὸν
1149 2831 1287 2875 ἰώμενον
1302 2832 1414 2866 πάσας
1438 2831 1497 2866 τὰς
1521 2832 1642 2866 νόσους
1667 2841 1743 2866 σου·
1770 2831 1829 2865 τὸν

254 2874 479 2917 λυτρούμενον
502 2876 537 2909 ἐκ
560 2877 693 2922 φθορᾶς
714 2878 774 2922 τὴν
798 2877 882 2922 ζωήν
899 2888 975 2912 σου
1001 2879 1060 2912 τὸν
1077 2879 1312 2923 στεφανοῦντά
1337 2893 1378 2912 σε
1402 2893 1436 2912 εν
1461 2877 1546 2912 ἐλέω
1563 2878 1616 2911 καὶ
1633 2878 1826 2921 οἶκτιρμοις·

254 2921 314 2953 τὸν
331 2920 548 2963 ἐμπιπλῶντα
570 2924 605 2957 ἐν
626 2924 765 2969 ἀγαθοῖς
786 2925 846 2968 τὴν
871 2925 1046 2969 ἐπιθυμίαν
1063 2935 1139 2959 σου
1165 2926 1260 2960 πᾶσα
1276 2926 1342 2971 γὰρ
1360 2925 1456 2962 δόσις
1472 2913 1593 2971 ἀγαθὴ,
1611 2926 1666 2960 καὶ
1681 2926 1746 2960 πᾶν
1763 2923 1826 2958 δὼ-

255 2980 344 3011 ρημα
360 2965 498 3009 τέλειον,
516 2969 594 3014 παρ’
612 2971 713 3005 αὐτοῦ
730 2972 883 3017 δωρεῖται
901 2972 954 3006 καὶ
970 2971 1106 3007 ἄνωθεν.
