2021 3434
299 160 383 200 248
691 164 741 205 B.
785 165 1059 207 CYRILLI
1100 169 1478 210 ALEXANDR.
1738 168 1807 208 xii.
1831 168 1869 206 6.

297 270 591 332 μεταμείβειν
628 271 883 336 ἐκέλευσεν,
924 276 1048 337 ὑμεῖς
1090 275 1139 326 δὲ
1184 278 1358 343 ὁρᾶσθε
1399 276 1598 340 βέβηλοι
1635 276 1709 325 καὶ
1750 273 1864 325 ἀκά-

252 352 279 392 d
299 353 472 415 θαρτοι,
514 355 589 402 καὶ
630 354 836 408 ἀνίπτοις
871 354 1015 411 ἰόντες
1054 360 1198 409 ποσὶν
1240 362 1302 411 εἰς
1341 357 1424 409 τὸν
1466 362 1589 409 θεῖον
1625 355 1750 407 οἷκον
1790 357 1871 407 οὐκ

298 431 549 496 ἐρυθριᾶτε,
598 435 764 502 φησίν.
840 437 995 502 ἐπειδὴ
1038 438 1086 489 δὲ
1129 438 1186 503 ἧν
1228 445 1432 493 τοιοῦτος
1477 440 1502 489 ὃ
1540 436 1725 501 Ἰακὼβ,
1763 437 1873 488 ταύ-

298 534 428 578 τῃτοι
462 515 538 564 καὶ
578 513 729 586 Κύριος
761 519 1080 589 Παντοκράτωρ
1120 521 1244 572 ἔσται
1284 522 1539 589 μνημόσυνον
1574 523 1708 590 αὐτῷ.
1775 519 1873 569 σώ-
2003 536 2006 582 g

297 592 418 658 ζεταί
454 594 547 661 ’γὰρ
585 597 633 646 ἐν
669 597 872 662 μνήμαις
911 604 1048 664 Θεοῦ,
1083 601 1176 669 ε”χει
1207 625 1257 653 τε
1292 604 1486 666 ἀειθαλῆ
1525 600 1609 661 τὴν
1643 602 1868 652 εὔκλειαν.
1891 614 1914 653 5
2003 634 2021 660 ]

295 674 476 743 δοξάζει
501 676 594 745 γὰρ
622 679 646 729 ὁ
674 679 795 735 Θεὸς
821 681 927 736 τοὺς
952 684 1233 748 ἀγαπῶντας
1256 683 1409 736 αὐτόν.
2019 688 2021 692 v

369 759 568 810 Οὐκοῦν·
619 761 707 828 ἐρῶ
751 762 846 830 γάρ
883 787 928 815 τι
966 765 1114 816 πάλιν
1151 770 1246 816 τῶν
1291 769 1353 820 εἷς
1391 765 1555 830 ὄνησιν
1593 764 1870 830 ἀναγκαίων·

293 847 653 907 κατακρινοῦσιν
703 844 822 908 ἡμᾶς
872 850 966 897 τῶν
1014 847 1228 913 πατέρων
1278 851 1326 898 αἱ
1371 846 1522 917 δόξαι,
1573 846 1638 911 μὴ
1687 846 1746 898 τὰ
1789 843 1874 896 ἶσα

295 925 484 989 φρονεῖν
521 924 768 989 ἑλομένους
803 928 969 990 αὐτοῖς,
1004 931 1079 979 καὶ
1116 929 1190 980 διὰ
1231 934 1325 981 τῶν
1366 930 1536 994 ὁμοίων
1567 928 1867 980 κατακαλλύ-

295 1008 460 1056 νεσθαι
485 1004 672 1072 τρόπων
702 1030 751 1059 τε
785 1011 860 1060 καὶ
884 1011 1287 1075 σπουδασμάτων.
1349 1010 1786 1077 κατακριθησόμεθα
1810 1009 1871 1073 δὲ,
1894 1037 1942 1063 10

255 1112 277 1137 e
295 1086 381 1154 οὐχ
408 1089 468 1140 ὡς
493 1091 554 1142 εἷς
579 1087 726 1153 μόνας
758 1091 1023 1155 ἠδικηκότες
1053 1093 1135 1146 τὰς
1170 1094 1344 1144 ἑαυτῶν
1377 1093 1550 1162 ψυχὰς,
1577 1094 1686 1143 ἀλλ’
1714 1093 1872 1143 οἱονεί-

293 1190 395 1221 πως
431 1171 508 1220 καὶ
542 1175 641 1224 ταῖς
678 1177 773 1223 τῶν
812 1174 1025 1241 πατέρων
1068 1177 1288 1229 εὐκλειάις
1326 1176 1758 1238 ἐπιβουλεύσαντες,
1796 1175 1872 1225 καὶ

293 1251 578 1316 προγονικὴν
603 1254 832 1320 εὐγένειαν
857 1258 1266 1325 καταισχύναντες.

2019 1370 2021 1389 1

2018 1400 2021 1423 ι

253 1513 274 1547 6
298 1509 372 1549 Καὶ
409 1509 456 1550 σὺ
493 1510 537 1551 ἐν
573 1510 669 1565 Θεῷ
699 1527 773 1554 σου
810 1513 1094 1571 ἐπιστρὲψειε,
1120 1516 1241 1557 ἔλεον
1281 1518 1348 1557 καὶ
1386 1513 1510 1572 κρῖμα
1542 1517 1774 1572 φυλάσσου,
1801 1516 1868 1557 καὶ
2014 1431 2021 1671 ἰ

360 1593 487 1650 &suge
512 1594 619 1652 Πρὸς
645 1597 718 1638 τὸν
746 1597 854 1639 Θεὸν
882 1613 955 1640 σου
982 1598 1050 1640 διὰ
1077 1601 1249 1642 Παντὸς.
1892 1606 1938 1643 Ι5

359 1711 559 1782 Ἀπειλῇ
585 1716 859 1782 κεκέρασται
884 1721 965 1782 τῆς
990 1718 1178 1786 χάριτος
1197 1719 1224 1783 ἡ
1246 1718 1517 1787 ὑπόσχεσις.
1569 1721 1870 1773 ἀπειλοῦντος
2018 1741 2021 1765 ¹

294 1793 388 1861 γὰρ
411 1800 612 1859 μᾶλλον,
641 1797 668 1863 ἢ
697 1800 1067 1867 ὑπισχνουμένου
1093 1806 1305 1868 καθαρῶς
1331 1806 1392 1857 εἷς
1417 1801 1470 1853 τὸ
1495 1801 1647 1869 παρὸν
1667 1803 1691 1853 ὁ
1711 1801 1867 1868 λόγος·

293 1876 425 1941 πλὴν
459 1878 516 1947 ἐξ
546 1878 730 1945 ἀγάπης
756 1882 784 1946 ἡ
812 1882 998 1947 ἀπειλὴ,
1027 1885 1101 1934 καὶ
1133 1889 1387 1939 καλοῦντος
1426 1888 1486 1939 εἰς
1524 1884 1755 1951 ὀρθότητα
1777 1891 1864 1935 λο-

79 1973 154 2007 172
174 1972 226 2007 A.
255 1983 275 2007 a
293 1964 499 2025 γισμῶν,
528 1964 604 2012 καὶ
638 1966 699 2016 εἷς
736 1963 901 2032 ἔφεσιν
939 1966 1189 2030 εὐκοσμίας
1215 1965 1268 2017 τὸ
1299 1966 1639 2036 χρησμῴδημα.
1704 1966 1761 2032 ἧν
1786 1966 1870 2031 μὲν

293 2040 385 2107 γάρ
430 2046 553 2110 φησι
594 2044 750 2112 σοφὸς
785 2048 860 2096 καὶ
897 2044 1186 2113 πανάριστος
1221 2049 1245 2098 ὁ
1284 2048 1536 2102 θεσπέσιος
1570 2048 1755 2112 Ἰακὼβ,
1794 2051 1869 2101 καὶ
1889 2077 1937 2101 20

292 2123 483 2189 γνώμης
507 2127 623 2180 ἰδίας
649 2126 769 2194 ἔχων
802 2127 981 2194 καρπὸν
1014 2128 1068 2180 τὸ
1103 2130 1335 2198 θεοφιλές.
1403 2132 1512 2181 ἀλλ’
1540 2132 1622 2182 οὐκ
1655 2131 1868 2197 ἐμιμήσω

293 2205 379 2270 μὲν
416 2206 499 2258 τὸν
536 2208 726 2275 πατέρα.
789 2209 919 2274 πλὴν
957 2208 1243 2282 ἐπιστρέψας
1274 2213 1311 2264 ἐν
1338 2219 1435 2283 Θεῷ
1461 2238 1537 2265 σου
1570 2214 1645 2264 καὶ
1674 2212 1738 2277 σὺ,
1764 2237 1869 2266 του-

292 2288 436 2353 τέστι,
474 2288 561 2341 κᾶν
597 2291 811 2360 ἐξίτηλος
844 2290 901 2360 ᾗς
945 2294 1020 2344 καὶ
1060 2293 1332 2359 ἀποστάτης
1367 2297 1441 2346 καὶ
1477 2294 1716 2360 ὑβριστὴς,
1755 2298 1866 2347 ἀλλ’

293 2371 374 2422 οὖν
414 2372 669 2442 ἐπανήξεις,
709 2375 785 2424 καὶ
822 2375 908 2442 οὐχ
948 2374 1076 2439 ἑκὼν,
1111 2379 1172 2430 εἷς
1207 2375 1261 2427 τὸ
1298 2378 1489 2428 ἑλέσθαι
1527 2383 1661 2439 βιοῦν
1698 2379 1861 2446 ὀρθῶς.

293 2453 534 2523 ἐπανήξεις
568 2453 616 2505 δὲ
651 2455 979 2520 παιδευόμενος
1012 2458 1060 2507 ἐν
1087 2461 1207 2527 Θεῷ,
1233 2459 1460 2522 τουτέστι,
1484 2458 1559 2510 διὰ
1584 2463 1722 2511 Θεοῦ.
1791 2462 1866 2512 καὶ
1887 2481 1935 2520 25

248 2539 274 2579 b
294 2534 447 2600 ἐπειδή
496 2559 553 2586 σε
601 2536 836 2604 λογισμὸς
887 2539 941 2589 οὐ
983 2539 1196 2591 πέπεικεν
1241 2539 1417 2606 ἀγαθὸς
1454 2542 1525 2593 ἐπ’
1568 2541 1712 2608 ὀρθὴν
1756 2542 1867 2594 ἰέναι

341 2722 374 2752 4.
400 2712 487 2757 αὐτῷ
506 2712 599 2747 Β.Ι).
617 2713 719 2748 αὐτοῦ
737 2713 829 2748 Edd.
1048 2725 1082 2760 5.
1108 2715 1216 2760 μνήμῃ
1235 2728 1297 2761 pro
1314 2716 1454 2761 μνήμαις
1469 2716 1529 2751 iid.
1744 2729 1776 2764 7.
1800 2723 1867 2754 τῶν

296 2755 342 2790 εἷς
367 2756 483 2800 ὄνησιν
510 2759 711 2806 ἀναγκαίων]
736 2762 773 2795 τὸ
799 2761 845 2797 εἷς
870 2761 918 2796 ὅν.
943 2761 1129 2807 ἀναγκαίων
1155 2763 1256 2797 Pont.
1275 2764 1313 2797 τὸ
1339 2764 1385 2799 εἷς
1409 2763 1457 2798 ὅν.
1479 2764 1658 2810 ἀναγκαῖον
1673 2765 1864 2801 AubertuS.

297 2803 330 2835 8.
356 2805 609 2848 κατακρίνουσιν
626 2819 689 2852 pro
706 2811 962 2852 κατακρινοῦσιν
978 2809 1070 2843 Edd.
1122 2809 1247 2844 Statim
1264 2810 1348 2854 ὑμᾶς
1362 2810 1423 2844 iid.
1690 2823 1743 2846 10.
1765 2826 1864 2846 κατα-

297 2848 523 2893 κριθησόμεθα
540 2852 582 2886 Β.
600 2854 827 2899 κριθησόμεθα
846 2856 891 2889 D.
911 2855 1198 2900 κατακριθήσεσθε
1217 2856 1308 2891 Edd.
1442 2869 1495 2903 13.
1521 2857 1798 2904 κιιταισχύνοντες
1815 2859 1863 2894 D.

300 2904 353 2935 15.
378 2896 436 2929 τὸν
453 2896 547 2931 deest
564 2898 598 2932 in
617 2899 707 2934 Edd.
907 2913 962 2936 22.
987 2903 1048 2945 μὲν
1065 2910 1286 2949 assumptum
1303 2915 1343 2939 ex
1364 2903 1410 2939 D.
1611 2917 1665 2948 24.
1691 2905 1863 2951 ἐπανήξεις

299 2940 390 2975 Β.Ι).
410 2942 572 2988 ε’πανὴξῃς
591 2945 690 2981 Pont.
710 2947 851 2993 ἐπανήξῃ
870 2948 1059 2984 Aubel'tus.
