2021 3434
295 219 379 258 660
683 220 731 259 B.
777 220 1054 260 CYRILLI
1106 221 1487 263 ALEXANDR.
1700 223 1754 264 iv.
1775 235 1871 277 2,3.

293 331 389 377 τῶν
439 328 488 377 ἐκ
537 332 631 378 τῶν
679 329 1000 394 προσηλύτων
1052 329 1402 397 προεχειρίζετο·
1468 331 1729 397 γέγραπται
1778 330 1874 397 γὰρ

295 410 443 462 οὕτως
467 411 515 459 ἐν
541 414 641 464 ταῖς
659 412 1112 475 Παραλειπομέναις.
1167 411 1311 466 τύπος
1338 411 1387 463 δὲ
1412 412 1470 477 ἦν
1494 414 1587 479 ἄρα
1612 414 1873 480 μυστηρίου

295 491 350 541 τὸ
376 492 628 556 δρώμενον.
696 493 897 556 ε”μελλον
923 493 1016 559 γὰρ
1041 495 1382 557 ἀναδείμασθαι
1414 495 1526 546 ναὸν
1551 498 1617 564 τῷ
1645 499 1766 564 Θεῷ,
1791 493 1874 546 τὸν

297 576 451 637 ἀληθῆ
479 575 554 624 καὶ
576 575 842 639 περίοπτον,
868 575 1082 627 τουτέστι
1107 574 1193 639 τὴν
1217 578 1524 641 Ἐκκλησίαν,
1553 577 1635 628 οὐκ
1659 576 1874 628 Ἰουδαῖοι

76 668 215 732 {Nun-ii-
296 655 345 706 δὲ
383 661 588 720 μᾶλλον,
627 659 737 708 ἀλλ’
765 661 807 708 οἱ
845 658 902 727 ἐξ
935 660 1097 716 ἐθνῶν,
1137 656 1220 709 τὸν
1258 660 1306 709 ἐν
1343 663 1409 728 τῷ
1447 663 1639 729 κρυπτῷ
1675 658 1868 726 περιφέ·
1895 679 1917 718 5

78 722 124 752 «9-
294 761 454 804 ροντες
494 740 732 802 Ἰουδαῖον,
773 743 847 791 καὶ
885 739 1140 806 περιτομὴν
1174 740 1355 808 ἔχοντες
1385 742 1487 809 οὐχὶ
1526 740 1612 805 τὴν
1645 742 1694 792 ἐν
1731 743 1875 806 σαρκὶ

294 826 499 885 μᾶλλον,
527 821 658 872 ἀλλὰ
683 822 768 886 τὴν
795 825 842 873 ἐν
866 822 1107 884 πνεύματι.

252 910 278 950 b
372 906 559 955 Οὐκοῦν
601 904 696 971 πρὸ
745 903 830 969 μὲν
872 908 955 969 τῆς
1004 906 1247 968 ἐπιδημίας
1294 904 1575 974 προσῄεσάν
1614 929 1733 959 τινες
1782 909 1876 955 τῶν

296 989 654 1053 εἰδωλολατρῶν
693 989 766 1038 καὶ
798 992 894 1040 τοῖς·
930 987 1167 1038 Ἰουδαίων
1205 988 1362 1054 διέζων
1395 988 1567 1052 νόμοις.
1634 986 1790 1052 ἐπειδὴ
1829 986 1877 1038 δὲ
2007 1055 2009 1057 ¹

296 1069 538 1135 ἀνεδείχθη
565 1067 733 1120 λοιπὸν
757 1068 810 1120 τὸ
837 1068 943 1135 ὅρος
977 1075 1060 1119 τοῦ
1086 1070 1263 1136 Κυρίου
1299 1068 1354 1121 τὸ
1393 1071 1644 1136 περίοπτον
1674 1072 1876 1134 ἀληθῶς,
1900 1096 1948 1121 10

297 1150 367 1202 ἐπ’
395 1151 508 1201 αὐτὸ
543 1151 599 1214 δὴ
635 1155 825 1213 μᾶλλον
858 1152 1152 1217 προσιένται,
1183 1152 1421 1219 χαίροντές
1458 1175 1507 1203 τε
1547 1154 1622 1203 καὶ
1661 1152 1878 1218 λέγοντες

287 1231 395 1284 “On
424 1234 475 1284 ἐκ
494 1233 601 1285 Σιὼν
624 1232 896 1302 ἐξελεύσεται
920 1234 1042 1301 νόμος
1072 1236 1147 1285 καὶ
1172 1238 1310 1300 λόγος
1332 1241 1480 1303 Κυρίου
1507 1235 1553 1304 ἐξ
1572 1234 1873 1303 Ἰερουσαλήμ.

296 1315 475 1366 ἐοίκασι
514 1316 561 1366 δὲ
599 1315 863 1376 βούλεσθαι
901 1319 1091 1380 δηλοῦν,
1129 1316 1311 1367 κάκεῖνό
1348 1340 1441 1368 που
1479 1315 1602 1384 τάχα
1640 1321 1879 1382 διακεκρα-

296 1399 425 1463 γέναι
463 1403 647 1466 σαφῶς,
691 1401 752 1451 ὡς
790 1398 959 1464 ἔρημος
999 1399 1133 1449 ἔσται
1176 1401 1251 1449 καὶ
1289 1400 1430 1449 αὐτοῦ
1467 1405 1550 1449 τοῦ
1590 1401 1713 1468 νόμου
1756 1398 1878 1462 Σιὼν,
1996 1461 1998 1467 ¹

297 1482 372 1530 καὶ
411 1479 566 1545 γυμνὴ
607 1485 702 1531 τῶν
736 1482 872 1531 θείων
912 1484 1069 1546 λόγων
1108 1481 1409 1548 Ἰερουσαλήμ.
1473 1483 1610 1532 οἱονεὶ
1648 1481 1741 1548 γάρ
1778 1505 1877 1535 πως
1901 1503 1948 1542 15
1990 1515 2006 1551 -A

77 1574 205 1605 Nemi.
298 1567 629 1633 ἐκπεφοίτηκεν
669 1566 823 1616 αὐτῶν
864 1567 889 1616 ὁ
936 1567 1056 1634 νόμος
1108 1568 1182 1616 καὶ
1228 1567 1252 1616 ὁ
1292 1567 1346 1616 δι’
1388 1566 1608 1632 ἀγγέλων
1654 1568 1878 1630 λαληθεὶς

298 1651 435 1715 λόγος
468 1652 606 1699 Θεοῦ.
674 1649 963 1714 κατήργηται
997 1648 1089 1714 γὰρ
1128 1649 1154 1713 ἡ
1187 1648 1314 1710 σκιὰ,
1350 1649 1425 1699 καὶ
1464 1649 1695 1700 πέπαυται
1731 1647 1790 1699 τὰ
1831 1651 1879 1699 ἐν

258 1729 471 1794 οτύποις,
505 1730 756 1799 ἀνῄρηνται
799 1733 848 1781 δὲ
886 1733 962 1781 καὶ
1000 1734 1047 1781 αἱ
1086 1731 1258 1792 θυσίαι,
1297 1733 1373 1781 καὶ
1411 1729 1569 1782 πάντα
1613 1729 1782 1782 λοιπὸν
1821 1730 1880 1781 τὰ

297 1813 371 1864 διὰ
400 1813 645 1867 Μωυσέως
671 1813 1070 1879 συμπεπέρασταί
1103 1836 1217 1876 πως,
1243 1811 1360 1864 ὅσον
1386 1812 1495 1878 ἧκεν
1518 1817 1578 1866 εἱς
1605 1811 1659 1863 τὸ
1684 1812 1880 1879 γράμμα

297 1897 436 1965 φημί.
502 1896 573 1947 ὅτι
600 1894 648 1947 δὲ
675 1896 873 1959 ἔμελλεν
899 1897 924 1946 ὁ
948 1895 1161 1960 Χριστὸς
1190 1898 1323 1964 κρῖναι
1351 1918 1400 1946 τε
1426 1897 1502 1946 καὶ
1539 1891 1768 1965 ἀιελέγξοιι
1797 1895 1879 1955 ἔθνη
1901 1917 1951 1942 20
2019 1932 2021 1939 .

296 1979 475 2042 πολλὰ,
504 1979 755 2046 μονονουχὶ
794 1978 1147 2046 προφητεύουσι
1188 1980 1262 2029 καὶ
1303 1978 1690 2045 προαγορεύουσι·
1746 1981 1880 2045 κρῖναι
1983 1967 1987 1975 ¹

296 2085 346 2113 τε
385 2066 460 2112 καὶ
500 2061 687 2129 ἐλέγξαι
727 2059 852 2113 ὅπως
888 2083 949 2124 τε,
977 2062 1052 2111 καὶ
1085 2061 1188 2110 τίνα
1220 2059 1409 2125 τρόπον,
1437 2063 1579 2111 εἰπεῖν
1609 2062 1877 2126 ἀναγκαῖον.

297 2146 562 2196 ἀναπείθων
591 2142 684 2210 γὰρ
711 2147 804 2193 τῶν
830 2146 912 2206 τῆς
937 2141 1222 2206 πλανήσεως
1247 2142 1551 2210 ἀποσχέσθαι
1576 2142 1777 2209 τρόπων,
1806 2144 1881 2193 καὶ

299 2225 596 2280 καταδεικνῦς
638 2228 861 2291 ἐναργῶς,
904 2224 973 2276 ὅτι
1014 2224 1305 2276 σπεύδουσιν
1345 2229 1408 2278 εἰς
1450 2223 1701 2287 ἀπώλειαν,
1743 2228 1780 2275 εὶ
1816 2224 1881 2289 μὴ

299 2311 481 2361 ἕλοιντο
506 2314 641 2371 βιοῦν
668 2309 830 2373 ὀρθῶς,
856 2309 931 2357 καὶ
957 2311 1051 2357 τῶν
1076 2308 1282 2374 ἀρχαίων
1305 2307 1731 2371 πλημμελημάτων
1756 2309 1875 2358 ἀπο·
1902 2330 1950 2369 25
2014 2333 2018 2356 :

348 2473 378 2496 Ι.
405 2462 441 2495 ἐκ
459 2462 502 2495 Α.
521 2462 575 2495 καὶ
608 2461 700 2496 Edd.
749 2461 1022 2506 προεχειρίζοντο
1041 2461 1084 2495 A.
1378 2471 1410 2494 2.
1430 2462 1500 2496 τοῖς
1515 2459 1820 2505 παραλειπομένοις
1838 2461 1881 2496 Β.

298 2509 335 2543 δέ
353 2515 576 2553 assumptum
594 2520 635 2542 ex
654 2509 696 2541 A.
717 2507 744 2542 δ’
765 2508 808 2542 B.
995 2519 1028 2552 3.
1055 2508 1134 2541 ναὸν
1151 2514 1229 2551 post
1245 2508 1429 2551 περίοπτον
1446 2514 1578 2552 transp.
1598 2507 1691 2541 Edd.
1709 2508 1819 2542 invito
1839 2508 1880 2542 B.

298 2566 332 2601 5,
348 2555 380 2591 6.
407 2556 443 2590 δέ
461 2562 495 2589 et
511 2556 564 2589 καὶ
580 2567 650 2589 om.
669 2555 713 2589 A.
858 2556 890 2588 6.
916 2555 1038 2600 ἔχοντα
1055 2566 1118 2599 pro
1135 2555 1269 2599 ἔχοντες
1288 2554 1378 2588 Edd.
1430 2554 1557 2588 Statim
1574 2554 1651 2599 οὐχὶ
1669 2556 1712 2589 Α.
1731 2555 1770 2588 οὐ
1788 2555 1881 2590 Edd.

303 2615 356 2637 10.
382 2603 504 2637 λοιπὸν
519 2602 720 2647 ἀνεδείχθη
713 2613 851 2636 mverso
869 2601 990 2635 ordine
1007 2601 1042 2635 b.
1189 2612 1242 2635 ΙΙ.
1267 2601 1465 2657 προσίεῆνται
1483 2601 1518 2635 b.
1535 2600 1638 2636 ἵενται
1657 2601 1699 2635 Β.
1716 2600 1820 2636 ἵενται
1838 2602 1882 2636 A.

300 2650 330 2683 F
335 2649 394 2684 dd.
554 2661 606 2694 13.
632 2650 721 2695 τάχα
753 2655 976 2693 assumptum
995 2660 1036 2682 ex
1054 2648 1097 2682 A.
1101 2647 1137 2682 b.
1263 2659 1314 2691 14.
1341 2651 1400 2682 τοῦ
1418 2660 1487 2683 orn.
1506 2647 1599 2682 Edd.
1617 2648 1734 2682 invitis
1751 2648 1881 2683 A.ss.b.

303 2696 494 2742 [suprascr.
513 2697 556 2730 A.
559 2694 575 2741 ]
713 2705 765 2740 15.
791 2694 922 2740 λόγων]
942 2699 979 2735 -1-
1000 2694 1018 2739 ἡ
1038 2695 1129 2729 Edd.
1148 2695 1267 2729 invitis
1286 2696 1328 2730 A
1334 2695 1375 2728 B.
1380 2695 1414 2729 b.
1550 2695 1602 2729 16.
1632 2694 1729 2729 Haec
1746 2697 1765 2729 ὁ
1783 2696 1884 2738 νόμος

300 2744 353 2777 καὶ
370 2749 590 2777 accesserunt
607 2755 648 2777 ex
669 2742 710 2776 B.
714 2742 749 2776 b.
766 2744 867 2786 νόμος
883 2743 936 2776 καὶ
954 2742 998 2776 A.
1046 2742 1202 2788 ἀγγέλων
1219 2743 1262 2776 Α.
1269 2742 1309 2776 Β.
1312 2742 1346 2776 b.
1364 2741 1513 2797 ἀγγελου
1530 2741 1623 2776 Edd.
1722 2751 1775 2785 17.
1795 2744 1884 2776 Θεοῦ

299 2792 404 2834 λόγος
420 2791 558 2824 inverso
575 2790 697 2824 ordme
714 2790 758 2824 A
777 2791 864 2823 Θεοῦ
882 2801 952 2823 om.
972 2789 1006 2824 b.
1162 2800 1215 2834 19.
1237 2789 1493 2833 συμπεπέραται
1512 2789 1555 2824 Β.
1603 2787 1704 2834 ὅσον]
1724 2793 1762 2829 -1-
1783 2789 1819 2822 δε
1837 2789 1882 2824 A.

303 2837 516 2881 Stati111‘'m<a
535 2836 626 2870 Edd.
824 2847 879 2870 20.
905 2835 1076 2881 διελεγξαι
1093 2837 1136 2870 A.
1155 2835 1344 2880 διελεγχειν
1362 2835 1454 2870 Edd.
1652 2846 1778 2870 20-22.
1805 2835 1882 2880 ἔθνη

300 2884 415 2916 πολλὰ
441 2882 826 2929 μονονουχὶ-ἐλέγξαι]
854 2883 957 2918 λαοὺς
981 2883 1133 2918 πολλοὺς
1158 2883 1212 2916 καὶ
1235 2883 1342 2926 ἕθνη’
1331 2883 1458 2928 ισχυρὰ
1474 2882 1535 2919 ἕως
1552 2882 1599 2918 εἷς
1613 2883 1676 2926 γῆν
1691 2883 1820 2926 μακράν
1839 2882 1882 2917 Β.

301 2940 358 2964 21.
385 2944 437 2964 και
453 2930 726 2976 προαγορεύουσι
744 2942 813 2964 om.
832 2930 876 2964 A.
895 2930 1021 2964 retinui
1038 2942 1117 2965 cum
1138 2929 1229 2963 Edd.
1418 2941 1474 2964 22.
1493 2929 1649 2974 ἐλεγχειν
1666 2940 1727 2973 pro
1745 2929 1884 2973 ἐλέγξαι

302 2975 393 3010 Edd.
704 2988 759 3022 23.
785 2977 956 3011 ἀναπείθει
972 2977 1016 3012 A.
1080 2977 1314 3022 τὸν-τρόπον
1330 2976 1374 3011 A.
1394 2976 1614 3022 ἀποσχέσθαι
1631 2976 1675 3010 A.
1693 2975 1884 3021 ἀπέχεσθαι

302 3021 393 3055 Edd.
