2021 3434
106 232 147 272 ii.
174 245 240 281 21,
265 244 329 273 22.
561 231 635 271 IN
676 231 911 272 OSEAM.
973 230 1123 271 TOM.
1165 230 1226 270 II.
1634 230 1687 269 77

106 340 230 393 Θεόν
250 342 530 408 ἐγνώκαμεν.
570 343 800 412 ταύτῃτοι,
822 345 958 412 φησὶ,
983 346 1062 394 καὶ
1082 341 1411 411 μνηστεύσομαί
1433 364 1485 392 σε
1509 339 1689 408 ἑμοιυτῷ

104 425 142 475 ἐν
169 426 336 483 πίστει,
367 428 447 476 καὶ
481 426 700 500 {mmuh-31
732 426 799 477 τὶν
831 425 989 495 Κύριον.
1058 426 1224 475 οὐκοῦν
1257 423 1631 490 προεισβέβηκεν
1660 422 1689 486 ἡ

103 506 277 569 πίστις,
323 507 712 572 πεπλουτήκαμεν
757 507 804 559 δὲ
847 509 993 561 οὕτως
1032 509 1107 558 καὶ
1152 505 1206 557 τὸ
1247 507 1410 557 εἰδέναι
1451 503 1685 571 Χριστόν.

106 590 181 639 καὶ
205 594 357 651 τοῦτο,
384 586 525 652 οἶμαι,
554 591 656 640 ἐστὶ
691 589 743 640 τὸ
779 587 897 653 πρός
928 612 1055 642 τινας
1091 588 1327 654 εἰρημένον
1355 596 1380 618 “
1400 587 1480 638 ἐὰν
1505 586 1599 653 γὰρ
1625 586 1689 650 μὴ
1752 606 1806 637 Es.
1826 607 1881 639 vii.

65 688 86 726 5
105 671 406 734 πιστεύσητε,
434 671 526 721 οὐδ’
545 672 598 721 οὐ
624 670 688 734 μὴ
714 671 934 735 συνῆτε.”
981 672 1052 721 ὅτι
1078 669 1126 720 δὲ
1151 669 1206 720 τὸ
1226 670 1432 720 συνιέναι
1458 671 1690 734 λαμπρῶς

105 752 160 804 τὸ
193 756 408 818 Χριστοῦ
441 751 700 818 μυστήριον
730 755 812 816 τῆς
846 756 908 806 εἰς
946 756 1090 802 αἰῶνα
1129 751 1244 817 ζωῆς
1277 756 1578 817 περιποιεῖται
1604 748 1691 813 τὴν

106 834 295 904 μέθεξιν
319 839 415 888 τοῖς
441 835 562 885 ἑλεῖν
597 834 756 903 ἀξίοις,
782 833 1145 901 πληροφορήσει
1171 832 1326 897 λέγων
1358 831 1493 886 αὐτὸς
1522 834 1546 883 ὁ
1573 831 1688 885 Υἱὸς

109 915 227 982 πρὸς
253 916 336 967 τὸν
366 917 414 966 ἐν
447 921 542 969 τοῖς
569 917 778 982 οὐρανοῖς
805 915 998 982 Πατέρα
1024 917 1098 965 καὶ
1124 915 1248 966 Θεόν
1275 921 1302 944 “
1323 915 1454 978 Αὕτη
1479 915 1534 965 δέ
1553 916 1684 965 ἐστιν
1705 923 1733 964 d
1750 925 1895 976 Sqssoan·

109 1006 136 1028 ‘⁶
161 999 190 1063 ἡ
216 1000 396 1052 αἰώνιος
422 997 526 1064 ζωὴ,
547 999 623 1049 ἵνα
646 998 925 1064 γινώσκωσί
946 1021 1005 1048 σε
1030 997 1112 1048 τὸν
1137 996 1281 1061 μόνον
1302 995 1527 1060 ἀληθινὸν
1547 995 1687 1059 Θεὸν,
1747 980 1826 1001 xvu.
1849 981 1878 1010 δ’

1095 1077 1119 1094 2³

45 1104 89 1128 10
110 1089 136 1111 ‘⁶
161 1083 234 1133 καὶ
264 1079 316 1132 ὃν
343 1079 624 1134 ἀπέστειλας
643 1079 831 1144 Ἰησοῦν
856 1078 1088 1147 Χριστόν.

0 1245 2 1319 ί
114 1274 188 1315 Καὶ
230 1274 348 1316 ἔσται
390 1274 434 1315 ὲν
477 1273 618 1331 ἐκείνῳ
661 1277 712 1330 τῷ
757 1273 904 1332 ἡμέρᾳ,
948 1274 1058 1320 λέγει
1101 1271 1260 1328 Κύριος,
1297 1270 1590 1319 ὲΠακούσομαι
1630 1271 1691 1324 τῷ
1714 1288 1759 1312 21

0 1324 2 1384 ὲ

0 1398 2 1412 ι

177 1358 360 1414 οὐρανῷ,
388 1357 456 1398 καὶ
486 1358 508 1399 ὁ
544 1357 725 1414 οὐρανὸς
762 1357 1046 1399 ἐπακούσεται
1082 1360 1132 1414 τῷ
1173 1359 1236 1413 Γᾷ,
1272 1355 1340 1396 καὶ
1372 1355 1394 1396 ἡ
1430 1357 1477 1402 ff«
1511 1355 1694 1395 ἑπακού-
1716 1371 1762 1395 22

180 1456 297 1483 σεται
322 1441 395 1483 τὸν
423 1438 537 1483 σῖτον
565 1442 633 1482 Καὶ
659 1441 731 1483 τὸν
759 1437 873 1482 οἶνον
910 1442 977 1482 καὶ
1007 1441 1055 1482 τὸ
1091 1441 1250 1490 ἔλαιον,
1279 1439 1346 1480 καί
1378 1438 1484 1480 αὐτὰ
1512 1438 1695 1478 ἐπακού-

0 1447 5 1623 Ι
180 1540 297 1566 σεται
327 1526 388 1579 τῷ
407 1525 614 1582 Ἰεσράελ.

47 1669 93 1708 15
185 1645 380 1716 Ἡμέραν
424 1645 480 1710 δὴ
524 1645 670 1696 πάλιν
713 1647 762 1696 ἐν
803 1647 982 1699 τούτοις
1027 1644 1111 1696 τὸν
1149 1648 1208 1712 τῇ
1247 1644 1415 1708 κλήσει
1458 1641 1698 1708 πρέποντα

0 1760 7 1804 [¹
114 1727 413 1795 κατονομάζει
447 1727 622 1795 καιρὸν·
666 1734 805 1780 τοῦτο
844 1727 936 1794 γὰρ
961 1728 1062 1781 ἔθος
1087 1729 1145 1796 τῇ
1180 1726 1479 1795 θεοπνεύστῳ
1510 1727 1692 1792 γραφῇ.
1715 1744 1736 1770 e

0 1793 7 1863 ἦ
115 1810 186 1861 ὅτι
222 1812 377 1862 τοίνυν
415 1812 463 1861 ἐν
497 1810 680 1878 μεθέξει
718 1813 795 1861 καὶ
833 1810 1035 1879 ἀφθονίᾳ
1067 1808 1242 1862 παντὸς
1276 1811 1469 1874 ἀγαθοῦ,
1497 1809 1572 1858 καὶ
1604 1810 1698 1857 τῶν

5 1911 9 2010 l
114 1891 292 1944 ἄνωθεν
322 1894 397 1944 καὶ
434 1891 564 1959 παρὰ
604 1897 728 1944 Θεοῦ
761 1892 1070 1961 χαρισμάτων
1112 1894 1187 1942 καὶ
1229 1890 1367 1945 αὐτὸς
1408 1889 1542 1940 ἔσται
1581 1888 1699 1939 κατὰ

0 1961 3 2035 ξ
115 1973 300 2041 καιροὺς
334 1976 359 2025 ὁ
384 1974 599 2041 Ἰσραὴλ,
625 1979 682 2043 τῇ
718 1979 780 2029 εἷς
813 1973 1030 2041 Χριστὸν
1063 1975 1223 2025 πίστει
1259 1971 1698 2038 λελαμπρυσμένος,

50 2066 98 2108 20
117 2060 465 2122 αἰνιγματωδῶς
515 2059 773 2126 ὑποφαίνει.
867 2059 1009 2108 ὑετῶν
1059 2055 1153 2122 γὰρ
1216 2056 1450 2124 ἀφθονίαν
1503 2054 1704 2104 ἔσεσθαί

118 2143 284 2209 φησιν,
350 2140 492 2190 αὑτοῦ
549 2139 893 2193 κατανεύοντος·
959 2144 1097 2190 τοῦτο
1146 2137 1239 2205 γὰρ
1288 2135 1420 2199 οἶμαί
1478 2138 1581 2186 ἐστι
1643 2134 1698 2186 τὸ

118 2220 430 2290 ἑποικσύσομοιι
462 2228 522 2293 τῷ
557 2225 725 2292 οὐρανῷ·
770 2221 846 2271 καὶ
884 2219 977 2284 μὴν
1009 2222 1084 2271 καὶ
1123 2222 1170 2271 ἐν
1205 2223 1267 2287 γῇ
1304 2218 1444 2281 κάτω,
1483 2217 1590 2271 τοὺς
1629 2216 1700 2268 ὅτι

118 2302 333 2367 μάλιστα
357 2303 751 2371 χρειωδεστάτους
787 2305 862 2354 καὶ
897 2302 1178 2368 ἀναγκαίους
1209 2303 1319 2366 ἡμῖν
1353 2299 1700 2364 ἐκδοθήσεσθαι

122 2385 340 2451 καρπούς.
404 2389 527 2437 Θεοῦ
563 2385 656 2451 γὰρ
696 2385 803 2453 δίχα
840 2387 914 2436 καὶ
953 2388 1133 2449 βουλῆς
1171 2387 1253 2448 τῆς
1291 2383 1483 2445 ἄνωθεν,
1517 2381 1610 2433 οὔτ’
1644 2382 1741 2434 ἀνα
1771 2401 1826 2435 55
1857 2400 1907 2434 A.

13 2513 15 2532 ζ
55 2492 103 2531 25
123 2468 260 2521 αὐτὸς
298 2468 367 2517 ὕοι
397 2490 511 2518 ποτε
552 2473 647 2521 τοῖς
683 2469 755 2518 ἐπὶ
793 2470 881 2532 γῆς
923 2469 948 2518 ὁ
990 2464 1196 2533 οὐρανὸς,
1236 2464 1328 2516 οὔτ’
1363 2462 1420 2515 ἂν
1457 2465 1485 2529 ἡ
1524 2468 1585 2530 γῆ
1620 2463 1703 2516 τὸν

124 2553 288 2600 οἰκεῖον
331 2548 450 2600 κατὰ
491 2548 674 2615 καιροὺς
713 2549 914 2618 ἀναφύοι
949 2548 1144 2615 καρπόν.
1212 2549 1288 2598 καὶ
1328 2552 1465 2598 τοῦτο
1506 2547 1638 2601 εἰδὼς
1677 2548 1703 2598 ὁ

172 2715 204 2738 2.
228 2702 499 2748 προεισβέβηκεν
516 2701 563 2736 D.
583 2701 832 2746 προεκβέβηκεν
852 2701 893 2735 Β.
913 2700 1006 2734 Edd.
1150 2713 1183 2742 4.
1202 2699 1274 2745 ἐὰν]
1294 2698 1333 2733 ἂν
1352 2698 1443 2733 Edd.
1580 2712 1613 2744 5.
1632 2699 1701 2734 οὐδ’

123 2751 163 2785 οὐ
181 2751 274 2785 B.D.
295 2750 370 2795 (De
388 2749 456 2783 Ad.
479 2759 543 2793 173
561 2749 604 2782 B.
622 2748 665 2782 ab
686 2748 844 2782 Holmes.
863 2752 898 2782 et}
916 2747 1012 2781 Pars.
1032 2747 1110 2791 cit.)
1129 2747 1205 2780 οὐδὲ
1225 2746 1317 2781 Edd.
1337 2746 1470 2791 (AN.)
1597 2746 1629 2780 6.
1656 2747 1703 2782 εἷς

123 2799 225 2832 αἷωνα
244 2797 290 2831 D.
309 2797 442 2830 αἰωνίου
461 2795 552 2829 Edd.
599 2797 766 2839 περιποιεῖ
783 2795 830 2829 Ι).
990 2803 1022 2839 7.
1048 2794 1138 2827 ἑλεῖν
1155 2805 1224 2828 om.
1249 2793 1291 2827 D.
1450 2795 1482 2827 8.
1510 2793 1545 2827 δὲ
1562 2805 1633 2828 0111.
1652 2794 1698 2828 D.

127 2856 180 2880 10.
208 2845 356 2888 Χριστόν
373 2848 592 2887 assumptum
611 2854 652 2875 ex
672 2842 717 2875 D.
910 2852 962 2874 11.
989 2840 1094 2884 ἐκείνῃ
1112 2852 1182 2874 om.
1203 2841 1248 2875 D.
1448 2852 1500 2875 12.
1527 2842 1545 2874 ὁ
1563 2841 1703 2884 οὐρανὸς

127 2892 170 2926 Β.
190 2892 235 2926 D.
256 2891 292 2925 F.
312 2890 444 2933 (Alex.)
463 2890 617 2933 (οὐρανὸς
635 2888 736 2931 XII.)
785 2888 884 2923 αὐτὸς
903 2887 994 2921 Edd.
1013 2887 1126 2930 (Vat.)
1358 2899 1409 2933 13.
1435 2890 1540 2922 ταῦτα
1559 2888 1604 2921 D.
1624 2887 1702 2931 (42.

126 2938 192 2984 al.)
211 2938 270 2972 sed
296 2938 339 2972 cf.
359 2937 402 2980 56
421 2949 450 2971 c.
500 2935 743 2970 ἐπακούσονται
762 2934 853 2968 Edd.
872 2934 991 2968 invitis
1009 2934 1186 2967 omnibus.
1420 2946 1473 2978 14.
1498 2936 1557 2968 τοῦ
1575 2946 1638 2979 pro
1655 2936 1701 2979 τῷ

128 2985 219 3020 Edd.
269 2985 278 3017 ἰ
301 2987 323 3018 λ
342 2982 567 3028 (ΞἸσραὴλ)
588 2983 628 3016 Β.
648 2982 723 3026 (22.
743 2981 806 3026 al.)
949 2981 1000 3015 18.
1027 2981 1080 3014 καὶ
1098 2981 1194 3025 prius
1211 2993 1280 3015 om.
1302 2981 1347 3016 D.
1502 2991 1556 3025 25.
1584 2980 1635 3014 ὕοι
1656 2981 1701 3015 D.

129 3031 193 3076 ὕσῃ
212 3032 310 3077 (post
327 3033 387 3076 γῆς
404 3030 674 3075 transposnum)
696 3029 736 3063 B.
786 3028 883 3064 οὖσιν
899 3027 1019 3063 eodem
1037 3028 1113 3062 loco
1132 3027 1222 3062 Edd.
