2021 3434
320 197 405 237 690
735 197 787 238 Β.
828 197 1103 240 CYRILLI
1151 198 1537 240 ALEXANDR.
1677 211 1718 238 v.
1744 202 1894 247 10-15.

318 313 348 336 ‘⁶
373 305 593 358 λεύσεται
618 306 647 371 ἡ
673 306 795 375 ἀρχὴ
821 308 850 373 ἡ
873 308 1037 375 πρώτη
1062 309 1287 371 βασιλεία
1310 307 1646 369 Βαβυλῶνος.”
1708 304 1816 357 τότε
1840 302 1898 368 δὴ

322 389 405 439 οῦν
429 386 547 452 τότε,
573 393 738 456 φησὶν,
764 389 1006 458 οἰχήσεται
1030 390 1116 456 μέν
1140 414 1232 443 σου
1262 390 1318 443 τὸ
1352 388 1562 453 ἱππικὸν,
1587 390 1901 440 συνδιολεῖται

1990 164 1996 435 0-<--⁴.--.⁴—-.·—-
1992 147 1995 152 .
1989 5 1996 134 a--m

323 469 373 521 δὲ
399 469 578 525 τούτοις
610 472 686 522 καὶ
718 471 970 540 ὀχημάτων
994 474 1242 541 ἀγερωχία,
1267 470 1713 541 καταδῃωθήσονται
1746 468 1795 520 δὲ
1826 470 1903 519 καὶ

277 561 306 601 d
326 555 372 603 αἱ
398 553 569 616 πόλεις,
595 557 670 604 καὶ
708 555 861 605 αὐτῶν
895 555 1062 622 ε”ρημος
1097 555 1184 624 ἔσῃ
1216 560 1311 607 τῶν
1346 553 1663 625 ὀχυρωμάτων,
1688 551 1904 603 τουτέστι

323 639 503 702 τειχῶν·
537 637 931 703 κατεπίμπρασαν
951 637 1044 704 γὰρ
1063 638 1216 692 αὐτοῖς
1236 636 1436 704 ἀνδράσι
1462 636 1545 690 τὰς
1567 635 1727 688 πόλεις
1748 637 1791 685 οἱ
1808 637 1904 684 Βα-
1923 651 1946 690 5

323 717 565 778 βυλώνιοι·
607 717 666 769 τὰ
701 718 756 770 δέ
774 741 829 785 γε
853 722 936 784 τῆς
961 722 1052 784 σῆς
1077 720 1297 774 ἀπονοίας
1322 718 1675 784 ἐπιτηδεύματα,
1698 715 1910 782 γοητεῖαί

323 822 375 850 τε
409 801 484 850 καὶ
522 802 897 868 ψευδομαντεῖαι,
924 803 1000 853 καὶ
1035 800 1153 853 αὐτὰ
1184 801 1244 852 τὰ
1273 804 1356 866 τῆς
1394 800 1577 864 ἀπάτης
1603 797 1905 866 ἐργαστήρια,

325 881 491 946 τεμένη
527 882 576 934 δὲ
608 883 796 938 πάντως
830 885 946 947 ὁμοῦ
979 888 1075 938 τοῖς
1109 884 1315 938 εἰδώλοις
1349 880 1804 954 ἑξολοθρευθήσονται,
1831 881 1906 931 καὶ

326 965 376 1015 ἐκ
414 963 608 1031 βάθρων
644 966 799 1017 αὐτῶν
833 972 1045 1019 πεσεῖται
1079 965 1139 1019 Tc).
1177 965 1311 1028 ἄλο-η.
1376 967 1451 1017 καὶ
1488 966 1537 1016 τί
1567 963 1622 1016 τὸ
1659 965 1902 1025 ἐντεῦθεν;

328 1044 577 1110 διαβόητος
615 1047 643 1111 ἡ
682 1049 798 1112 δίκη,
838 1052 913 1100 καὶ
948 1051 973 1100 ὁ
1004 1052 1087 1113 τῆς
1119 1052 1282 1114 ποινῆς
1317 1048 1491 1115 τρόπος
1524 1048 1608 1099 οὐκ
1644 1044 1703 1097 ἂν
1737 1043 1902 1097 διαλά-
1930 1051 2006 1118 ιοξ,

1994 1126 1997 1145 ί

331 1132 404 1179 θοι
452 1128 559 1183 τοῦς
608 1129 805 1196 ὁμόρους
854 1136 948 1183 τῶν
998 1130 1140 1184 ἐθνῶν.
1215 1131 1483 1198 γνώσονται
1530 1129 1593 1194 δὲ,
1641 1128 1713 1180 ὅτι
1755 1127 1912 1180 πάντα

291 1210 509 1275 οσυνέβη
546 1216 711 1264 παθεῖν
748 1213 913 1268 αὐτοὺς
948 1213 1037 1266 ἀνθ’
1073 1211 1124 1265 ὧν
1166 1218 1240 1266 οὐκ
1279 1215 1547 1277 εἰσήκουσαν,
1584 1210 1812 1274 τουτέστι,
1850 1209 1910 1261 τὰ

330 1295 414 1357 τῆς
452 1295 682 1349 ἀπειθείας
725 1295 1019 1361 ἐγκλήματα.
1081 1296 1173 1363 ἔφη
1210 1319 1254 1347 τι
1292 1301 1502 1347 τοιοῦτον
1544 1300 1639 1348 τοῖς
1683 1293 1911 1362 ἀχάλινον

108 1378 206 1408 Prov.
223 1377 244 1409 ἰ.

339 1374 361 1392 ³!
574 1380 584 1393 9
672 1376 686 1392 x
737 1379 746 1394 ς
867 1378 878 1394 κ
975 1378 987 1394 x
1061 1380 1072 1393 e
1149 1378 1162 1393 x
1282 1379 1295 1397 x
1339 1378 1349 1392 e
1491 1378 1503 1395 t
1611 1376 1622 1391 r
1726 1384 1754 1406 α
1771 1378 1782 1393 a
1896 1377 1908 1393 9

111 1429 227 1461 24-27·
331 1398 522 1442 εχουσιν
549 1399 611 1429 εις
640 1399 694 1428 το
721 1382 903 1432 απειθες
935 1402 1022 1443 την
1046 1402 1197 1446 ροπην
1223 1402 1298 1429 και
1323 1402 1351 1442 η
1377 1382 1529 1446 σοφια
1555 1384 1701 1429 παλιν
1788 1380 1892 1428 Ανθ

1993 1182 2017 1463 ἙζΞ-«Σζμζψῶἑζ,

332 1465 358 1487 “
385 1456 449 1508 ὧν
492 1458 716 1527 ἐξέτεινον
763 1459 936 1526 λόγους
982 1463 1057 1512 καὶ
1107 1462 1160 1511 οὑ
1210 1458 1496 1528 προσείχετε,
1541 1459 1673 1511 ἀλλὰ
1713 1458 1911 1525 ἀκύρους
1932 1472 1998 1514 15³

332 1547 359 1569 ‘⁶
386 1541 577 1592 ἐποιεῖτε
608 1540 719 1604 ἐμὰς
752 1541 947 1606 βουλὰς,
977 1548 1072 1597 τοῖς
1110 1542 1158 1594 δὲ
1192 1544 1316 1608 ἐμοῖς
1342 1542 1504 1607 λόγοις
1536 1543 1589 1593 οὐ
1618 1541 1908 1610 προσείχετε·

331 1629 359 1651 “
385 1629 633 1689 τοιγαροῦν
667 1623 797 1690 κάγὼ
831 1629 889 1693 τῇ
920 1625 1115 1695 ὑμετέρᾳ
1142 1626 1353 1694 ἀπωλείᾳ
1386 1623 1746 1690 ἐπιγελάσομαι,
1771 1646 1913 1674 κατα-

332 1711 361 1734 “
386 1711 618 1772 χαροῦμαι
659 1705 709 1757 δὲ
750 1707 885 1772 ἥνικα
927 1705 986 1758 ἂν
1023 1709 1212 1776 ἔρχηται
1250 1709 1356 1770 ὑμῖν
1394 1706 1603 1773 ὄλεθρος,
1642 1708 1717 1758 καὶ
1756 1708 1818 1761 ὡς
1856 1704 1915 1757 ἂν

333 1793 361 1816 “
386 1788 610 1856 ἀφίκηται
658 1790 765 1853 ὑμῖν
801 1789 939 1859 ἄφνω
979 1789 1194 1857 θόρυβος,
1235 1790 1263 1855 ἡ
1308 1788 1355 1841 δὲ
1393 1787 1704 1859 καταστροφὴ
1746 1789 1914 1852 ὁμοίως
1993 1800 2014 1855 ξ’

112 1874 209 1905 Rom.
228 1873 251 1905 ii
333 1877 362 1899 ‘⁶
568 1872 602 1922 ’δ
751 1872 816 1900 ‘'.”
1011 1876 1024 1890 ἱ
1088 1871 1099 1890 ἱ
1143 1874 1152 1889 ’
1391 1875 1411 1884 r-
1464 1877 1492 1900 ι(
1521 1872 1531 1887 ’
1610 1870 1623 1887 x
1714 1872 1729 1890 x
1852 1871 1868 1886 κ
1995 1858 2014 1890 ξΧ

114 1920 143 1958 8)
163 1929 192 1959 9.
255 1898 262 1906 ·
389 1893 572 1937 καταιγι
605 1894 618 1922 ι
643 1895 771 1938 παρῃ
857 1895 1027 1939 καρποι
1052 1875 1101 1923 δε
1127 1877 1438 1940 αποστροφης
1511 1894 1629 1939 οργη
1655 1894 1730 1923 και
1755 1875 1914 1935 θυμος,
1933 1893 2014 1940 202·ss

112 1975 201 2009 444
216 1974 267 2009 A.
296 1959 362 2008 a“
386 1953 554 2022 θλίψις
594 1956 670 2005 καὶ
707 1955 1023 2022 στενοχωριά”
1049 1955 1168 2007 κατὰ
1201 1955 1376 2010 παντὸς
1414 1955 1620 2006 ἐπέκεινα
1657 1959 1740 2005 τοῦ
1774 1976 1916 2005 κατα·
1995 1958 1997 1963 ’

337 2035 487 2087 κούειν
528 2035 758 2090 εἰωθότος.
826 2039 897 2088 δεῖ
932 2037 989 2098 δὴ
1031 2039 1111 2089 οὖν
1148 2038 1239 2104 ἄρα
1276 2037 1352 2089 καὶ
1395 2037 1504 2089 λίαν
1537 2037 1769 2101 ἀμελλητὶ
1809 2039 1918 2106 Θεῷ

337 2123 559 2169 καλοῦντι
602 2118 719 2185 πρὸς
769 2118 823 2170 τὸ
867 2120 1115 2189 συμφέρον
1158 2118 1359 2172 ἕπεσθαί
1397 2142 1447 2171 τε
1496 2123 1695 2186 γοργῶς,
1733 2119 1809 2170 καὶ
1859 2117 1919 2170 τὰ

338 2201 463 2270 αὐτῷ
497 2200 680 2267 θυμήρη
714 2208 947 2268 πληροῦν·
988 2205 1049 2256 ὡς
1077 2203 1131 2254 τό
1157 2225 1210 2269 γε
1235 2202 1388 2270 βραδὺ
1423 2204 1498 2253 καὶ
1530 2199 1743 2270 ῥᾴθυμον
1768 2204 1831 2256 εἰς
1863 2199 1918 2252 τὸ

388 2422 418 2445 2.
446 2410 503 2445 οὖν
521 2422 590 2445 om.
612 2410 653 2445 B.
703 2425 760 2445 σοι
777 2422 840 2456 pro
859 2425 924 2446 σου
943 2410 1034 2445 Edd.
1052 2410 1169 2445 invitis
1190 2409 1368 2445 omnibus.
1623 2421 1656 2455 3.
1681 2408 1812 2445 τούτοις
1828 2409 1871 2444 Α.
1882 2408 1918 2444 b.

339 2458 447 2504 τούτῳ
466 2457 556 2491 Edd.
607 2456 760 2503 ὀχήματα
776 2458 958 2503 ἀγερώχων
977 2458 1019 2492 Β.
1248 2469 1282 2500 4.
1307 2458 1340 2490 αἱ
1359 2461 1580 2501 assumptum
1599 2468 1640 2490 ex
1657 2456 1702 2491 A.
1716 2456 1750 2491 b.
1798 2457 1919 2501 ἕρημος

341 2507 403 2549 ἕσῃ
421 2508 487 2539 τῶν
503 2505 729 2550 ὀχυρωμάτων
745 2505 901 2539 τουτέστι
918 2509 1039 2550 τειχῶν
1056 2505 1098 2538 Α.
1113 2504 1148 2538 b.
1166 2508 1232 2539 τῶν
1248 2508 1369 2549 τειχῶν
1385 2504 1507 2548 ἕρημος
1524 2503 1586 2546 ἕσῃ
1606 2503 1698 2537 Edd.
1803 2513 1836 2548 5.
1861 2503 1919 2538 τὰς
1994 2508 1997 2533 1
2019 2501 2021 2507 ⁴

341 2554 459 2587 πόλεις
476 2552 639 2595 ἀνδράσιν
655 2553 793 2586 inverso
811 2551 932 2586 ordine
950 2553 994 2586 A.
1013 2552 1120 2586 invito
1135 2551 1169 2586 b.
1319 2550 1352 2585 6.
1379 2550 1536 2586 ἀπονοίας
1554 2551 1597 2584 A.
1609 2550 1646 2584 b.
1664 2550 1809 2586 ἐπινοίας
1829 2549 1918 2584 Edd.

345 2609 376 2645 7.
403 2601 460 2642 τῆς
476 2599 604 2642 ἀπάτης
620 2599 661 2633 τὰ
679 2599 815 2633 inverso
832 2599 952 2633 ordine
970 2599 1013 2632 A.
1028 2598 1062 2633 b.
1285 2597 1318 2632 8.
1344 2596 1512 2643 εἷδώλοις]
1532 2597 1645 2632 ἕδεσιν
1661 2598 1704 2631 Α.
1718 2597 1754 2632 b.
1802 2597 1919 2642 ἐξολο-

343 2645 566 2691 θρευθὴσεται
578 2646 621 2679 Α.
641 2646 750 2679 invito
763 2645 798 2680 b.
883 2657 896 2679 1
907 2657 936 2680 Ι.
963 2645 1014 2680 ὅτι
1033 2646 1140 2680 πάντα
1152 2645 1195 2680 Β.
1212 2646 1308 2680 ταυτὶ
1325 2644 1503 2688 σύμπαντα
1517 2645 1561 2677 Α.
1580 2643 1631 2678 ὅτι
1649 2644 1688 2688 δὴ
1705 2645 1813 2678 πάντα
1828 2642 1918 2678 Edd.

348 2705 401 2728 12.
426 2692 583 2726 τουτέστι
600 2693 641 2726 τὰ
658 2693 715 2736 τὴς
732 2693 789 2726 ἀπ.
809 2691 1001 2738 ἐγκλήματα
1017 2704 1087 2726 om.
1108 2692 1150 2727 B.
1404 2702 1457 2732 14.
1483 2690 1530 2726 εἷς
1546 2691 1584 2724 τὸ
1602 2691 1660 2725 ἀπ.
1678 2690 1738 2735 τὴν
1753 2690 1861 2735 ῥοπὴν
1876 2689 1919 2724 Α.

344 2741 403 2774 τὸν
418 2740 589 2785 λογισμὸν
607 2739 698 2774 Edd.
763 2740 866 2774 πάλιν
882 2751 951 2774 om.
969 2740 1013 2773 A.
1287 2746 1342 2781 15.
1366 2736 1508 2783 λόγους]
1528 2738 1605 2773 τοὺς
1621 2737 1720 2782 ἐμοὺς
1735 2739 1860 2782 λόγους
1878 2736 1920 2771 Β.

347 2788 444 2821 Haec
461 2786 640 2820 ἀλλὰ-οὖ
656 2786 860 2831 προσείχετε
877 2791 1099 2821 accesserunt
1115 2798 1156 2820 ex
1174 2786 1219 2820 A.
1271 2784 1397 2819 Statim
1413 2785 1585 2830 τοιγάρτοι
1603 2796 1665 2829 pro
1682 2786 1861 2829 τοιγαροῦν
1876 2783 1920 2818 A·

350 2844 403 2878 17.
429 2834 652 2878 ἐπιχαροῦμαι
672 2833 713 2867 Β.
732 2834 804 2878 (23.
823 2833 883 2877 al.)
1134 2844 1188 2878 19.
1213 2832 1402 2878 ἀφικνεῖται
1419 2832 1463 2865 A.
1513 2831 1632 2875 ὁμοίως
1651 2832 1695 2866 Α.
1714 2831 1813 2875 ὁμοία
1830 2828 1920 2865 Edd.

348 2891 402 2914 20.
429 2881 465 2913 δέ
483 2880 526 2914 A.
544 2882 610 2926 γὰρ
628 2879 686 2914 iid.
735 2878 855 2925 θυμὸς]
880 2883 915 2920 -1-
938 2880 990 2914 καὶ
1009 2880 1050 2914 Α.
1261 2890 1316 2914 21.
1346 2878 1442 2912 Haec
1459 2879 1541 2912 κατὰ
1557 2879 1681 2913 παντὸς
1697 2877 1846 2913 ἐπέκεινα
1862 2877 1920 2910 τοῦ

345 2926 537 2960 κατακούειν
554 2925 726 2972 εἰωθότος]
748 2927 805 2961 Sic
823 2926 927 2961 edidi.
946 2927 1029 2961 κατὰ
1045 2926 1169 2962 παντὸς
1186 2925 1335 2960 ἐπέκεινα
1351 2928 1411 2959 τοῦ
1428 2927 1596 2960 κατωκοῦν
1609 2924 1698 2971 (sic)
1709 2924 1864 2959 εἶωθότος
1876 2922 1920 2957 Α.

346 2984 364 3005 a
383 2985 451 3017 quo
469 2982 649 3053 agsxsumpm
666 2974 762 3009 haec.
984 2985 1039 3009 22.
1065 2974 1105 3018 δὴ
1123 2980 1156 3007 et
1172 2973 1236 3019 ἄρα
1254 2978 1435 3017 assumpta
1450 2984 1492 3006 ex
1510 2973 1553 3007 A.
1789 2982 1844 3015 24.
1870 2982 1919 3004 τοι

346 3031 407 3063 pro
428 3034 463 3066 γε
518 3047 525 3054 .
