2021 3434
289 202 373 240 466
684 200 731 240 B.
777 199 1052 240 CYRILLI
1095 200 1474 243 ALEXANDR.
1731 216 1769 242 v.
1797 200 1860 240 16.

290 308 538 373 εἰρημένων
574 309 795 371 πολέμων
830 312 1073 378 διαφυγεῖν
1111 310 1416 377 ἰσχύσαντας,
1447 315 1861 378 γνωσιμαχοῦντας

291 389 379 453 ἤδη
413 412 525 451 πως,
566 390 636 458 ἐφ’
675 390 741 444 οἷς
772 390 1032 455 ἠπάτηνται
1064 397 1316 453 μετανοεῖν,
1349 391 1510 442 εἰδέναι
1552 415 1601 442 τε
1639 395 1713 442 καὶ
1752 393 1863 454 ὁμο-

291 475 463 536 λογεῖν,
498 470 567 522 ὅτι
610 471 774 523 πολλὰ
819 475 891 524 καὶ
930 473 1162 524 δύσοιστα
1205 472 1659 538 πεπλημμεληκόσιν
1699 472 1858 536 ἐπενή-

292 575 443 602 νεκται
480 552 648 605 λοιπὸν
684 554 743 605 τὰ
778 556 827 605 ἐκ
866 556 988 609 θείας
1027 556 1182 621 ὀργῆς,
1211 553 1308 606 εἶτα
1338 560 1431 606 τῶν
1469 556 1594 606 ἰδίων
1630 557 1746 606 ἐθῶν
1779 554 1865 618 τὴν

292 634 616 701 ἐπανόρθωσιν
641 639 886 704 μονονουχὶ
926 639 1000 688 καὶ
1037 636 1507 703 κατεπαγγέλλεσθαι
1542 641 1607 706 τῷ
1639 640 1758 706 Θεῷ,
1791 637 1866 687 λε’-
1886 653 1909 691 5

291 739 462 781 γοντας
498 720 825 787 Μεμισήκαμεν
863 719 924 770 τὰ
961 719 1122 789 πονηρὰ
1162 727 1238 771 καὶ
1279 721 1579 787 ἠγαπήκαμεν
1617 718 1676 770 τέι
1716 718 1862 770 καλοί.

293 800 457 850 οὐκοῦν
483 801 522 851 ἓν
547 802 697 869 τρόπον
731 801 951 867 εἰρήκατε,
979 804 1115 870 φησὶ,
1143 803 1354 872 ζητήσατε
1387 800 1433 852 τὶ
1463 799 1599 852 κοιλόν
1631 804 1707 852 καὶ
1733 798 1794 868 μὴ
1821 798 1869 851 rb

294 883 469 954 πονηρέν,
489 885 564 935 ἵνα
591 887 665 935 καὶ
688 884 741 936 τὸ
767 886 816 936 εὖ
836 885 948 937 εἶναι
974 885 1220 953 κερδάνητε
1246 886 1407 953 ζῶντές
1432 908 1481 937 τε
1501 887 1575 936 καὶ
1600 884 1864 951 σωζόμενοι,

258 972 376 1019 enoc)
421 966 517 1035 μεθ’
561 967 675 1036 ὑμῶν
717 968 897 1033 γένοιτο
945 968 1092 1038 Κύριος
1134 974 1151 1020 ὁ
1196 967 1306 1022 Θεὸς
1346 969 1370 1018 ὁ
1408 966 1597 1019 πάντων
1633 967 1751 1035 ἔχων
1782 965 1867 1030 τὴν

296 1049 530 1117 ἐξουσίαν.
596 1052 1010 1110 ἀποκαταστήσατε
1058 1050 1105 1101 δὲ
1150 1052 1224 1101 καὶ
1275 1052 1311 1102 ἐν
1356 1049 1528 1105 πύλαις
1574 1053 1725 1121 κρῖμα,
1763 1071 1867 1099 του-
1896 1071 1945 1096 10

296 1130 465 1194 τέστιν,
511 1133 640 1198 ὀρθοὶ
683 1133 873 1198 γένεσθε
913 1134 1078 1199 κριταί·
1119 1132 1183 1196 μὴ
1227 1135 1396 1201 ψῆφον
1434 1132 1592 1183 ἄδικον
1636 1130 1871 1197 καταγρά-

298 1221 464 1282 φοντες
505 1219 599 1264 τῶν
638 1215 1003 1282 ἀσθενεστέρων·
1060 1215 1125 1279 μὴ
1175 1214 1260 1279 τὴν
1309 1221 1390 1265 τοῦ
1434 1215 1610 1265 δικαίου
1652 1235 1871 1279 παραση-

77 1313 183 1364 §upra
298 1297 539 1359 μαίνοντες
588 1296 793 1360 δύναμιν·
852 1297 967 1362 μήτε
1016 1297 1109 1361 μὴν
1159 1295 1500 1362 κονδυλίζοντες
1549 1300 1611 1351 εἷς
1660 1293 1871 1363 κεφαλὰς·

76 1368 110 1388 u'
131 1364 161 1397 7’
297 1384 517 1447 πτωχῶν·
557 1378 671 1444 μήτε
709 1379 818 1430 ὁδὸν
854 1383 1082 1431 ταπεινῶν
1119 1380 1417 1442 ἐκκλίνοντες,
1446 1379 1521 1430 ἵνα
1559 1376 1726 1429 λοιπὸν
1764 1399 1872 1428 κατ-

299 1463 447 1535 ελεήσῃ
483 1461 591 1516 Θεές
629 1461 734 1515 τοὺς
775 1464 823 1512 ἐκ
865 1467 959 1513 τῶν
1002 1462 1090 1526 ἤδη
1132 1466 1495 1526 συμβεβηκυιῶν
1534 1464 1872 1529 αἶχμαλωσιῶν
1899 1481 1946 1519 15

77 1558 164 1592 305
179 1556 228 1591 A.
261 1543 682 1613 ειπεριλειφθέντας
715 1543 772 1612 ἐξ
792 1544 974 1612 Ἰωσήφ.
1039 1545 1256 1608 σημαίνει
1287 1542 1334 1594 δὲ
1364 1542 1512 1595 πάλιν
1541 1543 1623 1594 τὸν
1647 1541 1872 1610 Ἐφραῒμ,

299 1625 400 1690 ἤτοι
427 1625 510 1681 τὰς
537 1627 644 1677 δέκα
670 1623 841 1694 φυλάς.
911 1627 972 1679 ὡς
997 1624 1091 1691 γὰρ
1121 1626 1209 1690 ἤδη
1243 1630 1477 1692 προεῖπον,
1503 1624 1657 1689 ἐπειδὴ
1682 1623 1873 1690 γε’γονεν

297 1708 354 1777 ἐξ
381 1707 547 1777 Ἰωσὴφ
582 1709 607 1759 ὁ
631 1708 857 1777 Ἐφραὶμ,
884 1707 1102 1776 ταύτῃτοι
1134 1709 1210 1758 καὶ
1247 1711 1313 1777 τῷ
1350 1713 1431 1758 τοῦ
1469 1706 1646 1774 πατρὸς
1682 1705 1874 1770 ὀνόματι

298 1791 585 1856 σημαίνεται.

374 1877 464 1924 Δεῖ
493 1873 550 1937 δὴ
588 1873 669 1924 οὖν
707 1874 798 1939 ἄρα
833 1877 1023 1942 φρονεῖν
1047 1872 1185 1937 ὀρθὰ,
1215 1873 1289 1923 καὶ
1315 1871 1399 1926 τὰς
1425 1874 1540 1926 ἰδίας
1564 1872 1695 1936 ἡμῶν
1720 1874 1868 1938 ἀπορ-
1901 1894 1950 1919 20

300 1959 412 2007 θοῦν
453 1956 666 2017 διανοίας,
709 1955 769 2009 ε’ίς
810 1979 862 2022 γε
907 1955 961 2006 τὸ
1006 1958 1170 2023 χρῆναι
1206 1954 1265 2006 τὰ
1304 1958 1412 2025 Θεῷ
1450 1955 1632 2021 θυμήρη
1671 1958 1874 2023 φρονεῖν,

300 2040 376 2089 καὶ
414 2042 671 2105 κατορθοῦν
706 2037 886 2104 ἀρετὴν,
914 2039 987 2089 καὶ
1021 2041 1115 2088 τῶν
1152 2039 1235 2101 τῆς
1273 2036 1566 2101 δικαιοσύνης
1600 2035 1877 2105 ἀντέχεσθαι

301 2118 502 2187 τρόπων,
550 2122 625 2171 καὶ
674 2119 924 2186 ὀρθότητος
973 2118 1086 2170 εἶναι
1136 2118 1318 2187 σοφοὺς
1368 2118 1661 2183 ἐπιμελητάς·
1713 2118 1878 2187 ἕξομεν

301 2202 395 2270 γὰρ
443 2204 564 2254 οὕτω
609 2202 815 2253 συνόντα
854 2225 903 2253 τε
954 2205 1028 2253 καὶ
1077 2200 1428 2268 προασπίζοντα
1477 2200 1560 2252 τὸν
1610 2205 1704 2252 τῶν
1751 2200 1880 2253 ὅλων

304 2284 442 2337 Θεόν.
1904 2302 1953 2338 25

262 2405 289 2446 b

244 2466 288 2501 16
308 2459 386 2500 Διά
422 2461 544 2500 τοῦτο
579 2458 680 2500 τάδε
717 2458 829 2505 λέγει
868 2458 1014 2515 Κύριος
1046 2458 1069 2499 ὁ
1101 2456 1210 2499 Θεὸς
1233 2458 1255 2498 ὁ
1282 2454 1687 2513 ΠαντοκράτωρἘν
1725 2456 1879 2498 πάσαις

373 2542 594 2584 Πλατείαιε
629 2541 820 2592 κοπετὸο,
857 2541 924 2582 καὶ
960 2542 1004 2582 ὲν
1039 2542 1194 2583 Πάσαιε
1231 2537 1347 2582 ὁδοῖο
1385 2541 1614 2597 ῥΗθιὶισεται
1644 2539 1739 2581 οὐαὶ
1769 2537 1877 2580 οὐαί·

359 2697 387 2720 1.
413 2688 702 2731 γνωσικακοῦντας
721 2684 800 2729 (sic)
820 2685 863 2718 A.
1097 2696 1130 2726 4.
1155 2684 1237 2717 κατὰ
1254 2694 1317 2728 pro
1335 2683 1370 2716 ἐκ
1388 2682 1430 2716 A.
1481 2681 1569 2725 ἠθῶν
1586 2682 1629 2716 A.
1680 2680 1804 2715 Statim
1822 2680 1881 2724 τὴν

308 2733 540 2778 ἐπανόρθωσιν
555 2732 733 2777 μονονουχὶ
751 2733 803 2765 καὶ
820 2745 934 2766 κατ-επ.
951 2733 997 2777 τῷ
1013 2733 1086 2776 Θεῲ
1099 2730 1166 2764 hoc
1182 2730 1302 2764 ordine
1319 2729 1388 2776 [καὶ
1406 2735 1439 2763 et
1456 2732 1502 2775 τῷ
1517 2734 1695 2774 assumpta
1707 2739 1747 2762 ex
1761 2725 1821 2772 A.]
1835 2727 1880 2761 A.

310 2783 368 2822 τὴν
386 2780 617 2825 ἐπανόρθωσιν
637 2785 715 2824 post
740 2793 923 2823 κατεπαγγ.
941 2784 1072 2822 transp.
1093 2777 1133 2812 B.
1153 2783 1231 2822 post
1249 2779 1323 2822 Θεῴ
1343 2775 1434 2809 Edd.
1603 2775 1636 2809 6.
1662 2773 1881 2819 ἠγαπήσαμεν

311 2826 402 2860 Edd.
572 2837 623 2860 10.
651 2826 686 2860 δέ
703 2829 925 2870 assumptum
943 2837 984 2858 ex
1001 2825 1092 2858 AB.
1256 2835 1309 2857 11.
1333 2824 1456 2868 ψόφον
1473 2823 1515 2856 A.
1677 2832 1728 2866 17.
1754 2821 1798 2856 ὡς
1813 2821 1880 2866 γὰρ

309 2873 368 2915 ἤδη
386 2875 559 2918 προεῖπον,
578 2872 708 2918 ἐπειδὴ]
728 2873 839 2916 ἐπειδὴ
856 2873 922 2918 γὰρ
941 2871 1032 2905 Edd.
1165 2881 1220 2905 20.
1247 2870 1285 2914 δὴ
1304 2882 1373 2904 om.
1391 2871 1435 2903 A.
1485 2869 1568 2912 ἡμᾶς
1584 2868 1641 2902 Α..
1759 2878 1813 2900 21.
1839 2868 1879 2900 τὰ

311 2918 402 2964 Θεῷ]
421 2922 466 2965 τῷ
486 2922 558 2964 Θεῷ
577 2920 617 2953 τὰ
635 2920 678 2953 Α.
868 2918 923 2952 26.
948 2916 1090 2963 πάσαις]
1114 2922 1151 2959 -Ι-
1171 2919 1242 2952 ταῖς
1259 2916 1350 2951 Edd.
1370 2916 1491 2961 (Vat.)
1509 2917 1581 2951 ταῖς
1596 2927 1666 2949 om.
1688 2914 1727 2948 Β.
1747 2914 1878 2958 (Alex.)

310 2977 447 2999 erasum
464 2972 515 2999 est
533 2967 567 2999 in
586 2966 629 2999 A..
774 2976 827 3009 27.
845 2964 985 3010 πάσαις]
1011 2970 1047 3005 -ὗ-
1068 2967 1140 3000 ταῖς
1158 2963 1247 2998 Edd.
1268 2963 1377 3007 (Vat.)
1396 2963 1511 2996 invitis
1529 2962 1618 2996 AB.
1637 2961 1755 3006 (Alex.
1772 2960 1878 3005 XII.)

309 3011 510 3056 ῥηθήσεται]
531 3012 717 3056 θρηνήσατε
737 3014 778 3045 Α.
798 3012 861 3056 (cf.
884 3011 979 3056 114.)
1031 3012 1155 3045 Statim
1173 3011 1245 3044 οὐαὶ
1263 3010 1358 3054 prius
1376 3021 1442 3043 om.
1465 3009 1505 3042 Β.
