2021 3434
321 184 406 224 504
693 184 742 225 Β.
783 183 1060 225 CYRILLI
1101 184 1483 226 ALEXANDR.
1642 185 1713 227 vii.
1740 198 1805 235 12,
1830 197 1893 239 13.

319 295 567 358 προσῆγον
594 293 805 363 Πιλάτιρ,
830 293 913 347 τὰς
947 299 1028 345 τοῦ
1061 294 1240 363 φθόνου
1274 294 1463 362 φλόγας
1495 298 1556 349 εἷς
1587 301 1695 346 νοῦν
1718 293 1896 356 λαβόν-

94 381 245 455 {3503-
318 395 392 426 τες
442 376 484 423 οἱ
534 375 739 438 δείλαιοι,
791 377 866 426 καὶ
916 374 972 439 δὴ
1024 377 1100 426 καὶ
1151 375 1364 444 ἔφασκον
1408 383 1434 405 ‘⁶
1452 375 1569 426 Ἐὰν
1617 375 1682 440 μὴ
1731 382 1897 427 τοῦτον

155 448 162 455 ’
227 449 234 456 ’
319 461 347 484 “
374 456 659 523 ἀποκτείνῃς,
686 457 768 507 οὐκ
803 455 844 507 εἶ
875 458 1016 525 φίλος
1049 462 1132 508 τοῦ
1167 457 1454 523 Καίσαρος.”
1518 455 1603 507 ἶσα
1632 458 1786 509 τοίνυν
1820 459 1896 508 καὶ

273 536 446 602 dvx-apo}
479 537 671 589 πάντων
703 540 771 589 ἀεὶ
805 543 900 589 τῶν
936 542 994 607 τῇ
1030 540 1243 608 εὐσεβείᾳ
1274 539 1550 606 μαχομένων
1575 537 1635 588 τὰ
1660 538 1778 590 κατὰ
1802 544 1896 590 τῶν

317 620 463 684 ἁγίων
506 619 789 684 τολμήματα
830 619 907 671 διὰ
955 625 1049 672 τῶν
1100 620 1271 684 ὁμοίων
1315 618 1660 688 ἐγχειρημάτων
1702 620 1894 689 ἔρχεται,
1916 635 1937 672 5

315 704 533 769 πανταχῆ
572 707 655 753 τοῦ
694 701 897 771 ψεύδους
936 708 1189 757 νοσοῦντος
1227 701 1281 753 τὸ
1318 703 1502 754 ἄναλκι.

252 943 295 967 12
321 930 396 972 Καὶ
429 927 545 974 εἶπεν
573 933 781 982 Ἀμασίας
818 933 926 991 Πρὸς
951 934 1096 983 Ἀμώς
1125 933 1181 976 ‘O
1217 934 1333 991 ὁρῶν
1373 933 1519 992 βάδιζε,
1553 932 1799 991 ἐκχώρΗσον
1836 932 1896 977 εἰς

251 1025 297 1060 13
385 1020 456 1062 Γιῖιν
484 1016 640 1068 Ἰούδα,
676 1018 745 1058 καὶ
775 1014 862 1058 ἐκεῖ
895 1016 1105 1068 καταβίου,
1151 1018 1218 1058 καὶ
1256 1014 1343 1058 ἐκεῖ
1383 1018 1712 1074 ΠροφΗτι-ῑύσεις·
1754 1015 1813 1058 εἰς
1849 1017 1895 1059 δὲ

387 1098 547 1141 Βαιθέιλ
585 1101 660 1141 οὐκ
697 1102 759 1143 ἔτι
793 1102 848 1150 μή
889 1105 1079 1159 Προσθιῇς
1115 1105 1424 1158 ΠροφΗτεῦσαι,
1461 1103 1523 1144 ὅτι
1563 1100 1746 1150 ἁΓίασμα
1784 1110 1897 1151 βασι-

384 1182 495 1224 λέως
522 1183 622 1235 ἐστὶ,
651 1183 719 1225 καὶ
746 1180 862 1225 οἶκος
890 1184 1104 1234 βασιλείας
1131 1184 1258 1227 ἐστίν.
1921 1186 1968 1211 ¹0
2010 1206 2013 1212 ·

279 1328 300 1354 e
391 1308 725 1379 Ἀναισχυντεῖ
759 1311 928 1364 λοιπὸν
967 1315 1185 1379 ἐναργῶς,
1228 1315 1303 1364 καὶ
1347 1317 1442 1367 τοῖς
1482 1314 1618 1367 θείοις
1655 1313 1898 1383 ἀντεξάγει

319 1389 481 1456 λόγοις
511 1396 593 1457 τῆς
626 1396 788 1445 ἑαυτοῦ
821 1396 1085 1455 βασκανίας
1115 1394 1199 1456 τὴν
1237 1394 1442 1464 ἔνδειξιν·
1484 1395 1663 1464 ὁρῶντας
1693 1395 1779 1459 μὲν
1803 1396 1897 1464 γὰρ

319 1471 426 1527 τοὺς
466 1475 715 1541 προφήτας
755 1474 966 1540 ἐκάλουν,
1011 1475 1142 1541 πλὴν
1186 1477 1268 1528 οὐκ
1312 1476 1523 1545 ἀξιώσας
1562 1476 1665 1528 οὐδὲ
1708 1481 1775 1547 τῷ
1815 1481 1897 1543 τῆς

319 1557 609 1623 προφητείας
659 1556 852 1621 ὀνόματι
900 1557 1265 1621 κατασεμνύνειν
1313 1556 1469 1617 αὑτὸν,
1510 1557 1619 1609 ἀλλ’
1662 1559 1896 1614 οἱονείπως

320 1639 382 1691 ὡς
420 1642 514 1688 τῶν
547 1638 910 1706 ψευδομάντεων
951 1638 1032 1691 ἕνα
1071 1640 1408 1705 διαβεβληκὼς,
1450 1641 1659 1711 ἐκχωρεῖν
1695 1639 1896 1693 ἐκέλευεν
1919 1662 1964 1701 15
2013 1693 2015 1700 s

321 1724 381 1774 εἰς
415 1719 494 1785 γῆν
527 1719 683 1773 ’1063‘ae
745 1723 1016 1788 προστιθεὶς
1047 1721 1095 1773 δὲ
1128 1722 1182 1773 τὸ
1207 1725 1332 1774 Ἐκεῖ
1368 1724 1612 1786 καταβίου,
1649 1726 1901 1792 μονονουχί

320 1805 473 1869 φησιν
491 1807 550 1854 Εἰ
577 1804 839 1868 λημμάτων
864 1808 1077 1872 αἰσχρῶν
1103 1806 1302 1873 ἐφίεσαι,
1332 1807 1407 1856 καὶ
1433 1806 1483 1856 ἐκ
1508 1811 1591 1856 τοῦ
1616 1804 1893 1875 κατεπᾴδειν

98 1901 184 1935 328
198 1900 247 1935 A.
280 1886 417 1935 ειτισὶ
441 1884 657 1951 ῥημάτια,
684 1885 744 1937 τὰ
776 1884 895 1953 πρὸς
927 1886 1010 1938 τὸν
1043 1887 1149 1948 βίον
1175 1886 1387 1954 χρήσιμα
1419 1885 1564 1952 ζητεῖς
1597 1887 1896 1955 ἐρανίζεσθαι,

319 1963 404 2029 τὴν
429 1966 694 2034 Σαμάρειαν
720 1970 854 2034 ἀφεὶς
887 1967 1023 2020 λάλει
1055 1973 1149 2024 τοῖς
1174 1970 1223 2020 ἐκ
1249 1972 1406 2036 φυλῆς
1430 1968 1599 2033 Ἰούδα,
1625 1972 1700 2021 καὶ
1726 1973 1769 2021 οὐ
1793 1994 1895 2040 προ-

320 2048 549 2116 φητεύσεις
606 2051 654 2101 ἐν
709 2049 891 2109 Βαιθήλ·
940 2052 1165 2120 &sylaeo-luae
1213 2050 1307 2117 γὰρ
1353 2051 1588 2110 βασιλέως
1651 2053 1756 2104 εἷο-τί.
1842 2051 1895 2104 τὸ
1918 2075 1965 2100 20
2014 2101 2015 2107 ,

318 2132 543 2198 ‹Scylace-lud
577 2136 741 2202 φησιν,
777 2135 879 2184 ἀντὶ
915 2139 999 2185 τοῦ
1037 2132 1266 2198 ἀνάθημα,
1305 2134 1451 2200 ἤγουν
1487 2133 1784 2198 ἀναθήματος
1819 2134 1897 2185 τό-

317 2239 422 2271 πος.
486 2218 581 2269 ἐκεῖ
612 2216 705 2286 γὰρ
750 2218 970 2283 ἀνέθηκεν
1007 2218 1032 2268 ὁ
1065 2223 1250 2284 πρῶτος
1287 2217 1536 2284 Ἰεροβοὰμ
1572 2217 1658 2284 τὴν
1695 2218 1897 2282 δάμαλιν

318 2297 404 2363 τὴν
446 2303 646 2367 χρυσῆν.
713 2300 960 2369 ἀναφέρων
1002 2299 1050 2352 δὲ
1092 2298 1255 2367 ὥσπερ
1292 2306 1374 2352 τοῦ
1415 2299 1676 2370 Προφήτου
1715 2299 1769 2352 τὸ
1811 2300 1892 2367 ἔγ-

318 2388 479 2448 κλημα
505 2386 581 2435 καὶ
614 2389 676 2438 εἷς
712 2383 798 2449 τὴν
831 2390 913 2435 τοῦ
944 2390 1222 2451 κρατοῦντος
1248 2384 1399 2449 τιμὴν,
1426 2384 1555 2448 οἶκος,
1584 2386 1719 2453 φησὶ,
1746 2387 1890 2446 βασι-

318 2467 447 2521 λείας
473 2467 579 2518 ἔστί.
646 2465 710 2518 σὺ
746 2466 793 2518 δὲ
828 2472 1020 2535 συγχεῖς
1051 2466 1110 2519 τὰ
1144 2465 1396 2530 βασιλικὰ,
1432 2466 1662 2533 θορύβους
1699 2467 1893 2534 ἐγείρεις,
1917 2487 1964 2525 25
2015 2511 2017 2514 .

372 2630 401 2654 1.
428 2619 474 2656 εἷς
491 2622 569 2654 νοῦν
584 2621 748 2661 λαβόντες
764 2633 835 2655 om.
853 2621 897 2655 A.
1135 2631 1168 2667 5.
1193 2620 1407 2667 τολμήματα]
1432 2625 1469 2662 4-
1489 2635 1543 2655 και
1561 2620 1652 2656 Edd.
1670 2621 1787 2656 invitis
1805 2621 1847 2655 A.
1852 2621 1894 2655 Β.

320 2666 354 2700 6.
379 2669 552 2712 πανταχοῦ
565 2667 624 2702 iid.
676 2667 801 2702 Statim
818 2671 878 2702 τοῦ
896 2674 1118 2713 assumptum
1130 2681 1170 2703 ex
1186 2668 1229 2703 B.
1278 2671 1324 2749 τῷ
1341 2668 1477 2702 ἀναλκει
1488 2668 1568 2712 (Sic)
1579 2668 1623 2702 A.
1720 2677 1751 2714 7.
1767 2667 1893 2713 Ἀμώς]

325 2717 363 2753 —4-
382 2713 493 2758 λέγων
512 2714 548 2748 F.
568 2714 659 2748 Edd.
679 2714 785 2760 (Co.)
834 2717 852 2749 ὁ
869 2727 939 2749 om.
958 2716 1002 2750 A.
1020 2722 1060 2750 ut
1083 2727 1187 2760 supra
1205 2715 1311 2761 247b
1374 2713 1585 2760 ἐκχώρησον]
1610 2720 1647 2755 -4-
1669 2730 1714 2749 συ
1735 2714 1822 2749 Edd.
1841 2727 1896 2748 ln-

322 2760 400 2794 vitis
418 2761 462 2794 A.
468 2760 509 2794 B.
528 2761 643 2803 (Alex.
663 2761 765 2805 XII.)
784 2761 827 2796 cf.
846 2773 961 2806 supra.
1151 2774 1183 2806 9.
1212 2763 1256 2807 μὴ
1275 2769 1496 2807 assumptum
1514 2773 1554 2795 ex
1573 2762 1616 2795 A.
1623 2761 1665 2796 B.
1671 2761 1802 2817 (Alex.
1821 2760 1895 2795 XII

323 2806 385 2840 sed
410 2807 581 2852 erasum.)
647 2807 772 2842 Statim
789 2808 1002 2853 προσθήσεις
1018 2808 1110 2843 Edd.
1129 2778 1352 2853 (Vat.⁷¹X11.)
1419 2809 1504 2842 Post
1522 2808 1557 2842 h.
1577 2820 1608 2842 v.
1626 2810 1686 2842 τοῦ
1702 2807 1782 2842 add.
1802 2807 1895 2842 Edd.

323 2852 439 2888 invitis
456 2854 499 2887 A.
506 2853 546 2887 B.
696 2866 749 2889 12.
774 2856 899 2889 ἑαυτῶν
916 2854 1007 2889 Edd.
1025 2862 1104 2889 ante
1123 2856 1256 2901 Migne.
1305 2857 1451 2898 ὁρῶντας
1466 2855 1528 2899 μὲν
1543 2855 1608 2900 γὰρ
1625 2855 1703 2890 τοὺς
1717 2853 1896 2899 προφήτας

323 2898 463 2934 ἐκάλουν
480 2901 523 2934 A.
529 2901 570 2935 B.
589 2903 717 2945 ὁρῶντα
733 2902 793 2945 μὲν
808 2902 874 2947 ’γὰρ
891 2903 949 2936 τὸν
964 2902 1143 2947 προφήτην
1159 2902 1271 2936 ἐκάλει
1289 2901 1380 2937 Edd.
1612 2912 1663 2943 14.
1689 2900 1894 2943 κατασεμνύ-

324 2959 379 2980 νας
396 2945 455 2980 iid.
644 2959 695 2995 15.
720 2949 977 2994 ψευδομαντίων
993 2949 1051 2983 iid.
1069 2956 1148 2983 ante
1167 2949 1300 2994 Migne.
1479 2948 1531 2983 16.
1556 2950 1658 2992 μόνον
1673 2948 1738 2993 γὰρ
1755 2947 1831 2992 οὐχὶ
1853 2948 1893 2982 A.

327 2991 380 3026 18.
405 2991 535 3036 ῥήματα
552 2994 594 3027 Α.
832 3006 886 3030 20.
910 2996 976 3041 γὰρ
993 3008 1062 3030 om.
1082 2997 1125 3030 A.
