2021 3434
126 167 194 208 vii.
225 182 287 224 13,
316 183 377 221 14.
570 170 643 211 IN
685 171 918 212 OSEAM.
979 171 1127 212 TOM.
1162 171 1239 210 IV.
1616 168 1696 206 163

126 276 228 328 οὐδὲ
252 276 337 341 τὴν
361 282 525 343 πεῖραν
551 278 693 341 αὐτὴν
719 280 1082 344 δεδυσώπηνται,
1110 276 1323 344 σκληρόν
1349 300 1397 328 τε
1425 278 1498 328 καὶ
1526 276 1697 342 ἄθραυ-

125 381 244 409 στον
269 362 343 410 καὶ
369 358 494 411 πολὺ
521 366 750 411 νοσοῦντα
776 361 828 412 τὸ
853 361 1034 416 ἀπειθὲς
1060 361 1239 428 ἔχοντες
1268 365 1387 411 νοῦν.

125 575 231 616 Οὐαὶ
264 574 419 627 αὐτοῖς,
447 579 510 619 ὅτι
538 579 819 620 αΠεΠύδΗσαν
851 579 916 619 ἀπ’
950 579 1060 627 ἐμοῦ·
1100 578 1280 619 ὃείλαιοί
1307 577 1422 628 εἰσιν,
1451 580 1515 620 ὅτι
1548 578 1698 627 ιἰσέῑβΗ-
1724 598 1768 632 13

189 676 266 702 σαν
293 659 352 703 εἰς
378 662 466 710 ἐμὲ.

82 795 103 833 5
189 774 304 826 “Ort
329 775 572 845 πρόφασις
599 778 751 830 αὐτοῖς
785 782 877 828 τῶν
905 780 1064 827 δεινῶν
1087 775 1141 827 τὸ
1169 778 1433 839 ἀποστῆναι
1461 780 1598 838 Θεοῦ,
1625 778 1700 827 καὶ

123 855 198 906 διὰ
231 857 408 908 τούτων
439 859 547 922 ἡμῖν
581 861 864 923 καθίστησιν
901 859 1100 925 ἐναργές.
1166 857 1307 924 ὅνπερ
1340 857 1432 924 γὰρ
1457 859 1634 923 τρόπον
1660 863 1700 909 οἱ
1721 887 1742 910 a,
1771 877 1844 910 114
1857 876 1908 910 A.

122 940 470 1006 ἀρῥωστοῦντες
510 946 802 1004 σωματικῶς,
844 941 1018 994 ἑαυτοῖς
1062 940 1297 1006 παραίτιοι
1338 938 1582 1005 γεγονότες
1620 943 1701 1003 τῆς

120 1026 214 1072 τῶν
256 1021 536 1086 νοσημάτων
573 1023 847 1088 ἀγριότητος
886 1024 1043 1074 ἁλοῖεν
1081 1022 1150 1085 ἂν,
1186 1026 1223 1073 εἷ
1262 1021 1326 1086 μὴ
1365 1024 1702 1090 παραδέχοιντο

119 1102 226 1156 τοῦς
270 1103 464 1170 ἰατροὺς,
506 1107 580 1155 καὶ
621 1105 678 1156 τὰ
720 1105 774 1156 δι’
820 1104 884 1156 ὧν
923 1104 980 1156 ἂν
1025 1104 1211 1156 δυ’ναιτο
1250 1104 1610 1171 κατευνάζεσθαι
1647 1105 1702 1156 τὸ

56 1211 102 1235 ]ο
120 1191 314 1248 λυποῦν,
339 1187 458 1237 οὕτω
496 1190 572 1238 καὶ
610 1188 738 1251 ἡμεῖς
768 1191 850 1252 τῆς
881 1192 941 1241 εἰς
974 1187 1098 1238 Θεὸν
1132 1186 1318 1253 ἀγάπης
1355 1185 1543 1240 ἑαυτοὺς
1569 1189 1698 1238 ἐκκο-

119 1267 338 1333 μίζοντες,
387 1270 441 1319 οὐ
489 1271 684 1335 μετρίως
733 1269 1031 1334 ἀδικήσομεν.
1107 1269 1246 1336 σώζει
1296 1268 1390 1335 γὰρ
1440 1268 1572 1320 οὐδὲν
1621 1269 1703 1321 τὸν

119 1350 478 1417 προσκρούοντα
504 1355 623 1420 Θεῷ.
688 1351 758 1402 ὅτι
796 1352 949 1402 τοίνυν
988 1349 1401 1418 ἀποδεδραμήκασι
1429 1354 1568 1414 Θεοῦ,
1592 1351 1703 1402 ταύ-

119 1456 249 1502 τῃτοι
281 1429 463 1484 δείλαιοι
500 1436 573 1484 καὶ
607 1432 840 1500 ἐπάρατοι·
896 1433 1298 1497 δεδυσσεβηκότες
1344 1432 1406 1491 δὲ,
1450 1433 1581 1499 διάγε
1619 1439 1702 1484 τοῦ

119 1519 400 1582 προσκυνεῖν
433 1521 530 1569 τοῖς
569 1517 889 1584 ψευδωνύμως
921 1519 1039 1570 θεοῖς
1079 1518 1155 1566 καὶ
1196 1515 1417 1567 ἀνάπτειν
1456 1516 1609 1569 αὐτοῖς
1647 1514 1700 1566 τὸ
1719 1528 1744 1568 b

58 1622 102 1657 15
122 1598 284 1661 σεβας,
312 1599 637 1649 ὑποκείσονται
674 1602 740 1668 τῷ
777 1602 886 1650 οὐαί.
957 1606 982 1628 “
1002 1597 1117 1649 Ἐὰν
1151 1597 1244 1664 γὰρ
1278 1598 1446 1665 κλείσῃ
1472 1597 1589 1648 κατὰ
1621 1600 1700 1648 ἀν-
1763 1607 1861 1636 HM*-

1761 1662 1815 1681 XII.
1840 1661 1848 1680 1
1880 1674 1885 1679 .

123 1688 149 1710 ‘⁶
174 1680 362 1748 θρώπου
388 1680 521 1743 Θεὸς,
548 1681 614 1734 τίς
639 1681 811 1750 ἀνοίξει
826 1682 865 1740 ;”
908 1679 1026 1731 κατὰ
1052 1679 1105 1731 τὸ
1130 1680 1469 1746 γεγραμμένον.
1857 1664 1875 1688 4

113 1886 230 1934 ’Ξῖ-ὼ
267 1887 312 1928 δὲ
348 1887 658 1944 ὲλυτρωσάμΗν
696 1888 862 1938 αὐτοὺς,
901 1887 1021 1929 αὐτοὶ
1059 1887 1104 1928 δὲ
1144 1888 1442 1928 κατελάλΗσαν
1479 1887 1562 1927 κατ’
1599 1887 1701 1934 ἐμοῦ

186 1971 334 2021 ψευδῆ,
372 1973 439 2013 καὶ
476 1973 550 2012 οὐκ
583 1973 768 2022 ὲβόΗσαν
808 1972 914 2029 Πρὸς
954 1972 1004 2020 μὲ
1049 1970 1090 2012 αἰ
1135 1971 1303 2028 καρδίαι
1346 1971 1500 2021 αὐτῶν,
1539 1971 1627 2011 ἀλλ’
1673 1970 1696 2011 ιῖ
1723 1986 1765 2018 14

185 2055 396 2112 ὠλόλυζον
437 2056 480 2096 ἐν
522 2054 611 2098 ταῖς
663 2057 821 2098 κοίταις
871 2056 1023 2097 αὐτῶν·
1075 2056 1143 2096 ἐπὶ
1184 2055 1286 2108 σίτῳ
1337 2056 1403 2096 καὶ
1453 2052 1558 2108 οἴνῳ
1602 2070 1699 2095 κατ-

88 2162 102 2185 )
186 2141 426 2187 ετέμνοντο.

183 2248 299 2301 (Ότι
332 2256 426 2304 τοῖς
456 2250 656 2302 ἑκάστου
690 2251 1098 2316 πλημμελήμασιν
1126 2250 1397 2316 ἱσομέτρους
1430 2247 1590 2314 ἐπάγει
1616 2246 1698 2302 τὰς

119 2333 260 2395 δίκας,
295 2333 570 2401 ὑπεμφαίνει
610 2333 771 2385 πάλιν.
842 2334 1144 2400 κατειρήκασι
1184 2331 1278 2398 γὰρ
1319 2336 1401 2381 τοῦ
1440 2337 1693 2396 λυτρωσα-
1715 2355 1736 2381 c

118 2414 255 2477 με’νου
292 2418 429 2478 Θεοῦ,
462 2417 537 2466 καὶ
575 2416 632 2484 ἐξ
665 2415 791 2467 οἴκου
830 2416 1041 2469 δουλείας
1076 2413 1389 2483 ἐξαγηοχότος
1415 2419 1441 2442 “
1461 2414 1546 2463 Ἐν
1579 2414 1696 2481 χειρὶ
1758 2443 1810 2473 ps,

1756 2497 1873 2517 CXXXV.

118 2504 145 2524 ‘⁶
171 2501 368 2566 κραταιᾷ
392 2499 468 2548 καὶ
499 2499 546 2548 ἐν
581 2499 798 2565 βραχίονι
821 2499 1032 2567 ὑψηλῲ,”
1062 2495 1181 2548 καθὰ
1206 2496 1483 2562 γέγραπται,
1514 2496 1589 2545 καὶ
1614 2498 1695 2559 τῆς
1760 2540 1808 2562 η,

0 2602 1 2607 ’
54 2600 99 2638 25
121 2580 389 2643 Αἰγυπτίων
425 2581 698 2648 πλεονεξίας
736 2578 1094 2643 ἐκκεκομικότος.
1164 2578 1486 2637 amendam-av
1526 2576 1574 2627 δὲ
1614 2580 1696 2641 τῆς

118 2659 258 2728 δόξης
283 2661 437 2723 αὐτοῦ,
467 2660 548 2714 τὰς
583 2660 696 2727 ὑπὲρ
731 2658 795 2711 ὧν
827 2659 884 2711 ἂν
909 2661 958 2711 εὖ
988 2660 1179 2711 πάθοιεν
1206 2659 1434 2728 εὐφημίας
1457 2663 1553 2712 τοῖς
1578 2661 1694 2710 ἀκα-

168 2796 198 2819 1.
225 2785 392 2831 σκληρόν]
412 2787 536 2831 κληρόν
553 2785 745 2819 Aubertus.
953 2794 985 2827 5.
1012 2783 1080 2830 ὅτι]
1101 2784 1156 2818 ὅτε
1176 2783 1265 2818 Edd.
1285 2791 1363 2818 ante
1382 2784 1514 2830 Migne.
1566 2785 1692 2821 Statim

117 2833 294 2877 πρόφασιν
313 2833 392 2876 (Sic)
412 2833 455 2866 D.
563 2833 596 2866 8.
622 2830 854 2876 παραδέχοντο
873 2830 964 2865 Edd.
1060 2843 1093 2877 9.
1121 2831 1272 2866 δύναιντο
1289 2831 1348 2866 iid.
1446 2843 1499 2867 ΙΙ.
1525 2832 1692 2877 ἀδικήσω-

117 2893 178 2921 μεν
195 2878 255 2913 iid.
456 2888 508 2924 17.
536 2879 571 2912 δὲ
590 2879 685 2922 prius
703 2889 773 2912 om.
794 2878 839 2911 D.
859 2877 955 2921 (CO.)
1005 2878 1073 2912 κατ’
1093 2889 1161 2912 om.
1183 2878 1219 2912 F.
1422 2890 1474 2924 19.
1500 2879 1552 2925 ἐν]
1572 2880 1626 2914 ἐπὶ
1645 2881 1693 2914 D.

119 2925 220 2967 (XII.
239 2937 280 2959 ex
300 2937 387 2959 corr.
406 2937 530 2959 manus
548 2925 720 2970 antiquae.
740 2936 796 2970 49,
815 2925 873 2967 al.)
1176 2925 1229 2960 26.
1257 2924 1296 2958 ἂν
1313 2937 1382 2960 om.
1403 2925 1448 2961 D.
1498 2924 1532 2961 εὖ
1550 2927 1693 2962 accessit

120 2983 160 3005 ex
182 2971 272 3006 B.D.
324 2972 448 3006 Statim
465 2971 566 3006 πάθοι
587 2972 631 3005 D.

873 3039 943 3067 Yz
