2021 3434
126 200 181 242 vi.
203 214 245 257 3,
266 214 307 254 4.
519 203 595 245 IN
635 203 1022 245 MICHAEAM.
1080 202 1233 245 TOM.
1263 201 1326 244 ΙΙ.
1613 201 1696 241 695

125 317 372 380 λαμπρῶς,
414 317 490 366 καὶ
538 319 601 369 εἷς
643 314 786 382 ἄκρον
835 315 959 379 ἥκειν
1001 313 1242 380 εὐημερίας
1292 313 1368 363 καὶ
1418 308 1575 379 δόξης·
1643 310 1698 359 οὐ

125 394 315 461 μετρίαν
363 395 412 448 δὲ
461 395 584 465 τάχα
635 400 710 448 καὶ
763 396 906 460 αὐτὴν
951 394 1138 459 ποιήσει
1192 394 1279 458 τὴν
1329 391 1568 456 καταβοὴν
1614 393 1698 454 τῆς

127 478 399 543 ἱερουργίας·
440 477 531 545 ἐγὼ
562 478 646 542 μὲν
680 477 772 545 γὰρ
806 478 995 546 κε’χρικα
1019 476 1102 528 τὸν
1125 474 1304 546 Ἀαρὼν,
1328 477 1403 526 καὶ
1440 472 1699 538 μεσιτεύειν

124 559 430 627 προστέταχα
447 564 554 630 Θεῷ
580 562 654 612 καὶ
681 562 800 624 ὑμῖν,
818 563 892 611 καὶ
918 565 1018 614 ταῖς
1042 560 1090 610 ἐν
1107 557 1240 627 τύπῳ
1260 558 1443 610 θυσίαις
1463 555 1697 619 ἐκμειλίσ-
1717 575 1740 602 e

3 652 7 666 ⁸
65 656 107 695 -5
126 645 300 691 σεσθαι
322 640 459 693 Θεόν.
527 641 798 709 ἀσχάλλετε
823 641 873 693 δὲ
898 643 972 693 καὶ
995 640 1113 708 πρὸς
1137 646 1274 691 τοῦτο
1298 639 1432 690 αὐτοί
1450 659 1462 700 ;
1504 638 1553 688 τί
1576 637 1613 688 δ’
1642 635 1700 686 ἂν

126 721 296 785 ε’ίποιμι
332 722 418 787 τὴν
453 723 662 794 Μαριὰμ,
696 724 783 787 τὴν
818 729 913 777 τοῖς
940 724 1213 789 Αἰγυπτίοις
1250 718 1560 773 ἀπολωλόσιν
1594 720 1694 770 ε’πι-

126 803 442 870 τωθάζουσαν,
485 808 560 856 καὶ
603 810 703 860 ταῖς
753 805 1056 874 χορευούσαις
1096 803 1426 873 ἐξάρχουσανς
1476 799 1565 852 εἶδε
1607 800 1702 867 γὰρ

125 884 206 949 ἥδε
245 892 611 938 κατακτυποῦσα
658 887 712 938 τὸ
763 887 1020 950 τύμπανον,
1060 887 1205 937 ἵππον
1254 908 1301 936 τε
1344 886 1419 936 καὶ
1461 884 1702 947 ἀναβάτην

126 968 582 1034 καταπεπνιγμένους
614 971 662 1020 ἐν
700 970 883 1020 ὕδασιν·
925 968 1056 1019 ἀλλά
1089 991 1168 1019 σοι
1201 966 1339 1034 τάχα,
1369 968 1443 1017 καὶ
1481 965 1535 1016 τὸ
1574 970 1704 1016 νικᾶν

59 1077 109 1104 10
127 1050 369 1113 ἀπευκτὸν,
393 1052 468 1101 καὶ
500 1053 549 1102 ἐν
582 1050 713 1121 λόγῳ
744 1053 890 1102 οὐδενὶ
927 1049 986 1101 τὰ
1025 1054 1162 1112 Θεοῦ,
1194 1051 1272 1100 σοὶ
1311 1047 1396 1111 μὲν
1434 1046 1510 1098 διὰ
1545 1047 1707 1111 μέσων

127 1130 294 1200 ἐξιέναι
329 1131 548 1196 κυμάτων
582 1133 747 1202 ἐξεῖναι
785 1131 1004 1194 διδόντος,
1040 1131 1270 1197 ἀνήμερον
1308 1129 1356 1181 δὲ
1393 1134 1488 1183 τοῖς
1526 1131 1708 1196 ἐχθροῖς·

127 1215 471 1268 ἀποτελοῦντος
512 1214 598 1278 τὴν
632 1213 908 1266 θάλασσαν.
975 1215 1023 1264 ἐν
1053 1213 1152 1277 ἤθει
1190 1211 1246 1275 δὴ
1285 1212 1365 1263 οὖν
1396 1216 1591 1263 ποιεῖται
1624 1211 1709 1265 τὰς

128 1294 343 1365 μέμψεις,
388 1294 451 1347 ῶν
495 1295 757 1365 ἐσχήκασιν
800 1298 992 1362 ἀγαθῶν
1035 1294 1275 1348 διανιστάς
1320 1298 1382 1348 εἷς
1431 1292 1707 1357 ἀνάμνησιν,

129 1381 205 1430 καὶ
245 1380 480 1433 οἱονείπως
522 1379 840 1446 κατονειδίζων
883 1378 1082 1432 ἀστείως
1120 1380 1182 1431 ὡς
1219 1377 1372 1442 λήθην
1414 1376 1705 1441 εἷσδεδεγμέ-
1727 1380 1755 1422 d

64 1481 111 1520 15
132 1483 251 1519 νους,
288 1458 353 1511 ῶν
383 1459 441 1525 ἧν
475 1462 661 1524 ἄμεινον
691 1464 959 1526 μεμνῆσθαι
997 1458 1262 1522 διαπαντὸς,
1286 1461 1361 1510 καὶ
1393 1463 1491 1512 ταῖς
1524 1462 1585 1512 εἷς
1614 1462 1710 1509 πᾶν

131 1543 284 1594 ὁτιοῦν
310 1544 576 1598 εὐπειθειάις
603 1542 949 1611 ἀντευφραίνειν
972 1542 1054 1593 τὸν
1081 1542 1358 1608 Εὐεργέτην.

204 1626 444 1694 Ἐξήγαγε
497 1626 544 1677 δὲ
595 1627 670 1676 καὶ
716 1626 835 1689 ἡμᾶς
883 1622 1050 1678 αὐτοὺς
1101 1625 1125 1674 ὁ
1168 1622 1335 1690 Σωτὴρ
1375 1622 1431 1691 ἐξ
1478 1620 1709 1687 Αἰγύπτου

131 1711 310 1772 νοητῆς,
336 1708 578 1759 τουτέστιν
616 1709 666 1758 ἐκ
699 1706 898 1760 σκότους
932 1708 1007 1757 καὶ
1042 1706 1289 1768 δαιμονίων
1321 1704 1608 1773 πλεονεξίας,
1634 1706 1710 1754 καὶ

130 1796 288 1854 πηλοῦ
319 1791 394 1840 καὶ
430 1790 670 1843 πλινθείας
695 1789 912 1858 ἐξείλετο,
939 1792 1176 1855 σαρκικῶν
1201 1786 1418 1852 δηλονότι
1443 1790 1608 1839 παθῶν
1633 1788 1710 1837 καὶ

63 1898 115 1925 20
132 1871 399 1938 ἀκαθάρτου
438 1873 728 1940 φιληδονίας·
780 1871 1021 1933 διεβίβασε
1070 1869 1117 1922 δὲ
1167 1873 1242 1921 καὶ
1294 1869 1552 1921 θάλασσαν
1601 1867 1709 1923 τοὺς

132 1959 181 2009 ἐν
205 1959 321 2027 τῷδε
355 1961 421 2026 τῷ
456 1956 620 2027 κόσμῳ
653 1955 1026 2023 περισπασμοὺς,
1053 1954 1197 2019 μόνον
1224 1954 1272 2006 δὲ
1304 1955 1406 2022 οὐχὶ
1431 1956 1506 2005 καὶ
1530 1957 1710 2020 πικρῶν

132 2039 384 2108 ἀπήλλαξε
407 2038 625 2103 κυμάτων
648 2043 742 2089 τῶν
768 2039 837 2089 ἐπ’
866 2039 1020 2091 αὐτοῖς
1050 2038 1286 2101 κινδύνων,
1310 2039 1384 2088 καὶ
1410 2036 1577 2100 νόμους
1600 2035 1708 2090 τοὺς
1726 2057 1749 2083 e

132 2124 279 2179 θείους
316 2128 378 2178 εἷς
422 2129 531 2175 νοῦν
567 2122 861 2192 ἐνεχάραξεν·
907 2121 1105 2192 ἀνέδειξε
1147 2122 1194 2174 δὲ
1233 2124 1307 2173 καὶ
1350 2120 1588 2189 ἱερουργὸν
1626 2120 1709 2172 τὸν

186 2329 216 2353 1.
243 2318 341 2353 Haec
354 2318 407 2352 καὶ
424 2318 471 2353 εἷς
487 2318 689 2363 ἶίκρον-καὶ
707 2317 806 2362 δόξης
822 2318 1041 2351 accesserunt
1058 2328 1099 2350 ex
1117 2316 1161 2350 A.
1456 2325 1488 2348 2.
1512 2313 1646 2357 ποιήσει
1664 2314 1709 2349 Α.

133 2364 258 2409 ποιήσῃ
279 2364 370 2399 Edd.
436 2364 560 2398 Statim
585 2364 645 2408 τὴν
669 2364 837 2408 καταβοὴν
860 2366 918 2408 τῆς
943 2364 1129 2408 ἱερουργίας
1153 2363 1219 2396 hoc
1244 2361 1366 2396 ordine
1382 2360 1426 2394 Α.
1443 2362 1502 2404 τῆς
1522 2361 1710 2405 ἱερουργίας

134 2412 196 2456 τὴν
219 2412 411 2455 καταβολὴν
427 2411 516 2457 (sic)
536 2411 626 2445 Edd.
842 2422 875 2455 3.
901 2411 966 2456 ἐγὼ
983 2411 1043 2453 μὲν
1058 2411 1124 2455 γὰρ
1142 2421 1212 2443 om.
1230 2410 1274 2443 A.
1324 2408 1449 2442 Statim
1467 2407 1598 2452 κέκρικα
1616 2407 1709 2442 Edd.

136 2472 169 2501 4.
195 2457 273 2502 ἡμῖν
288 2458 378 2503 (sic)
395 2459 454 2492 iid.
480 2465 558 2492 ante
584 2458 718 2502 Migne.
792 2457 917 2491 Statim
942 2457 1026 2491 haec
1051 2457 1103 2490 καὶ
1128 2456 1334 2491 mic—0261)
1358 2460 1578 2488 accesserunt
1603 2466 1643 2487 ex
1663 2454 1708 2488 A.

137 2506 169 2539 6.
198 2507 335 2550 Μαριὰμ
353 2505 443 2539 Α.Β.
463 2506 597 2549 Μαρίαν
614 2504 705 2538 Edd.
1021 2512 1052 2549 7.
1077 2505 1149 2539 ταῖς
1166 2502 1296 2537 correxi
1312 2513 1353 2535 ex
1374 2501 1415 2535 B.
1433 2502 1503 2536 τοῖς
1520 2500 1611 2535 Edd.
1630 2507 1710 2535 ante

138 2552 273 2597 Migne.
322 2549 389 2586 εἶδε
405 2553 471 2598 γὰρ
488 2553 545 2596 ἥδε
565 2552 607 2585 Β.
623 2549 683 2596 ιἧδε
699 2551 764 2596 γὰρ
780 2548 838 2595 ᾖδε
856 2549 948 2585 Edd.
1257 2560 1290 2594 9.
1317 2547 1630 2592 καταπεπηγμένους
1646 2559 1710 2592 pro

137 2613 378 2643 καταπεπνιγμ.
392 2601 435 2632 A.
485 2598 606 2633 ὕδασιν
622 2599 666 2632 Α.
683 2597 778 2632 ὕδατι
797 2597 887 2631 Edd.
936 2597 1023 2642 τάχα
1033 2596 1122 2630 Α.Β.
1137 2597 1215 2640 τόγε
1229 2595 1322 2630 Edd.
1468 2605 1520 2628 10.
1538 2594 1648 2628 οὐδενὶ
1666 2594 1709 2628 Β.

137 2646 252 2689 μηδενὶ
271 2645 362 2679 Edd.
424 2645 549 2679 Statim
566 2647 625 2679 τοῦ
643 2656 704 2689 pro
722 2645 762 2678 τὰ
779 2645 837 2678 iid.
856 2644 1132 2688 repugnantibus
1148 2642 1239 2677 Α.Β.
1489 2652 1542 2675 11.
1567 2640 1708 2686 ἐξιέναι]

137 2691 220 2726 ἶέναι
237 2692 281 2726 A.
341 2692 735 2726 διδόντι-ἀποτελοῦντι
752 2690 844 2725 Edd.
862 2691 970 2724 invito
991 2690 1031 2724 Β.
1249 2699 1302 2731 14.
1327 2686 1487 2733 ἀστείως]
1506 2688 1648 2721 αἰτιᾶται
1665 2687 1711 2722 Α.

142 2748 195 2783 15.
221 2738 260 2782 ἧν
276 2750 345 2773 om.
364 2741 408 2773 A.
476 2740 529 2773 καὶ
546 2739 723 2774 ταῖς-τὸν
740 2736 916 2783 εὐεργέτην
932 2749 1001 2771 om.
1023 2736 1064 2770 B.
1360 2735 1412 2768 16.
1439 2736 1550 2767 ὁτιοῦν
1567 2734 1712 2768 accessit

138 2797 180 2819 ex
197 2785 241 2819 Α.
290 2786 348 2820 τὸν
364 2785 540 2831 εὐεργέτην
556 2786 600 2820 Α.
618 2786 662 2820 ὣς
677 2785 809 2819 πάντων
826 2784 962 2828 σωτῆρα
980 2782 1072 2817 Edd.
1219 2792 1272 2826 17.
1299 2781 1351 2815 καὶ
1368 2787 1588 2825 assumptum
1607 2792 1648 2814 ex
1667 2781 1710 2816 Β,

141 2832 239 2866 Haec
256 2833 274 2865 ὁ
292 2832 405 2876 Σωτὴρ
424 2839 645 2866 accesserunt
661 2843 701 2865 ex
720 2832 763 2865 A.
1039 2830 1093 2864 18.
1118 2829 1236 2871 νοητῆς
1253 2829 1344 2862 Α.Β.
1362 2830 1480 2871 νοητοῦ
1498 2827 1590 2861 Edd.
1639 2829 1711 2861 δαι-

137 2879 261 2922 μονίων
278 2879 368 2913 Α.Β.
386 2879 555 2923 δαιμονίης
573 2877 664 2912 Edd.
715 2878 767 2911 καὶ
785 2878 842 2911 alt.
861 2889 929 2911 om.
945 2876 990 2911 A.
1121 2887 1174 2919 19.
1201 2875 1348 2918 ἐξείλετο
1366 2878 1587 2918 assumptum
1607 2885 1648 2908 ex
1665 2875 1710 2908 A.

138 2926 192 2959 καὶ
209 2925 399 2970 ἀκαθάρτου
416 2926 615 2969 φιληδονίας
632 2930 851 2958 accesserunt
868 2936 909 2958 ex
926 2924 970 2958 A.
1235 2933 1290 2956 20.
1316 2922 1352 2955 δέ
1370 2927 1590 2966 assumptum
1608 2933 1648 2954 ex
1669 2922 1712 2955 Α.

138 2983 195 3053 (211.
221 2972 256 3024 ἐν
273 2973 420 3053 ταέδὲἆῴ
438 2974 554 3018 κόσμῳ
573 2972 615 3005 Α.
634 2971 785 3006 ἐντεῦθεν
802 2970 894 3006 Edd.
944 2970 979 3005 δὲ
997 2976 1217 3015 assumptum
1235 2980 1277 3003 ex
1296 2968 1386 3003 A.B.
1564 2979 1619 3002 22.
1645 2971 1713 3002 τῶν

163 3026 234 3053 eest
249 3031 283 3053 ln
388 3046 395 3053 .
