2021 3434
688 247 1122 288 PRAEFATIO.
1659 243 1701 283 ix

224 370 270 406 D.
304 370 395 408 Cod.
439 373 514 419 285
552 371 814 422 bombycinus,
853 385 923 410 sec.
966 372 1061 409 XIV
1091 373 1130 409 in
1167 372 1256 409 bibl.
1297 372 1519 415 βατοπαιδίου
1558 370 1703 408 Montis

332 434 473 481 Sancti,
493 436 652 473 mutilus
671 437 865 486 utrinque.
925 437 1086 475 Constat
1106 437 1219 474 hodie
1238 436 1338 473 foliis
1360 446 1448 484 459.
1507 436 1613 472 Ordo
1635 439 1702 480 est,

333 499 441 545 Osee,
469 500 599 546 Amos,
626 500 783 548 Abdias,
809 502 834 538 J
839 502 909 547 oel,
936 502 1066 547 Jonas,
1096 502 1299 547 Michaeas,
1321 501 1488 546 Nabum,
1511 500 1702 544 Habacuc,

333 563 556 613 Sophonias,
574 565 764 616 Aggaeus‚
786 566 997 612 Zacharias,
1016 566 1233 604 Malachias.
1285 566 1390 602 Huic
1405 565 1538 603 Codici
1558 564 1702 614 deperi-

333 635 448 668 erunt
468 631 624 668 omnino
642 632 861 669 tabularum
880 631 1044 677 vincula,
1067 636 1261 670 extremae
1280 631 1454 681 paginae,
1470 643 1566 680 quae
1585 642 1704 679 paene

333 699 461 732 totum
487 696 716 733 Malachiam
743 696 1000 742 continebant,
1021 701 1136 745 atque
1155 696 1202 733 ad
1222 696 1377 733 initium
1398 696 1496 733 Osee
1519 695 1597 732 fere
1617 708 1705 744 pars

332 762 483 806 quarta.
541 757 626 808 Ego
655 758 753 796 Osee
780 758 881 807 quod
910 763 1094 807 superest,
1124 763 1163 795 et
1196 771 1333 807 parvas
1366 758 1451 794 illas
1481 757 1705 801 Malachiae,

333 828 520 872 quatenus
545 824 668 873 potui,
691 824 870 874 reliquias
897 824 1053 869 contuli,
1079 823 1248 869 Nahum,
1274 824 1469 869 Habacuc,
1494 827 1533 860 et
1557 821 1705 872 Aggaei

334 888 518 937 majorem
543 894 715 938 partem:
747 889 849 926 hunc
874 893 1003 926 autem
1030 893 1074 926 ut
1100 888 1322 938 perficeram
1346 893 1499 937 tempus
1522 900 1598 924 non
1619 900 1707 936 sup-

334 953 534 1001 peditavit.
590 953 696 990 Alibi
725 966 878 1003 quoque
906 953 1081 1002 exempla
1110 953 1149 989 in
1178 952 1371 990 nonnullis
1398 952 1491 989 locis
1524 951 1707 1000 excerpsi,

335 1019 394 1056 vel
421 1019 469 1055 ad
495 1019 646 1069 singula
670 1019 787 1057 verba
811 1019 992 1056 lectiones
1020 1018 1217 1056 interdum
1246 1022 1437 1056 scrutatus
1467 1030 1562 1055 sum.
1621 1017 1707 1054 Hoc

335 1083 375 1119 in
405 1083 588 1121 Zacharia
612 1083 837 1133 praesertim
866 1083 947 1128 feci,
974 1088 1019 1120 ut
1046 1083 1169 1120 varias
1200 1082 1352 1120 Codicis
1379 1082 1409 1120 C
1435 1082 1615 1119 lectiones
1641 1086 1709 1118 aut

334 1148 557 1186 confirmare
577 1154 645 1186 aut
664 1149 834 1186 refellere
854 1162 1003 1198 possem
1020 1162 1029 1194 3
1059 1153 1173 1198 atquc
1193 1148 1286 1185 item
1307 1152 1353 1185 ut
1373 1147 1543 1196 ejusdem
1564 1146 1657 1184 Cod.
1676 1146 1707 1183 C

333 1218 501 1251 veterem
528 1214 731 1251 lectionem
757 1227 1030 1264 recuperarem,
1058 1227 1145 1251 cum
1170 1226 1192 1251 a
1217 1217 1297 1251 tam
1326 1212 1458 1250 multis
1488 1212 1552 1250 ille
1576 1212 1708 1250 Codex

335 1284 527 1316 correctus
547 1279 607 1316 sit.

228 1371 273 1408 E.
304 1371 580 1420 Fragmentum
606 1371 737 1409 decem
762 1371 840 1409 fere
866 1370 1046 1407 foliorum
1073 1371 1121 1408 ad
1148 1370 1289 1408 calcem
1317 1369 1410 1408 Cod.
1438 1369 1550 1419 Regii
1571 1372 1592 1406 8
1600 1372 1647 1417 36
1670 1370 1710 1406 in

335 1436 572 1474 Bibliotheca
605 1436 808 1474 Parisiensi
840 1436 1062 1476 conservati.
1122 1436 1402 1485 Fragmentum
1431 1435 1547 1474 seculi
1581 1436 1709 1473 forsan

336 1501 417 1538 XII
437 1506 504 1540 aut
525 1501 641 1539 XIII.

179 1644 228 1685 In
258 1658 410 1701 magna
438 1644 508 1686 illa
537 1643 739 1685 Holmesii
770 1650 812 1685 et
842 1643 1034 1686 Parsonsi
1064 1643 1242 1685 editione
1274 1643 1395 1684 LXX
1431 1643 1710 1698 Interpretum

119 1713 326 1763 versionis,
363 1713 523 1755 Jassiae
564 1727 652 1754 esse
690 1713 732 1755 S.
766 1712 911 1768 Cyrilli
946 1711 1126 1754 codicem
1164 1712 1228 1753 his
1268 1712 1398 1753 ferme
1434 1711 1569 1753 verbis
1604 1726 1711 1752 com-

119 1787 362 1824 memorant.

179 1858 204 1874 ‘⁶
219 1864 288 1903 40.
323 1850 462 1892 Codex
485 1849 689 1891 Dorothei
711 1849 952 1902 ἱεροκήρυκος
974 1848 1265 1890 Moldaviensis
1292 1848 1334 1889 iii
1362 1849 1710 1897 membranaceus,

120 1934 199 1962 sec.
231 1919 287 1960 xii
322 1919 364 1959 in
395 1919 505 1960 folio.
567 1919 761 1960 Continet
792 1919 878 1959 XII
909 1919 1141 1974 Prophetas
1177 1918 1373 1966 Minores,
1409 1931 1583 1972 quorum
1618 1919 1712 1957 con-

121 1987 254 2030 textui
282 1987 547 2043 interpositus
578 1993 640 2029 est
671 1986 999 2029 Commentarius
1028 1986 1175 2042 Cyrilli
1204 1985 1516 2027 Alexandrini.’'
1577 1985 1713 2040 Hujus

122 2056 323 2099 Dorothei
356 2056 514 2097 codices
544 2071 569 2097 v
590 2055 934 2110 Witembergium
965 2055 1076 2096 missi
1106 2060 1214 2106 sunt,
1246 2055 1300 2096 ad
1331 2054 1429 2096 Chr.
1464 2053 1576 2094 Frid.
1606 2054 1713 2095 Mat-

121 2126 316 2174 thaeium,
341 2125 492 2166 Graeci
513 2124 765 2167 Testamenti
793 2124 1018 2173 editorem3
1052 2124 1121 2179 qui
1147 2123 1200 2165 ad
1230 2122 1486 2164 Holmesium
1518 2121 1712 2169 scribens,

123 2210 192 2236 eos
233 2194 478 2235 “Codices”
514 2198 633 2235 vocat
673 2199 698 2216 “
713 2197 790 2234 τῶν
829 2192 858 2233 0'
898 2192 1170 2234 bibliothecae
1209 2191 1413 2232 Dorothei
1455 2189 1713 2241 ἱεροκήρυκος,

123 2264 287 2314 ἐπίκλην
310 2265 544 2314 Βουλησμᾶς
571 2264 639 2303 τοῦ
667 2263 711 2303 ἐν
730 2261 898 2303 Ἰασσί.”
958 2262 1023 2301 Ex
1055 2260 1117 2302 his
1148 2259 1342 2301 describit
1373 2258 1563 2300 Codicem
1594 2258 1635 2298 iil
1668 2263 1714 2299 ut

124 2332 539 2381 “Membranaceum,
561 2330 686 2372 seculi
715 2330 801 2371 XII
829 2330 871 2371 in
898 2329 1038 2371 folio.'’
1099 2328 1229 2370 Addit
1259 2327 1368 2383 quod
1392 2327 1620 2367 “volumen
1652 2333 1715 2367 est

122 2400 278 2457 vigens.
338 2398 534 2441 Continet
563 2399 650 2440 XII
680 2399 912 2454 Prophetas
942 2398 1138 2447 Minores,
1167 2411 1341 2451 quorum
1371 2394 1613 2437 contextui''
1636 2400 1714 2436 etc.

123 2471 187 2522 (ut
222 2482 347 2524 supra
386 2468 538 2521 citavi).
607 2467 760 2523 Hujus,
794 2467 940 2522 inquit,
977 2466 1282 2521 Prophetarum
1318 2463 1519 2505 minorum
1555 2469 1714 2505 textum

124 2541 269 2579 “unus
296 2551 347 2578 ex
372 2537 510 2578 amicis
533 2536 645 2585 meis,
667 2536 738 2592 qui
769 2536 833 2576 hic
865 2536 905 2576 in
936 2535 1063 2576 vicino
1095 2533 1284 2574 sacerdos
1314 2538 1390 2581 est,
1412 2532 1474 2573 vir
1503 2532 1646 2573 doctus
1674 2537 1716 2573 et

123 2611 350 2655 accuratus,
372 2605 591 2646 contulit.”
641 2606 705 2646 Ea
725 2604 888 2646 collatio
909 2604 961 2645 ad
985 2602 1237 2644 Holmesium
1258 2601 1381 2642 missa
1400 2600 1523 2642 fuisse
1543 2600 1715 2656 postrid.

124 2676 232 2717 Non.
265 2675 386 2731 April
423 2675 526 2716 ΑΒ.
564 2683 674 2729 1794
707 2674 882 2715 videtur.
947 2672 1130 2714 Ulterius
1161 2686 1257 2713 vero
1294 2671 1393 2727 quid
1428 2671 1480 2712 dc
1516 2671 1592 2712 hoc
1625 2671 1713 2711 eod.

124 2744 276 2786 factum
298 2743 364 2794 sit,
387 2742 574 2798 equidem
603 2742 820 2797 explorare
847 2756 928 2782 non
953 2740 1093 2796 potui;
1126 2755 1216 2781 cum
1245 2755 1320 2796 per
1341 2739 1569 2795 epistolam,
1593 2753 1714 2794 quam

124 2828 200 2868 pro
227 2827 292 2854 me
322 2811 502 2867 Cyrillus
531 2811 728 2859 Graham,
756 2825 778 2851 e
807 2810 909 2850 Coll.
938 2810 1013 2851 SS.
1037 2809 1201 2860 Trinit„
1225 2809 1438 2858 Cantabr.,
1469 2807 1605 2855 A.M.‚
1629 2806 1714 2862 (qui

125 2881 167 2922 in
195 2880 427 2922 recentibus
454 2879 507 2921 ad
530 2878 730 2920 Libanum
753 2882 933 2919 montem
955 2877 1196 2919 tumultibus
1218 2883 1377 2919 tantum
1399 2891 1474 2917 sua
1494 2874 1717 2931 prudentia

126 2964 173 2990 ac
210 2950 411 3005 Syrorum
446 2946 599 3003 ingenii
631 2946 779 3002 peritia
811 2946 981 3002 profuit)
1016 2945 1306 2988 humanissime
1342 2944 1580 3000 scripserat,
1616 2943 1716 2984 nihil

130 3022 381 3073 compertum
418 3016 483 3058 sit.
548 3016 687 3066 Quare
724 3029 804 3056 non
841 3015 917 3056 nisi
951 3015 992 3055 in
1027 3016 1068 3057 S.
1103 3014 1341 3071 Scripturae
1377 3018 1535 3055 textum
1573 3027 1619 3053 eo
1657 3011 1719 3053 uti

912 3083 937 3124 b
