2021 3434
299 204 354 243 34
698 204 744 243 B.
788 202 1059 242 CYRILLI
1101 203 1474 244 ALEXANDR.
1716 203 1740 242 i.
1765 202 1802 250 6,
1828 212 1866 253 7.

255 318 281 358 d
372 313 512 364 Ἀλλ’
551 315 795 377 ίστορικῶς
833 310 917 373 μὲν
958 311 1067 374 ἡμῖν
1105 309 1309 376 εἰρήσθω
1350 312 1496 362 ταυτί·
1543 311 1683 374 ἰ’ωμεν
1721 309 1769 361 δὲ
1807 309 1865 359 αὖ

300 397 375 447 καὶ
405 394 476 463 ἐφ’
505 393 659 460 ἑτέρας
696 393 883 454 ἐννοίας,
920 394 1040 460 φημὶ
1078 390 1126 442 δὲ
1165 392 1221 457 δὴ
1258 393 1405 444 πάλιν
1434 392 1517 446 τὰς
1549 394 1618 444 ἐπ’
1647 393 1771 461 αὐτῷ
1800 394 1866 459 τῷ

299 477 510 544 Χριστῷ.
587 473 704 537 μετὰ
729 472 822 540 γάρ
848 496 919 524 τοι
949 472 1004 524 τὸ
1029 477 1247 541 τεχθῆναι
1280 472 1363 525 τὸν
1385 473 1613 540 Ἰεσράελ,
1639 473 1867 535 τουτέστι,

298 559 383 621 τὴν
423 562 504 607 τοῦ
546 559 670 607 Θεοῦ
711 554 910 622 σπορὰν,
953 555 1027 606 ἵνα
1069 560 1176 623 νοῇς
1223 555 1305 607 τὸν
1341 554 1661 620 Ἐμμανουὴλ,
1703 555 1756 605 οῦ
1794 557 1869 605 καὶ

299 637 555 702 ἐκδικήσειν
603 637 658 688 τὸ
707 636 820 701 αἷμα
869 637 1290 704 κατεπηγγέλλετο,
1341 639 1541 689 τίκτεται
1591 641 1649 705 τῇ
1701 635 1868 703 Γόμερ,
1889 652 1911 690 5

299 720 511 771 τουτέστι
545 723 602 788 τῇ
637 720 980 788 πεπορνευμένῃ
1017 724 1111 770 τῶν
1141 721 1377 772 Ἰουδαίων
1407 723 1680 787 συναγωγῇ,
1718 717 1865 784 θυγά-

299 825 399 867 τηρ,
435 802 536 866 ἤτοι
573 801 768 865 πληθὺς,
807 799 837 870 ᾗ
875 803 949 852 καὶ
982 801 1160 868 πρέπον
1194 801 1251 853 ἂν
1293 802 1359 867 εἰἠ
1392 802 1445 853 τὸ
1481 805 1729 853 καλεῖσθαι
1767 801 1872 852 Οὐκ

300 885 546 950 ἠλεημένη·
611 883 726 948 αὐτὴ
789 883 882 950 γὰρ
935 883 1170 935 ἀπέκτεινε
1233 883 1315 935 τὸν
1364 883 1592 950 Ἰεσράελ,
1657 883 1872 933 τουτέστι

301 967 530 1034 Χριστόν.
627 965 843 1034 ταύτῃτοι
907 967 1090 1019 δικαίως
1152 965 1320 1035 ἐχθρὸν
1382 969 1456 1017 καὶ
1518 964 1872 1029 πολεμιώτατον

262 1051 501 1115 εεὺρίσκει
540 1047 680 1099 Θεόν·
734 1050 809 1098 καὶ
847 1048 1128 1112 ἀνηκέστους
1162 1048 1293 1102 εὐθὺς
1328 1047 1641 1112 ὑπομεμένηκε
1674 1050 1866 1115 συμφο-
1893 1069 1940 1094 10
1988 1071 2010 1097 2:

300 1130 399 1197 ράς,
456 1135 554 1184 ταῖς
603 1130 847 1192 Ῥωμαίων
910 1128 1163 1194 δυνάμεσιν
1220 1130 1612 1196 ἐκπεπορθημένη,
1665 1131 1739 1180 καὶ
1790 1126 1873 1179 τὸν

300 1211 549 1277 διαβόητον
588 1214 842 1262 ὑποστᾶσα
875 1210 1099 1276 πόλεμον,
1135 1212 1211 1263 ὅτε
1255 1235 1330 1263 και
1367 1216 1578 1277 γυναῖκες
1614 1215 1708 1262 τῶν
1747 1210 1873 1261 ἰδίων

300 1294 488 1362 ηψαντο
523 1316 708 1356 τεκνων,
735 1295 809 1343 καὶ
843 1291 872 1360 ῂ
909 1294 1102 1361 φησιν
1083 1316 1107 1344 ο
1134 1293 1382 1362 προφήτης
1407 1294 1640 1359 Ιερεμίας,
1666 1295 1873 1358 ίζΧεῖρες

80 1394 199 1444 Thren.
302 1383 328 1406 ‘⁶
353 1379 584 1440 γυναικῶν
628 1373 928 1441 οικτιρμόνων
971 1375 1172 1443 ἥψησάν
1216 1374 1275 1426 τὰ
1323 1376 1485 1426 παιδία
1536 1374 1752 1437 ἑαυτῶν,”
1798 1375 1873 1424 καὶ

82 1449 124 1469 W'
147 1448 195 1469 ω’
301 1456 491 1524 φύσεως
530 1456 821 1522 ἀνθρωπίνης
859 1456 1167 1522 ἀλογήσασαι
1209 1455 1377 1520 νόμων,
1414 1479 1490 1507 και
1528 1456 1873 1525 φιλοστοργιας
1895 1480 1941 1517 15
1999 1482 2004 1533 Ξ

301 1537 486 1606 ἀμάχου
528 1541 747 1606 ῥαθυμεΐν
791 1537 932 1592 ἀυτάς
982 1539 1320 1606 ἀναγκάζοντος
1359 1545 1442 1590 τοῦ
1489 1543 1646 1603 λιμοῦ.
1710 1536 1873 1589 Ἀλλὰ

303 1623 435 1671 ταυτὶ
469 1619 554 1685 μὲν
584 1619 769 1672 ἅπαντα
802 1625 897 1674 τοῖς
928 1620 1189 1686 ἠσεβηκόσι
1227 1623 1544 1686 συμβέβηκεν
1585 1619 1795 1685 ἐλεήσειν
1825 1619 1873 1671 δὲ

81 1718 135 1751 25
155 1716 208 1751 A.
265 1701 411 1756 ambs
461 1702 582 1757 υἱοὺς
625 1703 778 1754 Ἰούδα
828 1703 1271 1770 κατεπαγγέλλεται,
1322 1703 1549 1767 τουτέστι,
1601 1701 1706 1757 τοῦς
1755 1701 1874 1753 κατὰ

302 1785 512 1850 μάθησίν
545 1808 594 1837 τε
629 1787 703 1836 καὶ
742 1785 1050 1851 ἀναγέννησιν
1083 1785 1168 1850 τὴν
1203 1786 1276 1837 διὰ
1317 1792 1400 1837 τοῦ
1440 1786 1714 1851 Πνεύματος
1752 1783 1875 1839 υἱοὺς
1995 1845 1998 1851 λ

81 1882 130 1932 οἱ.
153 1883 259 1942 1-Cor.
302 1865 556 1933 γεγονότας
595 1870 810 1933 Χριστοῦ
848 1872 930 1919 τοῦ
964 1870 1012 1918 ἐκ
1049 1871 1203 1937 φυλῆς
1239 1869 1406 1920 Ἰούδα.
1486 1873 1523 1920 εὶ
1553 1867 1647 1935 γὰρ
1683 1866 1758 1919 διὰ
1791 1872 1873 1918 τοῦ
1895 1894 1943 1918 20
1980 1874 1998 1892 ''

81 1935 193 1966 1v.1„.
303 1950 598 2016 Εὐαγγελίου
637 1949 893 2014 γεννῶνταί
930 1973 1048 2004 τινες
1093 1952 1141 2000 ἐν
1185 1954 1385 2020 Χριστῷ
1428 1956 1523 2005 τοῖς
1563 1952 1711 2018 ἁγίοις
1749 1951 1871 2001 ἀπο-
1979 1946 1982 1960 ’

303 2030 509 2094 στόλοις,
534 2035 632 2084 πῶς
670 2032 772 2098 οὐχὶ
807 2036 995 2093 μᾶλλον
1030 2033 1084 2083 δι’
1113 2033 1254 2083 αὐτοῦ
1285 2039 1367 2083 τοῦ
1393 2037 1638 2100 Χριστοῦ;
1678 2034 1783 2099 περὶ
1809 2028 1875 2082 ὧν

82 2124 208 2199 ἓέξὶ.18
303 2114 383 2164 καί
410 2118 560 2181 φησιν
587 2111 749 2164 “Ἰδοῦ
780 2113 870 2180 ἐγὼ
905 2117 979 2165 καὶ
1013 2113 1072 2165 τὰ
1109 2114 1270 2165 παιδία
1295 2113 1326 2165 ἅ
1350 2137 1429 2178 μοι
1455 2115 1620 2166 ε”δωκεν
1654 2116 1679 2165 ὁ
1706 2112 1872 2168 Θεός.”

143 2191 150 2198 ’
213 2193 219 2199 ’
305 2194 539 2262 Σώζονται
572 2195 726 2246 τοίνυν
760 2196 808 2246 ἐν
841 2199 1041 2265 Χριστῷ
1067 2200 1134 2266 τῷ
1170 2197 1330 2267 Κυρίῳ
1362 2198 1437 2247 καὶ
1464 2200 1571 2266 Θεῷ
1605 2201 1698 2248 τῶν
1733 2196 1874 2258 ὅλων,

304 2278 389 2344 οὐχ
416 2276 545 2328 ὅπλα
571 2283 800 2331 κινοῦντες
825 2277 1003 2343 ε’πίγειά
1035 2300 1085 2328 τε
1120 2280 1194 2329 καὶ
1228 2278 1442 2344 σαρκικὰ,
1468 2279 1579 2329 ἀλλ’
1607 2280 1655 2330 ἐν
1687 2278 1875 2342 δυνάμει
1896 2302 1944 2341 25
1975 2283 1978 2296 '

260 2372 286 2412 b
306 2365 386 2409 τοῦ
437 2359 669 2426 σώζοντος
718 2361 794 2410 καὶ
841 2361 1166 2414 κατασείοντος
1217 2360 1301 2424 μὲν
1351 2360 1498 2429 ἀρχὰς
1548 2363 1623 2412 καὶ
1669 2360 1875 2427 θρόνους,

86 2456 154 2540 2:⁵01.
171 2457 205 2489 ii.
306 2440 665 2504 θριαμβεύοντος
714 2440 763 2492 δὲ
810 2445 876 2511 τῷ
925 2441 1022 2511 ἰδίῳ
1071 2445 1262 2511 σταυρῷ
1312 2447 1405 2493 τῶν
1453 2443 1774 2507 ἀντικειμένων
1816 2442 1876 2494 τὰ

306 2522 471 2589 στίφη,
506 2524 582 2572 καὶ
615 2522 827 2587 δυνάμεις
861 2524 1267 2593 καταστρέφοντος
1301 2524 1521 2592 πονηρὰς,
1557 2527 1632 2576 καὶ
1670 2523 1876 2579 διδόντος

87 2614 118 2688 Ξ.
137 2615 218 2689 {aue-
306 2606 401 2656 τοῖς
435 2604 685 2668 ἀγαπῶσιν
718 2604 859 2656 αὐτὸν
890 2612 916 2634 ‘⁶
932 2610 1095 2657 πατεῖν
1128 2605 1282 2657 ἐπάνω
1317 2605 1471 2675 ὄφεων
1508 2609 1584 2658 καὶ
1617 2608 1874 2674 σκορπίων,

111 2683 116 2689 ’
159 2669 189 2699 9'
306 2689 334 2711 ‘⁶
359 2686 435 2733 καὶ
460 2685 533 2734 ἐπὶ
557 2690 719 2736 πᾶσαν
743 2686 830 2752 τὴν
856 2686 1049 2750 δύναμιν
1067 2693 1149 2738 τοῦ
1176 2686 1385 2755 ἐχθροῦ.”
1451 2690 1500 2740 εὖ
1526 2688 1574 2740 δὲ
1601 2689 1657 2754 δὴ
1682 2689 1875 2759 σφόδρα
1895 2718 1944 2754 30

306 2762 391 2827 τὴν
410 2766 574 2828 ἀπειθῆ
601 2768 675 2816 καὶ
700 2767 880 2835 ἐξήνιον
906 2771 981 2820 καὶ
1005 2769 1297 2836 κυριοκτόνον
1322 2774 1416 2821 τῶν
1432 2769 1668 2822 Ἰουδαίων
1686 2769 1875 2836 πληθὺν

306 2847 486 2910 γυναικὶ
533 2847 804 2914 παρεικάζει,
849 2853 970 2918 φημὶ
1015 2850 1070 2915 δὴ
1111 2855 1169 2919 τῇ
1212 2852 1316 2902 Οὐκ
1359 2852 1604 2921 ἠλεημένῃ.
1681 2859 1875 2918 σημεῖον

354 2959 385 2982 2.
412 2948 451 2991 δὴ
469 2956 691 2995 assumptum
716 2963 757 2986 ex
782 2952 821 2986 B.
1081 2966 1132 2990 11.
1159 2954 1445 3001 ἐκπεπορθημένη]
1465 2955 1762 3002 ἐκπεπορθημένων
1780 2957 1872 2993 Edd.

311 2994 362 3028 16.
388 2994 495 3040 ἀλλὰ]
519 3001 554 3036 -ξ-
577 2998 628 3030 καὶ
646 2997 704 3031 iid.
