2021 3434
111 191 154 233 11.
182 192 330 237 18—20.
543 195 612 237 IN
653 195 929 238 JOELEM.
990 195 1140 238 TOM.
1182 195 1244 237 II.
1596 196 1679 237 327

111 307 139 330 “
165 301 274 367 ἔθνη
299 301 359 354 τὰ
384 305 764 369 συνεπιτιθέμενα
787 306 892 357 ἀνθ’
919 303 984 356 ῶν
1015 305 1107 372 ἐγὼ
1141 304 1226 370 μὲν
1260 303 1504 371 ὠργίσθην
1529 303 1683 370 ὀλίγα,

112 390 140 412 “
165 385 294 436 αὐτοὶ
333 384 380 436 δὲ
410 385 717 438 συνεπέθεντο
747 390 810 442 εἰς
847 388 1006 439 κακά.”
1066 388 1270 458 ζηλώσας
1297 386 1352 451 δὴ
1378 386 1459 438 οὖν
1484 386 1551 438 τὶν
1576 384 1685 437 λοιόν

113 468 255 529 αὐτοῦ,
291 466 726 534 κατεπαγγέλλεται
759 468 843 532 μὲν
876 469 1095 538 ἀφθόνως
1129 470 1281 523 αὐτοῖς
1310 467 1596 536 χορηγήσειν
1628 466 1688 518 τὰ

112 545 307 614 ζωαρκῆ,
336 551 408 601 καὶ
442 553 524 614 τῆς
555 549 896 650 προλαβούσης
932 555 1184 620 συμφορᾶς
1221 553 1431 614 Ξσοπαλῆ
1469 573 1569 604 πως
1602 547 1688 613 τὴν

71 645 94 683 5
113 630 351 694 εὐθυμίαν,
382 634 456 683 καὶ
491 631 550 683 τὰ
584 633 784 697 ἐδώδιμα
808 631 893 696 μὲν
918 637 979 686 εἰς
1013 631 1163 699 κόρον·
1204 630 1474 702 ἀσφάλειαν
1500 632 1548 682 δὲ
1571 630 1689 698 πρὸς

111 713 292 770 τούτοις
325 717 399 767 καὶ
431 739 484 767 το
518 714 583 781 μὴ
619 721 678 771 εἷς
717 722 873 785 χεῖρας
909 715 1199 781 δοθήσεσθαι
1231 721 1326 768 τῶν
1356 718 1548 811 ἐχθρῶν,
1573 715 1729 780 μήτεα
1748 727 1831 761 222
1851 725 1903 761 A·

110 796 204 861 μὴν
247 797 570 852 ὑποπεσόντας
611 800 797 850 δουλειά
839 803 897 867 τῇ
939 799 1008 850 ἐπ’
1053 800 1220 861 αὐτοῖς,
1262 796 1446 864 οἷκτρον
1496 820 1571 848 και
1619 799 1686 849 ἐπ’

112 877 353 944 ἀθλιότητι
397 878 702 945 διαζήσεσθαι
745 881 864 942 βίον.
930 881 1222 947 ὑπισχνεῖται
1262 879 1311 931 δε
1353 879 1471 945 πρὸς
1512 878 1691 933 τούτοις

111 961 342 1029 ἀφανίσαι
373 961 439 1014 τὶν
470 963 564 1014 ἀπὶ
596 965 743 1034 βοῤῥῖι,
770 962 984 1014 τουτέστι
1010 961 1092 1014 τὸν
1115 963 1391 1028 Ἀσσύριον·
1424 961 1692 1028 βορειοτέρα

48 1060 95 1085 10
112 1043 202 1110 γὰρ
237 1044 391 1098 αὐτοῖς
425 1047 500 1095 καὶ
533 1044 650 1112 πρὸς
685 1047 846 1096 ἀκτῖνα
884 1049 1073 1108 μᾶλλον
1109 1044 1137 1108 ἡ
1176 1044 1320 1111 χώρα.
1386 1047 1422 1095 εἰ
1454 1042 1502 1095 δὲ
1536 1042 1592 1108 δή
1623 1066 1693 1097 τις

112 1126 250 1177 οἴοιτο
282 1128 358 1177 καὶ
393 1127 442 1177 ἐκ
475 1130 570 1178 τῶν
605 1127 907 1193 βορειοτέρων
933 1128 1016 1190 τῆς
1037 1127 1262 1180 Ἰουδαίας
1288 1125 1508 1192 γενέσθαι
1538 1130 1693 1192 μερῶν

111 1211 192 1272 τῆς
217 1208 401 1273 ἀκρίδος
427 1208 512 1273 τὴν
538 1208 720 1277 ἔφοδον,
746 1207 800 1260 τὸ
824 1208 1008 1259 κωλύον
1032 1207 1163 1260 οὐδὲν
1188 1210 1337 1275 ὀρθῶς
1368 1208 1487 1276 ἔχειν
1513 1208 1694 1260 οἴεσθαι

111 1291 186 1341 καὶ
213 1291 332 1341 οὕτω
358 1289 442 1342 τὸν
466 1289 631 1356 λόγον.

185 1377 244 1424 Εἰ
279 1371 327 1424 δὲ
365 1372 421 1438 δή
455 1396 552 1424 τισι
590 1374 947 1441 καταφθείροιτο
991 1374 1066 1424 καὶ
1106 1372 1166 1424 τὰ
1204 1376 1265 1428 εἷς
1304 1373 1495 1439 καρδίαν
1534 1371 1735 1437 ἀγαθαὶ)

49 1470 94 1507 15
112 1457 187 1506 καὶ
219 1458 303 1519 τῆς
336 1458 501 1520 νοητῆς
533 1456 779 1522 εὐκαρπίας
812 1457 837 1506 ὁ
869 1460 1089 1518 πλοῦτος,
1116 1454 1276 1523 οἷάπερ
1312 1455 1497 1521 ἀκρίδας
1526 1456 1692 1519 ἐπιπη-

112 1536 270 1602 δώσης
304 1538 458 1592 αὐτοῖς
492 1540 572 1601 τῆς
605 1542 699 1588 τῶν
738 1538 985 1602 δαιμονίων
1023 1539 1209 1604 ἀγέλης,
1249 1539 1324 1589 καὶ
1362 1541 1692 1588 καταθεουσῶν

112 1621 281 1687 ἀρχῶν,
308 1620 546 1683 δυνάμεων
572 1622 648 1670 καὶ
681 1619 926 1689 ἐξουσιῶν·
969 1622 1114 1684 δῆλον
1147 1620 1195 1671 δὲ
1227 1619 1297 1671 ὅτι
1330 1624 1424 1670 τῶν
1457 1623 1690 1685 πονηρῶν·

111 1702 295 1753 ποιείτω
328 1701 383 1753 τὸ
418 1703 600 1765 πένθος,
623 1702 865 1765 μελετάτω
899 1701 984 1767 τὴν
1014 1703 1327 1769 μετάγνωσιν,
1355 1703 1691 1769 δακρυῤῥοείτω

111 1783 230 1850 πρὸς
255 1784 392 1836 Θεόν.
448 1784 696 1836 ἀκούσεται
719 1784 812 1851 γὰρ
838 1784 969 1838 εὐθὺς
999 1786 1048 1836 ἐκ
1084 1785 1441 1853 φιλανθρωπίας
1469 1785 1691 1850 λέγοντος

48 1864 221 1918 20Ἰἀοῦ
256 1867 344 1933 ἐγὼ
384 1863 541 1936 δίδωμι
579 1871 676 1935 ὑμῖν
712 1868 780 1919 τὶν
819 1870 932 1919 σῖτον
970 1873 1046 1919 καὶ
1086 1866 1151 1919 τᾶν
1191 1867 1287 1920 οἶνον
1328 1872 1405 1919 και)
1445 1868 1489 1919 rb
1531 1868 1687 1920 ἔλαιον.

112 1949 348 2018 ἀποφανεῖ
366 1948 459 2016 γὰρ
485 1950 625 2001 αὑτοῦ
657 1948 742 2014 τὴν
765 1951 957 2016 καρδίαν
983 1952 1045 2005 ὡς
1069 1951 1302 2018 εὕσταχυν
1328 1953 1431 2017 γῆν,
1454 1952 1515 2005 ὡς
1543 1950 1689 2018 σπέρ-

111 2053 259 2095 μασιν
297 2033 480 2099 ὡραίοις
517 2036 735 2096 κομῶντα
770 2035 933 2096 κῆπον,
961 2035 1022 2086 ὡς
1056 2034 1280 2099 εὕβοτρυν
1312 2035 1582 2097 ἀμπελῶνα,
1612 2036 1726 2084 καὶΟ

112 2112 204 2178 μὴν
223 2116 298 2165 καὶ
322 2115 466 2184 ἐλαίῳ
487 2119 770 2178 καταπιανεῖ,
796 2113 914 2165 κατά
939 2137 993 2181 γε
1019 2113 1072 2166 τὸ
1099 2116 1146 2165 ἐν
1166 2119 1379 2183 ψαλμοῖς
1405 2115 1689 2178 ὑμνούμενον

113 2202 142 2225 “
164 2196 423 2250 Ἐλίπανας
457 2197 506 2247 ἐν
539 2197 680 2266 ἐλαίῳ
714 2196 799 2261 τὴν
833 2197 1048 2263 κεφαλήν
1083 2198 1216 2261 μου.”
1280 2197 1493 2266 ἐξελάσει
1528 2197 1575 2248 δὲ
1607 2198 1686 2249 ἀπ’
1748 2206 1895 2239 ΡΞ·ΧΧῑῑ-

47 2296 95 2335 25
114 2278 253 2330 αὐτοῦ
277 2278 344 2330 τὶν
370 2279 462 2331 ἀπὶ
494 2281 641 2349 βσρῥῖι,
664 2279 880 2330 τουτέστι
905 2278 987 2330 τὸν
1013 2280 1328 2347 ἀποψύχοντα
1361 2284 1586 2344 σατανᾶν,
1614 2283 1689 2332 καὶ

114 2359 202 2427 ζεῖν
248 2361 330 2412 οὐκ
378 2362 523 2412 ἐῶντα
573 2365 639 2431 τῷ
689 2362 916 2425 πνεύματι
958 2360 1064 2416 τοὺς
1109 2362 1184 2413 ὑπ’
1228 2363 1352 2431 αὐτῷ
1396 2363 1683 2428 γενομένους.

164 2543 193 2567 1.
219 2531 496 2576 συνεπιτεθεμένα
514 2532 617 2567 Pont.
636 2531 928 2574 συνεπιτεθειμένα
946 2531 1039 2566 Aub.
1091 2532 1215 2567 Statim
1233 2547 1289 2576 μοι
1307 2532 1386 2567 add.
1407 2532 1498 2568 Edd.
1548 2534 1613 2580 ἐγὼ
1630 2536 1691 2579 μὲν

113 2579 181 2613 hoc
198 2579 318 2614 ordine
331 2579 373 2613 B.
390 2580 506 2622 (Alex.
518 2579 621 2623 XII.)
718 2590 749 2613 2.
769 2578 866 2624 κακά]
884 2579 998 2613 κακίαν
1014 2578 1201 2624 11(1.3.
1221 2581 1332 2615 αὐτοῖς
1349 2587 1567 2625 assumptum
1587 2594 1628 2616 ex
1646 2582 1689 2617 B.

114 2639 148 2668 4.
173 2640 243 2660 πως
260 2631 482 2671 assumptum
498 2637 539 2659 ex
560 2625 602 2660 Β.
907 2635 940 2670 5.
966 2626 1006 2659 τὰ
1025 2625 1169 2669 ἐδώδιμα
1185 2641 1244 2668 μεν
1261 2626 1308 2662 εἷς
1324 2626 1452 2672 κόρον]
1472 2627 1518 2662 εἷς
1534 2629 1633 2673 κόρον
1649 2630 1690 2663 τὰ

112 2672 260 2730 ἐδώδιμα
275 2671 336 2706 iid.
384 2673 469 2717 πρὸς
485 2671 615 2707 τούτοις
632 2672 668 2706 δὲ
685 2671 904 2717 ἀσφάλειαν
898 2684 957 2705 mv
959 2683 1035 2706 erso
1053 2671 1174 2706 ordine
1191 2672 1250 2707 fid.
1493 2674 1525 2708 6.
1551 2677 1611 2709 τοῦ
1628 2687 1691 2721 pro

115 2719 168 2752 καὶ
185 2719 222 2753 τὸ
240 2717 299 2752 iid.
522 2726 553 2763 7.
579 2719 699 2754 αὐτοὺς
715 2718 774 2752 11ᾶ.
824 2733 859 2752 εν
875 2730 938 2762 pro
956 2717 1006 2752 ἐπ’
1026 2719 1084 2752 alt.
1102 2718 1163 2753 iid.
1392 2720 1424 2754 8.
1451 2720 1687 2778 διαζήσεσθαι]

117 2767 216 2808 ζῆσαι
233 2764 293 2798 iid.
521 2776 552 2809 9.
521 2764 734 2809 9ἀφανιεῖν
749 2764 809 2798 11(1.
857 2763 1055 2809 Ἀσσύριον·
1096 2765 1293 2809 βορειοτερα
1308 2780 1344 2810 γ.
1362 2781 1393 2800 α.
1412 2781 1465 2800 και
1481 2782 1540 2812 πρ
1558 2768 1688 2815 ἀκτῖνα]

113 2812 340 2855 βορειότερον,
356 2811 440 2855 πρὸς
457 2810 571 2845 ἀκτῖνα
587 2813 653 2856 γὰρ
672 2812 784 2847 αὐτοῖς
803 2810 863 2845 iid.
1092 2822 1146 2846 11.
1170 2815 1280 2856 μερῶν
1296 2815 1353 2857 τῆς
1368 2813 1467 2848 ’.Ιουδ
1485 2816 1542 2858 τῆς
1558 2816 1618 2860 ἀκρ
1622 2816 1692 2852 ι’δος

115 2857 299 2904 γενέσθαι
291 2869 428 2892 lnverso
446 2857 567 2891 ordine
583 2857 882 2901 111114.
909 2872 980 2893 τισι
997 2858 1255 2904 καταφθείροιτο
1274 2859 1320 2894 D.
1338 2860 1398 2895 iid.
1417 2861 1561 2907 καταφθ.
1580 2877 1628 2898 τις
1647 2863 1691 2897 Β.

120 2914 174 2950 15.
200 2904 414 2947 ἐπιπηδῶσης
429 2904 541 2940 αὐτοῖς
557 2904 623 2939 hoc
641 2904 762 2939 ordine
780 2904 824 2939 Β.
1014 2904 1066 2939 16.
1093 2905 1255 2948 δαιμόνων
1272 2906 1364 2941 Edd.
1548 2917 1601 2954 17.
1627 2912 1693 2944 τῶν

116 2957 339 2996 assumptum
356 2962 397 2984 ex
417 2950 460 2984 B.
638 2962 692 2986 21.
718 2952 820 2985 αυτοῦ
837 2951 896 2995 τὴν
912 2951 978 2986 hoc
995 2951 1115 2986 ordine
1134 2952 1177 2987 B.
1226 2953 1436 3000 σπέρμασιν]
1456 2955 1615 2999 πρέμνοις
1630 2956 1692 2992 iid.

118 3009 174 3044 23.
195 2998 290 3034 Haec
309 2998 390 3032 κατά
405 3012 444 3044 γε
461 2998 500 3033 τὸ
517 2998 552 3034 ἐν
568 2999 612 3045 ψ.
630 2997 834 3043 ὑμνούμενον
851 3005 1070 3034 accesserunt
1082 3010 1124 3034 ex
1142 2999 1185 3036 B.
1328 3001 1383 3037 26.
1409 3000 1491 3049 ζεῖν]
1512 3003 1570 3048 ζῆν
1585 3002 1645 3039 iid.
