2021 3434
54 1510 85 1541 S.
102 1511 176 1541 Jac.

53 1554 72 1584 i.
95 1563 141 1594 17·

51 2189 126 2223 312
144 2188 193 2222 Α.

303 178 386 217 478
695 181 741 220 B.
787 181 1061 222 CYRILLI
1100 183 1490 223 ALEXANDR.
1759 181 1812 221 vi.
1841 194 1874 220 1.

298 292 324 314 ‘⁴
351 286 547 350 σαλήμ;
583 292 623 338 οἱ
650 292 733 339 υἱοὶ
760 291 911 341 αὐτῶν
931 292 1224 356 συλλέγουσι
1253 292 1390 360 ξύλα,
1412 293 1486 342 καὶ
1511 296 1552 342 οἱ
1577 291 1769 356 πατέρες
1795 291 1874 340 αὐ-

295 374 323 395 “
349 371 443 417 τῶν
463 370 646 420 καιόυσι
672 377 780 436 πῦρ,
801 374 875 423 καὶ
902 377 947 423 αἱ
974 378 1184 439 γυναῖκες
1210 375 1363 424 αὐτῶν
1388 374 1606 439 τρίβουσι
1631 376 1767 425 σταῖς
1791 378 1874 422 τοῦ

293 455 319 476 “
342 451 536 512 ποιῆσαι
575 457 791 518 χαυῶνας
824 458 882 521 τῇ
921 458 1123 523 στρατιᾷ
1161 461 1243 506 τοῦ
1282 456 1492 521 οὐρανοῦ·
1536 457 1610 504 καὶ
1644 453 1874 504 ε”σπεισαν

291 536 318 558 “
344 531 556 585 σπονδὰς
582 537 701 586 θεοῖς
733 537 1001 602 ἀλλοτρίοις
1033 537 1107 587 ἵνα
1137 536 1474 602 παροργίσωσί
1496 536 1591 598 με.”
1659 533 1869 604 ἐξουθενή-

289 634 402 662 κασι
442 611 498 676 δὴ
539 615 619 665 οῦν
657 615 742 680 τὴν
779 617 885 669 Σιὼν
922 622 964 668 οἱ
1007 620 1056 669 ἐν
1094 623 1188 672 τοῖς
1222 617 1585 684 Ἱεροσολύμοις.
1635 616 1912 683 τοιγάρτοι5

287 692 560 759 πρεπόντως
587 697 862 766 ἐπενήνοχεν
886 701 1039 754 αὐτοῖς
1065 700 1118 751 τὸ
1147 704 1252 752 οὐαί.

241 776 267 816 d
359 777 609 842 Ἀρμόσειε
635 781 677 829 δ’
705 778 760 830 ἂν
787 781 814 844 ἡ
841 781 994 832 τοιάδε
1022 783 1156 850 φωνὴ
1192 785 1265 833 καὶ
1305 786 1393 837 τοῖς
1432 780 1678 833 πεποιθᾶσιν
1713 782 1786 832 ἐπὶ
1824 781 1868 833 τὶ

284 858 372 926 ἔρος
401 864 677 930 Σαμαρείας,
699 863 926 926 τουτέστι,
954 869 1049 918 τοῖς
1085 864 1409 933 κατῳκηκόσιν
1433 865 1481 914 ἐν
1509 863 1764 932 Σαμαρείᾳ,
1795 866 1870 914 καὶ

281 939 530 992 πεποιθόσιν
562 944 632 1010 ἐφ’
660 944 852 999 ἑαυτοῖς.
921 944 1069 1015 ᾤοντο
1106 945 1198 1012 γὰρ
1234 946 1304 996 ὅτι
1333 948 1405 997 καὶ
1443 945 1550 1012 δίχα
1576 949 1699 996 Θεοῦ
1737 968 1866 1011 περι-

281 1022 468 1074 ε’σονται
504 1029 597 1076 τῶν
631 1027 826 1093 ἐχθρῶν,
863 1032 938 1078 καὶ
976 1029 1024 1078 ἐν
1059 1033 1190 1098 καλῷ
1223 1030 1457 1079 κείσονται
1496 1030 1577 1091 τῆς
1615 1028 1866 1093 εὐημερίας,
1891 1053 1937 1078 10

281 1106 355 1155 καὶ
380 1110 474 1156 πᾶν
501 1108 654 1158 ὁτιοῦν
678 1113 772 1158 τῶν
797 1110 1004 1173 ἡδίστων
1030 1111 1182 1164 αὐτοῖς
1209 1110 1436 1174 ἀδόνητον
1462 1110 1554 1178 ἕξει
1579 1108 1664 1173 τὴν
1691 1110 1845 1176 ἕδραν.

355 1187 537 1254 Πικρὸν
565 1190 645 1240 οῦν
671 1190 762 1256 ἄρα
794 1194 868 1242 καὶ
901 1192 1130 1243 ἀπευκτὸν
1165 1195 1355 1257 ἀληθῶς
1390 1191 1443 1243 τὸ
1480 1193 1773 1253 δυσβουλίας
1802 1196 1865 1246 εἰς

278 1277 415 1322 τοῦτο
449 1279 761 1338 κατολισθεῖν,
790 1278 851 1329 ὡς
886 1277 941 1326 δι’
971 1276 1152 1331 οὐδενὸς
1188 1276 1273 1340 μὲν
1308 1281 1543 1328 ποιεῖσθαι
1569 1281 1753 1340 τολμᾶν
1778 1276 1864 1341 τὴν

278 1355 339 1406 εἰς
378 1353 502 1404 Θεὸν
538 1355 797 1421 ἀγάπησιν,
838 1363 1152 1424 προσκεῖσθαι
1188 1359 1235 1410 δὲ
1271 1364 1366 1413 τοῖς
1405 1359 1595 1413 ἀτόποις
1633 1361 1707 1410 καὶ
1747 1362 1862 1425 δρᾶν

277 1432 307 1485 ἃ
331 1434 395 1498 μὴ
428 1436 568 1498 θέμις,
597 1440 671 1488 καὶ
706 1445 991 1490 καταλυπεΐν
1026 1441 1179 1502 αὐτὸν,
1207 1440 1386 1491 οἴεσθαι
1422 1440 1469 1491 δὲ
1495 1440 1578 1503 ὅτι,
1616 1439 1680 1504 μὴ
1720 1441 1861 1492 αὐτοῦ
1885 1460 1930 1498 15

236 1539 257 1564 e
276 1516 493 1580 διδόντος,
522 1519 655 1570 ε”σται
690 1543 734 1570 τι
767 1526 861 1571 τῶν
888 1524 1081 1587 ἀγαθῶν
1114 1524 1186 1592 ἐφ’
1217 1524 1344 1587 ἡμῖν’
1386 1531 1412 1553 “
1433 1526 1583 1574 Πᾶσα
1608 1522 1701 1589 γὰρ
1729 1523 1861 1577 δόσις

274 1605 301 1627 “
327 1598 481 1665 ἀγαθὴ
521 1603 596 1652 καὶ
634 1607 729 1653 πᾶν
766 1603 959 1670 δώρημα
993 1604 1169 1655 τέλειον
1210 1603 1387 1656 ἄνωθέν
1426 1606 1542 1668 ε’στι,
1577 1610 1861 1665 καταβαῖνον

273 1680 454 1746 ιζπαρόι
502 1689 586 1733 τοῦ
642 1684 830 1751 Πατρὸς
871 1691 965 1736 τῶν
1018 1687 1238 1754 φώτων·”
1292 1689 1417 1757 αὐτῷ
1467 1686 1523 1751 δὴ
1568 1687 1659 1753 ἄρα
1698 1710 1853 1754 προσ-

273 1768 457 1814 κεῖσθαι
507 1764 669 1829 καλὸν,
712 1769 787 1818 καὶ
833 1767 974 1819 αὐτὸν
1023 1770 1195 1820 ἐλπίδα
1244 1773 1480 1820 ποιεῖσθαι
1530 1772 1605 1820 καὶ
1650 1768 1853 1836 ἀρωγόν.

273 1844 537 1913 ἐξουθενοῦσι
570 1847 618 1898 δὲ
652 1850 736 1912 τὴν
761 1849 882 1912 Σιῶν,
910 1850 1124 1901 τουτέστι
1151 1849 1236 1914 τὴν
1261 1850 1569 1915 Ἐκκλησίαν,
1596 1852 1672 1902 καὶ
1699 1855 1739 1902 οἱ
1763 1856 1857 1903 τῶν
1879 1878 1926 1904 20

273 1929 480 1979 ἀνοσίων
506 1930 753 1996 δογμάτων
787 1932 1142 1998 προεστηκότες,
1170 1935 1246 1984 καὶ
1285 1933 1364 1984 ε’πί
1392 1957 1444 1999 γε
1469 1937 1570 1986 ταῖς
1594 1938 1739 2002 σφῶν
1771 1935 1852 1984 αὐ-

269 2013 363 2059 τῶν
398 2011 700 2077 εὐγλωττίαις
734 2015 1153 2081 ἐπιθαρσήσαντες,
1185 2020 1259 2066 καὶ
1285 2020 1660 2084 μεγαλοφρονεῖν
1699 2015 1855 2067 εἰωθό-

269 2114 341 2145 τες
368 2093 441 2143 ἐπὶ
474 2099 569 2148 τοῖς
602 2100 696 2146 τῶν
721 2097 924 2147 ἀνοσίων
951 2102 1302 2164 συλλογισμῶν
1328 2097 1559 2164 εὑρήμασι
1592 2100 1666 2149 καὶ
1702 2101 1855 2169 σοφίᾳ

231 2176 325 2241 arsy
361 2181 579 2244 κοσμικῇ.
647 2178 816 2245 πρέποι
851 2179 896 2228 δ’
937 2177 995 2229 ἂν
1034 2181 1188 2233 αὐτοῖς
1227 2182 1301 2230 καὶ
1339 2180 1431 2247 πρό
1470 2203 1523 2246 γε
1558 2185 1650 2231 τῶν
1684 2180 1854 2233 ἄλλων

267 2255 320 2306 τὸ
361 2258 470 2308 οὐαί.
1873 2291 1920 2329 25

261 2458 578 2516 ἈΠετρύΓΗσαν
617 2463 747 2520 ἀρχὰς
785 2464 935 2515 ἐθνῶν,
977 2464 1044 2505 καὶ
1087 2463 1282 2506 εἰσῆλθον
1323 2465 1453 2506 αὐτοί.
1515 2460 1630 2505 οἶκος
1668 2467 1740 2505 τοῦ
1768 2465 1850 2508 Ἰσ-

316 2619 344 2642 1.
371 2609 479 2642 αὐτῶν
496 2610 554 2642 alt.
573 2622 642 2644 om.
662 2611 705 2644 A.
953 2623 986 2656 3.
1012 2616 1165 2656 χαυῶνας
1182 2613 1225 2646 Α.
1241 2613 1374 2656 (Alex.)
1389 2613 1432 2648 cf.
1453 2615 1489 2648 S.
1507 2613 1588 2659 Cyr.
1608 2614 1642 2647 in
1663 2613 1722 2647 Es.
1740 2615 1776 2648 ll.
1795 2627 1844 2649 cc.

263 2656 420 2698 χαβωνὰς
441 2656 480 2689 Β.
504 2655 677 2701 [χάβωνιις
696 2670 726 2691 v.
740 2658 763 2692 l.
782 2658 817 2691 in
837 2658 896 2692 ES.
915 2658 984 2703 346
1002 2658 1049 2704 a.]
1070 2659 1249 2693 Edebatur
1265 2662 1426 2705 χελῶνας.
1652 2672 1685 2702 4.
1712 2661 1845 2705 ἐξουθε-

264 2700 383 2743 νήκτισι
401 2702 445 2736 A.
464 2703 702 2747 ἐξουδενήκασι
724 2705 763 2738 Β.
782 2705 1026 2748 ἐξουδενώκασι
1045 2705 1136 2740 Edd.
1549 2717 1582 2751 5.
1608 2709 1679 2742 τοῖς
1696 2707 1791 2742 deest
1809 2709 1844 2742 in

267 2748 356 2782 Edd.
529 2749 561 2784 6.
589 2750 788 2796 ἐπενήνοχεν
804 2752 916 2787 αὐτοῖς
933 2752 977 2786 Α.
996 2751 1176 2797 ἐπενήνοχε
1194 2752 1325 2788 τούτοις
1344 2753 1385 2787 Β.
1403 2753 1587 2799 ἐπενήνοχα
1603 2753 1734 2789 τούτοις
1752 2754 1843 2789 Edd.

269 2804 389 2837 12-10.
415 2797 634 2841 πικρὸν-καὶ
651 2798 783 2842 ἀρωγόν
800 2810 870 2832 om.
892 2799 933 2833 B.
1173 2811 1224 2834 12.
1256 2800 1333 2834 Hoc
1350 2801 1483 2844 άληθῶς
1500 2807 1722 2846 assumptum
1740 2813 1779 2835 ex
1798 2802 1842 2836 A.

268 2850 319 2881 14.
345 2842 379 2874 δέ
398 2850 616 2887 assumptum
636 2857 676 2878 ex
696 2845 738 2879 A.
933 2846 983 2880 18.
1005 2845 1061 2892 δὴ]
1079 2850 1116 2887 -ὶ-
1131 2845 1189 2880 οὖν
1204 2846 1293 2880 Edd.
1483 2858 1538 2881 20.
1566 2848 1781 2892 ἐξουθενοῦσι
1797 2848 1842 2882 Α.

263 2886 371 2928 ε’ξουδ.
391 2888 429 2921 Β.
448 2889 538 2923 Edd.
588 2893 645 2933 τῆς
663 2904 724 2935 pro
741 2895 807 2925 τῶν
825 2892 912 2936 (Sic)
934 2892 1022 2927 Edd.
1168 2904 1222 2927 22.
1248 2895 1519 2939 μεγαλοφρονεῖν
1537 2894 1579 2928 Α.
1598 2894 1682 2939 μέγα
1700 2896 1762 2939 φρ.
1781 2894 1839 2927 iid.

264 2943 317 2975 23.
343 2937 589 2980 συλλογισμῶν
608 2938 649 2971 Β.
668 2940 810 2983 λογισμ.
829 2940 871 2972 A.
894 2939 984 2973 Edd.
1051 2939 1175 2974 Statim
1195 2940 1305 2985 εὗρέμ.
1327 2940 1368 2975 Β.
1435 2942 1542 2986 σοφίᾳ
1570 2943 1609 2984 τῇ
1636 2943 1776 2984 κοσμικῇ
1802 2941 1837 2974 ss.

263 2980 370 3023 σοφίᾳ
389 2984 532 3025 κοσμικῇ
555 2983 598 3017 Α.
617 2986 744 3029 σοφίας
764 2987 924 3030 κοσμικῆς
944 2985 1034 3020 Edd.
