2021 3434
75 680 96 717 01

52 1093 98 1118 10

116 227 142 268 i.
167 241 203 283 3.
591 231 665 270 IN
707 230 944 271 OSEAM.
1006 230 1156 270 TOM.
1203 230 1238 269 1.
1647 233 1692 271 17

115 341 177 390 εἷς
201 338 398 389 ἀτοπίαν
429 338 534 392 τοὺς
566 339 752 405 λόγους,
777 340 1043 405 προσετίθει
1077 338 1256 392 τούτοις
1295 338 1437 403 ὀλίγα
1464 336 1582 387 ἅττα
1620 341 1695 388 καὶ

114 418 295 486 ψυχρά.
368 420 627 486 σκήπτεται
664 421 749 485 μὲν
792 420 885 488 γὰρ
919 426 984 491 τῷ
1023 419 1246 490 προφήτῃ
1289 424 1580 486 συνηγορεῖν,
1619 422 1693 470 καὶ

115 500 261 552 πάλιν
292 505 455 571 φησὶν,
482 503 597 567 »ὅτι
630 505 863 567 πλείστην
897 503 1017 568 ὅσην
1049 502 1106 554 ἂν
1141 501 1394 567 ἐποιήσατο
1417 500 1502 565 τὴν
1525 503 1691 567 παραί-

116 623 142 645 ,,
167 606 318 648 τησιν,
347 589 383 636 εὶ
417 585 690 650 σωματικὴν
716 587 951 650 ἠπίστατο
985 586 1225 636 κοινωνίαν
1250 584 1520 653 προστάξαι
1548 583 1687 635 Θεόν·
1711 600 1731 624 C

115 705 141 727 „
169 666 322 731 ἐπειδὴ
349 667 397 718 δὲ
426 666 483 732 ἦν
515 667 823 730 πνευματικόν
853 690 896 717 τι
919 665 973 717 τὸ
1009 666 1256 732 δρώμενον,
1284 668 1333 717 ἐκ
1359 669 1545 730 πολλῆς
1571 666 1693 732 ὀίγαν

115 787 142 808 ,,
170 748 423 815 φιλοθείας,
449 751 695 816 μονονουχὶ
721 751 796 800 καὶ
822 748 1081 812 αὐτόμολος
1108 750 1181 799 ἐπὶ
1208 747 1262 800 τὸ
1289 752 1404 816 δρᾷν
1432 749 1612 816 ἔρχεται
1639 747 1692 798 τὸ

116 870 143 892 ,,
169 830 545 893 κεκελευσμένον.
604 831 766 885 ἄλλως
790 853 851 892 τε,
879 832 1043 899 φησὶν,
1071 831 1152 881 οὐκ
1184 829 1240 880 ἂν
1267 832 1291 880 ὁ
1318 833 1401 892 τῆς
1427 831 1694 895 ἐγκρατείας

116 952 144 974 ,,
173 910 292 965 Θεὸς
329 910 543 976 ἠθέλησε’
574 936 618 963 τι
658 913 877 978 γενέσθαι
915 918 1137 974 τοιοῦτον,
1183 915 1244 966 ὡς
1280 912 1427 979 ἄνδρα
1464 918 1694 962 τοσοῦτον

117 1033 142 1055 ,,
169 997 385 1060 αἰσχραῖς
425 995 570 1048 οὕτως
613 997 688 1045 καὶ
722 993 1100 1060 βδελυρωτάταις
1145 995 1531 1058 καταμιαίνεσθαι
1572 1016 1694 1057 συμ-

115 1117 141 1139 ,,
167 1080 377 1139 πλοκαῖς,
402 1081 502 1130 ταῖς
539 1081 601 1131 εἱς
639 1082 836 1143 γυναῖκα
872 1079 1006 1146 φημὶ,
1034 1078 1109 1127 καὶ
1139 1082 1278 1127 τοῦτο
1311 1080 1580 1144 μαχλῶσαν
1619 1079 1694 1126 καὶ

114 1198 140 1220 ,,
167 1157 553 1224 πεπορνευμένην.
613 1159 956 1224 μεταπλάττων
991 1159 1039 1210 δὲ
1073 1157 1236 1226 ὥσπερ
1267 1162 1350 1223 τῆς
1375 1158 1583 1223 ἱστορίας
1609 1157 1693 1221 τὴν

113 1281 140 1303 ,,
168 1239 360 1302 δύναμιν
380 1244 442 1295 εἰς
462 1243 636 1296 ἐννοιάς
653 1241 978 1306 πνευματικὰς,
999 1242 1179 1311 ε”φασκε
1198 1240 1281 1305 μὲν
1301 1239 1413 1292 εἶναι
1433 1238 1519 1304 τὴν
1539 1241 1691 1306 Γόμερ
1709 1244 1736 1283 d

114 1362 140 1385 ,,
168 1327 229 1377 εὶς
266 1323 413 1374 τύπον
451 1327 611 1392 ψυχῆς
646 1328 856 1392 αἰσχρῶς
891 1326 966 1375 καὶ
999 1323 1212 1386 ἀσέμνως
1247 1323 1410 1392 διαζῇν
1443 1323 1688 1390 ᾑρημένης·

114 1444 140 1467 ,,
167 1404 249 1456 τὸν
286 1405 340 1456 δέ
371 1428 426 1471 γε
463 1405 714 1475 προφήτην
752 1406 904 1458 εἰκόνα
937 1412 1151 1471 πληροῦν
1189 1411 1271 1456 τοῦ
1307 1405 1484 1456 ἄνωθεν
1529 1407 1603 1455 καὶ
1642 1404 1699 1473 ἐξ

114 1527 140 1550 ,,
168 1488 378 1554 οὐρανοῦ,
410 1488 638 1552 τουτέστι,
673 1494 757 1540 τοῦ
795 1491 844 1540 ἐκ
883 1486 1073 1555 Πατρὸς
1119 1492 1244 1539 Θεοῦ
1288 1487 1461 1553 Λόγου,
1503 1486 1552 1540 ὃς
1593 1492 1694 1541 ταῖς

114 1610 140 1632 ,,
167 1569 403 1636 ἡμετέραις
433 1575 610 1638 ψυχαῖς
648 1572 999 1635 συναπτόμενος
1031 1575 1206 1635 νοητῶς
1236 1569 1295 1621 τὰ
1325 1572 1407 1633 τῆς
1439 1568 1692 1638 φιλαρέτου

114 1692 140 1714 ,,
168 1652 284 1719 ζωῆς
309 1653 458 1718 ἐνίησι
483 1653 800 1719 σπερματαῐῗ

191 1737 285 1787 Καὶ
329 1740 476 1786 ταῦτα
515 1736 599 1796 μὲν
633 1740 714 1800 τῆς
755 1738 925 1788 ἐκείνου
963 1737 1302 1802 πιθανολογίας
1340 1734 1399 1786 τὰ
1442 1735 1688 1801 εὑρέματω

687 1887 720 1920 3.
746 1875 832 1919 ὅσην
850 1875 944 1910 deest
962 1876 998 1909 in
1017 1875 1110 1910 Edd.

165 1999 175 2024 ¹
205 2000 259 2035 De
286 2000 352 2035 hac
383 2012 421 2035 re
449 2000 527 2035 vide
556 2012 666 2045 pauca
700 2012 787 2046 quae
817 1999 876 2034 de·
924 2015 1036 2045 ρητος.
1089 1999 1156 2034 His
1189 1999 1297 2034 addas
1325 1998 1551 2033 Theodorum
1586 1999 1689 2044 Mop-

115 2048 271 2093 prompsi
293 2060 311 2081 e
335 2047 466 2082 Catena
493 2048 529 2081 in
554 2048 603 2081 xii
625 2047 817 2092 Prophetas
840 2048 876 2081 in
926 2054 1130 2082 suestenum
1171 2047 1215 2081 ad
1252 2048 1319 2081 loc.
1356 2046 1392 2081 S.
1427 2046 1556 2091 CyriHo
1589 2047 1690 2090 plane

114 2095 208 2129 Bibl.
230 2094 266 2129 S.
285 2094 474 2134 Laurentii,
495 2094 698 2134 Florentiae,
719 2094 812 2128 Plut.
829 2094 874 2128 xi
926 2095 1214 2129 consentientem.

117 2141 205 2176 Cod.
239 2153 294 2182 22,
328 2141 389 2175 fol.
423 2154 456 2184 4.
504 2140 670 2187 Ὠριγένει
703 2142 793 2175 δοκεῖ
823 2142 877 2174 καὶ
975 2142 1118 2187 Hypatii
1142 2141 1307 2176 Scholion
1328 2139 1386 2173 dat
1407 2138 1537 2173 Catena
1557 2139 1689 2180 eadem,

114 2188 234 2224 ἅλλοις
266 2189 356 2223 τισὶν
387 2187 539 2234 ἀρχαιοις
569 2189 614 2232 μὴ
652 2189 785 2233 μιγῆναι
817 2189 876 2222 τὸν
925 2200 1030 2234 quam
1055 2188 1074 2222 b
1104 2188 1250 2232 signavi.
1295 2186 1465 2220 Υπατίου.
1509 2166 1690 2220 Κελεύεταῖ

114 2234 294 2280 προφήτην
309 2237 428 2280 πόρνῃ,
445 2235 535 2269 ἀλλὰ
553 2235 623 2270 καθ’
639 2235 801 2269 ὑπόθεσιν
817 2234 875 2269 λε’-
923 2236 1014 2279 παρὰ
1046 2237 1105 2269 τοῦ
1139 2237 1226 2268 Θεοῦ
1261 2236 1278 2268 6
1311 2232 1489 2278 προφήτης
1522 2233 1559 2277 ἐξ
1587 2234 1689 2267 αὐτοῦ

114 2283 247 2327 γεσθαι·
278 2281 372 2326 ἡνίκα
395 2283 460 2328 γὰρ
482 2284 500 2316 ὁ
516 2282 632 2317 λαὸς’
616 2283 877 2327 εκπεπόρνευκεν
924 2285 983 2316 τοῦ
1009 2281 1295 2327 ἐκπορνεύσαντος
1321 2282 1406 2313 λαοῦ
1434 2281 1554 2320 λαβεῖν
1582 2281 1688 2337 ἑαυτῷ

115 2343 151 2362 εκ
163 2331 223 2363 τοῦ
236 2331 324 2363 Θεοῦ
338 2328 546 2375 ὁπροφήτης
563 2329 601 2363 06
615 2330 876 2374 συνανεμίγνυτο
924 2331 1073 2375 γυναῖκα·
1100 2329 1139 2373 ἦν
1157 2343 1221 2372 περ
1245 2329 1339 2361 καλεῖ
1363 2329 1501 2371 γυναῖκα
1522 2327 1687 2370 πορνείας,

115 2374 254 2412 τούτοις·
296 2378 447 2410 τοῦνεκεν
478 2391 696 2427 προστασσει
736 2377 824 2422 αὐτῷ
858 2377 876 2409 ὁ
925 2377 977 2410 καὶ
999 2377 1206 2421 τεκνογονεῖν
1227 2375 1264 2417 ἐξ
1290 2375 1390 2417 αὐτῆς
1414 2373 1511 2407 τέκνα
1534 2375 1690 2418 πορνείας

117 2423 202 2458 Θεὸς
223 2424 370 2457 συνεῖναι
392 2425 438 2469 τῷ
465 2425 549 2469 λαῷ·
585 2426 634 2458 οἱς
660 2423 797 2457 συνάδει
823 2424 877 2456 καὶ
925 2424 977 2457 καὶ
1003 2423 1056 2456 διὰ
1076 2422 1202 2456 τούτων
1219 2421 1382 2463 ἐπιδεῖξαι
1401 2420 1503 2454 αὐτοῦ
1525 2421 1585 2464 τὴν
1606 2423 1691 2464 πρὸς

115 2467 270 2504 Ὑπάτιος
287 2470 304 2502 6
322 2471 472 2505 Νικαίας.
504 2470 661 2516 Εὐσεβίῳ
676 2471 712 2504 δε
723 2472 768 2516 τῷ
780 2475 876 2513 Παμ-
924 2471 983 2504 τὸν
1005 2470 1089 2503 λαὸν
1112 2469 1289 2502 οἷκείωσιν·
1320 2466 1358 2501 ιν’
1385 2466 1490 2502 οὕτως
1514 2467 1689 2503 ἀκούοντες

116 2515 223 2560 φίλου
256 2514 339 2549 οἴκοι
359 2515 522 2573 κατέχειν
562 2517 621 2561 τὴν
661 2518 787 2562 πόρνην
819 2518 878 2550 τὸν
925 2517 966 2550 τὰ
984 2515 1062 2560 παρ’
1077 2516 1178 2549 αὐτοῦ
1200 2516 1378 2560 λεγόμενα,
1396 2513 1611 2558 ἐπιστήσωσι
1632 2516 1690 2549 τὸν

115 2562 305 2606 προφήτην,
334 2562 372 2596 οὐ
399 2563 463 2606 μὴν
490 2563 680 2606 μιαίνεσθαι
713 2564 748 2597 ἐν
779 2564 873 2607 αὐτη·
923 2565 1001 2597 νοῦν
1018 2563 1068 2596 ὅτι
1085 2562 1220 2605 ἀληθεῖς
1243 2562 1274 2595 οἱ
1296 2562 1394 2606 λόγοι
1411 2562 1469 2604 τῆς
1486 2561 1587 2595 αὐτοῦ
1604 2576 1688 2605 προ-

115 2608 192 2642 ἀλλ’
211 2610 248 2652 εξ
270 2608 390 2652 ετέρων
410 2609 642 2652 πορνεύουσαν
660 2612 874 2645 τεκνοποιεῖν·
923 2610 1075 2654 φητείας·
1109 2609 1147 2642 οὐ
1175 2609 1240 2653 γὰρ
1268 2609 1371 2652 μόνον
1399 2608 1481 2641 κατὰ
1515 2610 1574 2642 τοῦ
1603 2610 1688 2642 λαοῦ

115 2654 293 2699 σύμβολον
321 2655 357 2689 δὲ
383 2658 482 2689 τοῦτο
515 2655 566 2690 ὅτι
592 2657 621 2690 εἷ
649 2658 701 2690 καὶ
735 2657 875 2701 ἐμακρο-
925 2657 1053 2699 εκόμιζε
1081 2657 1140 2691 τὰς
1172 2655 1374 2700 ἀποφάσεις·
1411 2654 1502 2688 ἀλλὰ
1530 2656 1584 2689 καὶ
1617 2655 1686 2689 κατ’

115 2701 211 2745 θύμει
238 2703 292 2736 ἐπὶ
314 2717 353 2746 τῃ
379 2701 519 2747 ἀσεβείᾳ
543 2705 602 2736 τοῦ
626 2705 712 2737 λαοῦ
734 2705 752 2737 ὁ
778 2709 875 2743 Θεος,
924 2704 1025 2737 αὐτοῦ
1050 2705 1109 2736 τοῦ
1131 2701 1360 2746 προσήκοντος
1384 2702 1474 2759 αὐτῷ
1490 2701 1625 2759 γένους,
1651 2703 1688 2736 ἐκ

115 2749 155 2783 οὐ
182 2751 248 2793 μὴν
273 2748 448 2793 ἧσμένιζεν
470 2748 487 2792 ἢ
507 2749 676 2806 ἀνείχετο,
706 2750 796 2783 ἀλλὰ
822 2751 874 2783 καὶ
923 2751 981 2793 τῆς
1006 2751 1090 2794 πρὸς
1112 2749 1231 2784 αὐτοὺς
1256 2748 1433 2793 ἐπιμιξίας·
1460 2747 1498 2783 ἵν’
1518 2749 1555 2792 ἐξ
1579 2749 1688 2783 αὐτῶν

114 2796 192 2830 λίαν
210 2795 420 2842 ἠχθραίνετυ·
447 2794 516 2829 οὐδ
530 2795 570 2830 αὐ
586 2798 722 2830 πάλιν(
706 2812 724 2830 ο
740 2796 857 2831 λαὸς’
840 2811 875 2830 εκ
922 2796 1140 2836 βεβαιωθὼσι
1165 2799 1231 2829 τῶν
1255 2797 1462 2841 πραγμάτων
1491 2796 1522 2829 οἱ
1548 2795 1686 2830 ακούον-

114 2845 176 2876 τοῦ
211 2844 314 2887 ἄνδρα
355 2843 408 2876 καὶ
448 2843 644 2886 προστάτην
676 2843 877 2900 επιγράφειν
923 2857 987 2881 τες,
1013 2842 1064 2876 ὅτι
1091 2844 1108 2876 ὁ
1133 2843 1216 2886 μηδὲ
1243 2845 1302 2876 τοῦ
1335 2843 1455 2876 οἰκείου
1487 2843 1687 2887 φειδόμενος

115 2890 242 2926 ἑαυτοῖς
260 2891 318 2924 τὸν
339 2890 435 2929 Θεὸν,
454 2892 543 2933 εἶχεν
567 2904 598 2923 τι
623 2890 773 2930 εὐσεβες,
794 2890 876 2924 ἀσε-
923 2904 1050 2934 γενους,
1080 2889 1206 2933 ἀληθής
1232 2889 1326 2923 ἐστιν
1352 2890 1404 2923 καὶ
1431 2890 1567 2929 δίκαιος,
1599 2892 1686 2923 Θεοῦ

114 2938 184 2976 βῶς
208 2936 460 2980 ὃιατεθειμενος·
491 2938 508 2970 ὁ
532 2936 568 2970 δε
590 2937 684 2982 ἅγιος
708 2936 877 2981 Κύριλλος
924 2937 1053 2980 βουλὴν
1078 2935 1321 2970 ἀποκαλύπτων
1348 2938 1392 2982 τῷ
1422 2938 1506 2981 λαῷ·
1544 2937 1595 2969 καὶ
1629 2938 1688 2978 τῆς

115 2984 249 3042 μιγῆναι
277 2984 370 3029 λε’γει
398 2985 456 3017 τὸν
483 2983 662 3029 προφήτην
688 2986 728 3027 τῇ
757 2985 875 3028 πόρνῃ·
925 2985 1034 3026 κοινῆς
1058 2984 1164 3017 αὐτῶν
1195 2985 1376 3029 συμφορᾶς
1403 2982 1601 3026 ποιούμενος
1630 2984 1687 3026 τὴν

116 3032 169 3064 καὶ
191 3032 210 3063 ὁ
234 3034 300 3065 τῶν
321 3030 545 3075 προκειμένων
567 3031 726 3076 ἐξηγητὴς
746 3031 876 3064 Θεοδώ-
926 3031 1145 3076 προφητείαν.

173 3101 264 3130 VOL.
288 3103 316 3129 I.
890 3102 916 3129 D
