2021 3434
9 119 13 134 ι

11 145 14 195 Ῑ

91 213 132 253 ii.
152 228 189 266 9,
220 227 280 253 10.
551 216 622 256 IN
665 217 907 259 OSEAM.
968 217 1116 258 TOM.
1163 217 1222 257 II.
1610 218 1662 256 57

89 322 259 390 ζόντων
285 326 438 379 αὐτοῖς
472 331 565 377 τῶν
600 328 797 393 ὡρίμων·
839 331 900 381 ὡς
925 327 1146 391 ματαίους
1178 328 1434 390 ἀνατλῆναι
1460 325 1534 375 καὶ
1560 323 1665 378 τοὺς

88 407 167 457 ἐπί
187 429 240 470 γε
266 411 324 474 τῇ
352 411 551 479 γηπονίᾳ
575 409 758 464 πόνους.

0 527 11 547 μ
162 493 220 539 Ei
259 489 307 540 δὲ
347 491 402 555 δή
441 515 509 545 τις
550 492 701 543 ἕλοιτο
740 496 872 553 νοεῖν,
904 491 974 541 ὅτι
1009 494 1128 542 σ-ίτου
1168 493 1242 542 καὶ
1287 493 1386 542 οἴνου
1426 488 1659 555 στερηθή-

87 592 254 622 σονται
281 572 400 623 κατὰ
431 573 613 640 καιροὺς
640 575 866 634 Ἰουδαῖοι,
890 576 972 636 τῆς
997 576 1226 637 μυστικῆς
1251 574 1466 638 εὐλογίας
1492 574 1660 622 ἐκπεπ-

45 652 296 717 5τωκότες,
335 655 533 719 συνήσει
572 660 741 709 καλῶς.
810 654 944 706 ὀθόνια
982 655 1035 705 δέ
1065 659 1199 722 φησι,
1234 654 1318 718 τὴν
1357 657 1491 705 οἱονεὶ
1529 675 1657 719 περι-

86 738 270 803 στολὴν
308 743 382 791 καὶ
420 740 504 805 τὴν
548 741 726 791 ἄνωθεν
770 742 1046 806 ἐπικουρίαν,
1094 740 1171 808 ὑφ’
1210 738 1240 808 ᾗ
1284 739 1488 806 γεγονὼς
1529 739 1663 790 ἔσται
1679 749 1706 789 b

85 844 154 875 τις
188 821 452 889 εὐσχήμων.
521 827 558 873 εὶ
597 823 644 873 δὲ
683 823 773 891 ἔξω
813 822 1014 891 φέροιτο,
1050 821 1340 888 περικαλλὴς
1378 822 1462 885 μὲν
1501 821 1663 883 οὐκέτι,

0 931 8 957 n
87 903 214 954 πολὺ
239 905 286 955 δὲ
312 903 368 968 δὴ
395 906 503 955 λίαν
529 903 762 972 ἀσχήμων
794 907 868 955 καὶ
903 907 1037 955 οἱονεὶ
1064 903 1239 969 γυμνὸς
1266 903 1523 954 διατελέσει
1548 902 1666 953 κατὰ

2 961 9 1029 ί
84 985 166 1036 τὸν
197 985 392 1050 κόσμον.
461 985 549 1038 ὦδε
587 986 671 1049 μὲν
707 987 787 1037 οῦν
821 985 907 1051 τὴν
938 991 1031 1037 τῶν
1070 988 1264 1037 ὀθονίων
1303 986 1486 1050 νοήσεις
1517 986 1660 1053 ἀφαί-

0 1030 66 1139 ίιο
83 1090 229 1133 ρεσιν,
256 1069 370 1135 ὑπέρ
394 1091 446 1135 γε
472 1075 554 1120 τοῦ
580 1068 646 1135 μὴ
673 1069 999 1120 καλύπτεσθαι
1025 1068 1112 1134 τὴν
1137 1067 1483 1137 ἀσχημοσύνην
1508 1068 1663 1132 αὐτῆς.

84 1150 409 1218 ἀποκαλύψειν
450 1151 497 1202 δὲ
548 1150 615 1212 τὴν
667 1151 945 1221 ἀκαθαρσίαν
998 1151 1130 1211 αὐτῆς
1179 1150 1539 1217 ἐπαγγέλλεται,
1590 1151 1665 1200 καὶ

83 1231 160 1283 τῶν
214 1234 397 1302 ἐραστῶν
451 1233 583 1293 αὐτῆς
640 1236 826 1296 ἐναντίον,
887 1234 1005 1285 κατὰ
1057 1233 1235 1285 τοιόνδε
1291 1234 1393 1284 τίνα
1449 1231 1658 1298 τρόπον;

82 1314 303 1380 ἐλέγομεν
337 1316 516 1382 ἀρτίως,
554 1316 624 1367 ὅτι
660 1322 988 1382 περιπεσοῦσα
1026 1322 1121 1370 τοῖς
1159 1315 1391 1385 σκόλοψι,
1431 1316 1660 1377 τουτέστι,
1724 1326 1844 1409 ξυιέϊιί

1750 1380 1763 1409 7
1802 1383 1855 1399 .ι.

81 1401 176 1451 τοῖς
202 1399 250 1448 ἐκ
275 1403 358 1448 τοῦ
387 1398 596 1462 πολέμου
632 1404 800 1462 κακοῖς,
829 1401 902 1450 καὶ
929 1404 1028 1453 ταῖς
1054 1398 1124 1450 ὅτι
1147 1397 1360 1461 μάλιστα
1385 1395 1659 1460 καταπλήτ-

0 1475 63 1556 3¹5
83 1502 174 1530 τειν
220 1480 490 1544 δυναμέναις
533 1487 816 1550 συμφοραῖς,
863 1483 938 1532 καὶ
990 1483 1143 1532 αὐτῶν
1191 1481 1421 1544 ἀμελήσει
1471 1483 1565 1530 τῶν
1615 1480 1701 1529 ἐνΟ

84 1560 322 1631 ὑπολήψει
361 1567 490 1625 θεῶν,
527 1565 609 1614 οὐκ
645 1566 693 1614 ἐν
730 1568 892 1632 σχολῇ
930 1562 1250 1629 προσάγουσα
1289 1563 1456 1616 θυσίας
1495 1562 1662 1623 αὐτοῖς,

83 1645 187 1695 οὕτε
223 1644 318 1709 μὴν
355 1644 413 1695 τὰ
450 1644 633 1711 συνήθη
667 1652 881 1713 πληροῦν
920 1646 1148 1710 δυναμένη
1179 1644 1299 1712 πρὸς
1326 1643 1470 1713 δόξαν
1496 1645 1661 1694 αὐτῶν·

83 1733 496 1793 κατακερτομοῦσα
559 1727 606 1779 δὲ
659 1734 848 1792 μᾶλλον
903 1731 963 1782 ὡς
1014 1729 1145 1780 οὐδὲν
1195 1730 1349 1778 αὐτῶν
1394 1725 1663 1778 ἀπόνασθαι

82 1807 235 1871 μετὸν,
256 1812 330 1860 καὶ
361 1811 735 1878 κατονειδίζουσα
771 1835 870 1865 πως
904 1810 958 1862 τὸ
994 1811 1162 1862 ἄναλκι
1197 1814 1444 1864 παντελῶς
1471 1809 1662 1859 “Ὕ”πο-
1724 1821 1829 1883 ἓῑιιπῗ

19 1911 65 1937 20
84 1897 110 1919 ‘⁶
136 1892 334 1960 στρέψω
361 1895 484 1960 φησὶ
507 1892 626 1959 πρὸς
649 1894 731 1944 τὸν
757 1894 903 1961 ἄνδρα
928 1918 1018 1957 μου
1044 1893 1125 1944 τὸν
1151 1893 1379 1960 πρότερον
1405 1892 1475 1943 ὅτι
1506 1896 1663 1945 καλῶς
1723 1876 1787 1896 Ἢ,
1812 1882 1837 1904 μ

85 1980 111 2002 “
135 1997 214 2036 μοι
246 1973 304 2039 ἧν
334 1975 438 2026 τότε
480 1974 507 2040 ὴ
545 1977 670 2027 νῦν.”
737 1976 850 2027 ὅταν
886 1977 1039 2027 τοίνυν
1074 1975 1360 2045 ἀπαμφιέσω
1397 1973 1481 2038 μὲν
1520 1972 1662 2037 αὐτὴν

82 2058 165 2120 τῆς
190 2056 298 2122 παρ’
319 2059 429 2121 ἐμοῦ
454 2061 605 2127 φησὶν
632 2059 906 2125 ἐπικουρίας,
930 2064 1258 2125 περιπεσοῦσα
1289 2058 1337 2108 δὲ
1367 2062 1461 2111 τοῖς
1487 2059 1661 2118 δεινοῖς,
1679 2064 1706 2104 d

84 2140 158 2189 καὶ
199 2142 281 2203 τῆς
323 2144 385 2193 εἷς
427 2139 592 2194 αὐτοὺς
634 2143 856 2209 ἀλογήσῃ
899 2145 1034 2205 τιμῆς
1076 2144 1150 2192 καὶ
1196 2140 1394 2206 ἀγάπης,
1441 2137 1543 2189 τότε
1588 2142 1662 2189 καὶ

84 2221 235 2274 αὐτοῖς
270 2222 501 2290 ἀσχήμων
539 2223 820 2293 ὀφθήσεται,
856 2226 1023 2294 σαθρῷ
1062 2227 1135 2274 καὶ
1178 2222 1422 2289 ὀκλάζοντι
1463 2224 1526 2289 νῷ
1564 2223 1661 2271 δια-

19 2324 64 2362 25
83 2303 312 2355 πτύσασα
352 2307 427 2355 καὶ
471 2305 651 2359 αὐτούς.
719 2306 835 2356 ὅσον
867 2305 960 2371 γὰρ
1003 2306 1111 2370 ἧκεν
1152 2309 1213 2358 εἱς
1257 2303 1310 2355 τὸ
1354 2304 1538 2356 ἐκείνοις
1575 2301 1661 2366 ἡδὺ

84 2388 159 2437 καὶ
184 2388 342 2455 φίλον,
368 2390 590 2452 τληπαθῆ
615 2392 804 2451 μᾶλλον
830 2390 1032 2454 ὁρᾶσθαι
1056 2388 1161 2455 χρὴ,
1189 2388 1263 2438 καὶ
1296 2386 1397 2436 οὐδὲ
1429 2387 1476 2435 ἐν
1502 2385 1660 2437 αὐταῖς

83 2468 232 2519 οὖσαν
268 2475 366 2523 ταῖς
402 2469 623 2537 ἐσχάταις
658 2474 927 2538 συμφοραῖς
953 2475 1047 2520 τῶν
1082 2471 1235 2521 αὐτοῖς
1271 2466 1530 2517 δοκούντων
1564 2468 1661 2517 ἐπι-

84 2549 418 2602 λανθάνεσθαι.
486 2553 651 2602 οὐκοῦν
683 2551 799 2602 ὅσον
826 2552 933 2616 ἧκεν
969 2556 1032 2606 εἰς
1063 2551 1116 2602 τὸ
1151 2550 1333 2601 ἐκείνων
1360 2548 1556 2612 θέλημα,
1584 2551 1660 2599 καὶ

83 2633 190 2699 παρ’
213 2634 367 2686 αὐτοῖς
394 2632 626 2700 ἀσχήμων
650 2634 674 2683 ὁ
693 2634 908 2699 Ἰσραὴλ,
935 2634 1014 2687 οῦς
1046 2633 1277 2696 νενόμικεν
1313 2630 1425 2682 εἶναι
1448 2631 1578 2684 θεοὺς
1605 2633 1658 2681 οὐ

19 2738 66 2774 30
83 2715 219 2782 μέχρι
258 2714 434 2768 παντὸς
484 2716 674 2779 ἀγαπᾶν
715 2715 957 2782 ᾑρημένος.
1043 2718 1168 2765 δοκεῖ
1209 2713 1264 2764 δέ
1306 2737 1384 2776 μοι
1425 2713 1570 2783 φάναι
1613 2735 1695 2763 ‘sce

84 2803 293 2848 τοιοῦτον
330 2798 354 2847 ὁ
391 2796 614 2863 μακάριος
647 2798 833 2850 Ἠλίας·
888 2797 1056 2850 ίίρΈως
1090 2796 1203 2848 πότε
1244 2797 1370 2860 ὑμεῖς
1403 2801 1656 2864 χωλανεῖτε
1720 2807 1860 2881 Ξῖζῗζ.ῐ

1720 2862 1787 2881 .'Vll
1803 2877 1808 2882 .
1828 2863 1842 2882 2
1871 2877 1876 2881 .

131 2919 164 2952 8.
192 2919 227 2952 δέ
246 2924 466 2963 assumptum
484 2930 524 2951 ex
546 2917 587 2951 B.
789 2928 840 2951 12.
868 2917 939 2951 τίνα
957 2919 1081 2962 τρόπον
1094 2916 1120 2962 ;]
1151 2917 1206 2951 Sic
1225 2918 1365 2952 correxi.
1385 2933 1456 2951 τινα
1473 2920 1598 2960 τρόπον
1618 2918 1659 2951 Β.

87 2965 177 2999 Edd.
229 2966 353 2998 Statim
372 2966 409 2999 ὃν
426 2964 505 2998 add.
527 2963 615 2997 ΕΜ.
634 2963 742 2997 invito
762 2963 802 2997 R.
1115 2976 1168 3006 24.
1196 2965 1387 3010 ὀκλάζοντι]
1409 2967 1581 3008 κολάζοντι
1600 2965 1659 3000 lid.

89 3022 143 3055 25.
169 3012 238 3055 ἥκει
256 3011 315 3045 iid.
553 3014 606 3044 28.
634 3011 700 3054 ἥκει
720 3010 777 3044 iid.

146 3082 234 3109 VOL.
261 3083 287 3109 Ι.
870 3083 878 3108 Ι
