2021 3434
334 187 419 227 408
650 187 696 226 B.
738 187 1017 228 CYRILLI
1060 188 1443 229 ALEXANDR.
1803 188 1844 228 ii.
1869 188 1904 227 8.

330 297 405 346 καί
430 295 514 359 τὴν
541 296 748 363 ἐσχάτην
772 299 821 347 ἐκ
849 296 991 360 νόμου
1017 298 1304 365 κατοίῤῥησιν
1330 298 1449 365 ἔχον,
1477 296 1530 349 τὸ
1562 297 1744 360 μεθύειν
1770 297 1907 360 ὅλως,

327 382 427 430 πῶς
465 378 519 427 οὐ
555 376 730 431 παντὸς
773 378 979 430 ἐπέκεινα
1017 378 1163 445 λόγου
1201 386 1283 431 τοῦ
1320 379 1437 446 πρὸς
1477 377 1752 448 φαυλότητα
1786 379 1900 439 βλέ-

282 468 309 508 d
326 481 509 521 ποντος,
537 458 591 510 τὸ
627 462 701 510 καὶ
738 461 786 511 ἐν
817 462 976 515 αὑταῖς
1001 462 1271 526 ἐκκλησίαις
1298 463 1499 528 ὁρᾶσθαι
1524 460 1789 520 τοιούτους;
1833 464 1908 512 καὶ

324 538 378 590 τὸ
418 541 484 592 ε”τι
523 542 878 610 φορτικώτερον,
914 547 952 594 εὶ
984 544 1041 612 ἐξ
1073 545 1242 595 ἀδίκων
1279 547 1354 595 καὶ
1392 548 1608 609 πονηρῶν
1647 542 1906 607 λημμάτων
2003 609 2006 615 Ι

324 622 383 674 τὰ
429 627 490 678 εἰς
531 623 715 692 τρυφὴν
757 626 1076 690 συλλέγοιτο;
1122 630 1162 677 οὶ
1201 632 1339 677 τοῦτο
1384 629 1581 693 δρῶντες
1625 625 1947 677 ἀκούσονται5
2000 655 2014 680 μ

324 709 448 757 Θεοῦ
495 706 718 772 λε’γοντος
763 709 969 774 ἐναργῶς
1015 715 1041 738 “
1063 708 1149 773 Μὴ
1195 708 1438 774 σπήλαιον
1476 712 1672 777 λῃστῶν
1709 709 1734 757 ὁ
1786 705 1906 761 οἶκός
2002 702 2005 714 ³

323 794 350 816 “
375 810 465 850 μου
485 789 525 848 ;”
566 790 730 840 οὐκοῦν
765 789 825 840 τὰ
860 789 1027 857 ἑτέρων
1062 789 1337 855 ἐγκλήματα
1374 789 1492 857 πρὸς
1531 790 1760 859 ὠφελείας
1798 789 1907 853 ἡμῖν

101 713 196 744 Hier.

100 758 154 788 vii.
177 768 188 788 1
198 766 224 788 1.

322 871 511 923 ἔσονται
537 876 737 937 πολλῆς,
764 876 838 925 καὶ
871 876 924 925 δι’
956 872 1022 925 ὧν
1046 875 1191 941 ἕτεροι
1220 874 1670 941 προσκεκρούκασιν,
1697 875 1907 937 ἀμείνους

320 954 446 1018 ἡμεῖς
484 954 700 1019 ἐσόμεθα,
747 960 783 1007 εἰ
821 958 1160 1023 παραιτοίμεθα
1197 956 1256 1008 τὰ
1293 958 1487 1009 ἐκείνων.
1552 955 1907 1024 ἀσφαλέστεροι
1999 1011 2010 1028 Δ,

320 1035 413 1102 γὰρ
452 1039 493 1087 οἱ
532 1037 776 1106 σώφρονες
816 1035 903 1089 εἷεν
942 1036 1000 1089 ἂν
1038 1038 1235 1101 εἰκότως,
1277 1042 1312 1089 εἰ
1358 1037 1414 1103 δὴ
1456 1037 1705 1100 βούλοιντο
1745 1037 1907 1104 διαζῆν
1930 1057 1975 1083 10

281 1136 302 1163 e
323 1117 537 1181 ἐννόμως,
565 1123 602 1169 εἰ
628 1118 692 1183 μὴ
719 1119 891 1186 ζηλοῦν
917 1121 1100 1171 ἕλοιντο
1124 1122 1367 1188 πονηρούς.
1999 1113 2003 1122 ¹

394 1198 536 1250 Ἀλλ’
581 1204 618 1250 εἰ
663 1200 747 1263 μέν
797 1201 985 1267 λέγοιτο
1033 1201 1150 1268 πρὸς
1200 1201 1282 1253 τὸν
1323 1202 1517 1265 Ἰούδαν,
1560 1202 1660 1266 η’τοι
1701 1200 1784 1254 τὰς
1825 1200 1907 1252 δύο

323 1280 479 1350 φυλὰς
505 1281 586 1335 τὰς
611 1283 658 1332 ἐν
685 1287 779 1336 τοῖς
804 1283 1154 1349 Ἱεροσολύμοις
1180 1284 1251 1335 Tb.
1277 1284 1441 1352 ἱμάτια
1468 1283 1605 1336 αὐτῶν
1633 1280 1906 1352 δεσμεύοντες

324 1368 527 1426 σχοινίοις
577 1365 994 1433 παραπετασματα
1044 1368 1208 1418 ἐποίουν
1252 1368 1443 1435 ἐχόμενα
1487 1369 1558 1418 τοῦ
1601 1365 1906 1436 θυσιαστηρίου,

323 1446 470 1513 ἔχοιεν
514 1445 571 1496 ἂν
616 1447 765 1513 ὀρθῶς
804 1450 886 1512 τῆς
920 1448 1036 1515 πρὸς
1075 1449 1206 1513 ἡμῶν
1242 1450 1408 1515 ἀρτίως
1446 1448 1680 1516 εἰρημένης
1716 1449 1907 1514 θεωρίας
1930 1462 1974 1502 15
2002 1443 2016 1466 ⁴

323 1529 347 1578 ὁ
376 1527 536 1593 λόγος.
600 1532 636 1579 εἰ
675 1528 723 1579 δέ
757 1528 813 1593 δὴ
853 1530 1040 1598 φέροιτο
1076 1533 1152 1581 καὶ
1185 1530 1305 1581 κατὰ
1333 1537 1415 1582 τοῦ
1441 1530 1640 1598 Ἰσραὴλ
1667 1529 1720 1581 τὸ
1744 1536 1905 1594 πλημ-

322 1609 529 1674 μέλημα,
560 1611 706 1677 φαίην
737 1610 807 1674 Bw,
836 1611 906 1663 ὅτι
941 1614 1024 1663 οὐκ
1056 1614 1092 1664 ἐν
1127 1619 1187 1683 τῷ
1227 1616 1327 1683 οἴκῳ
1366 1615 1507 1664 αὐτοῦ
1534 1614 1644 1664 Θεοῧ
1669 1618 1752 1663 τοῦ
1790 1610 1908 1662 κατὰ

324 1691 472 1760 φύσιν
521 1695 595 1743 καὶ
644 1694 847 1758 ἀληθῶς,
897 1693 1001 1745 οὐδὲ
1053 1695 1252 1763 ἐχόμενα
1289 1698 1359 1747 τοῦ
1403 1694 1695 1764 θυσιαστηρίου
1744 1696 1790 1744 αὶ
1834 1692 1909 1745 διὰ

323 1778 417 1825 τῶν
448 1775 867 1841 περιτανυσμάτων
898 1777 1151 1828 ἐπλέκοντο
1188 1780 1373 1842 σκηναὶ,
1409 1777 1554 1843 ἤγουν
1583 1776 1642 1828 τὰ
1678 1778 1728 1828 ἐκ
1765 1777 1906 1841 με’θης

103 1876 189 1911 270
205 1873 257 1908 A.
286 1883 308 1907 a
325 1855 589 1922 ἐπράττετο,
609 1859 718 1908 ἀλλ’
739 1860 776 1909 ἐν
803 1864 861 1929 τῷ
889 1862 991 1929 οἴκῳ
1018 1861 1090 1911 τοῧ
1116 1859 1202 1911 θεοῦ
1227 1864 1378 1923 αὐτῶν,
1398 1861 1472 1911 ἵνα
1498 1860 1630 1926 λε’γοι
1655 1858 1737 1910 τὸν
1755 1857 1907 1922 Βαὰλ,
1929 1879 1976 1906 20
2012 1886 2014 1890 ·

325 1938 471 2003 ἤγουν
515 1938 671 2005 ἕτερόν
714 1963 818 1992 τινα
858 1945 951 1992 τῶν
991 1941 1048 2011 ἐξ
1090 1942 1291 1996 ἐπινοίας
1333 1942 1624 2009 ἀνθρωπίνης
1663 1944 1724 1996 εἰς
1760 1940 1908 1993 τύπον

325 2021 518 2072 εἰδώλου
558 2023 891 2086 πεποιημένων.
956 2027 1057 2077 πῶς
1095 2025 1175 2075 οὖν
1219 2024 1285 2075 ε”τι
1326 2028 1714 2089 καταλογισθεῖεν
1752 2022 1809 2074 ἂν
1847 2026 1909 2077 εἰς

325 2103 542 2169 ε”γκλημα
583 2109 649 2174 τῷ
682 2104 897 2172 Ἰσραὴλ,
936 2104 990 2157 τὸ
1025 2107 1063 2157 ἐν
1108 2108 1210 2177 οἴκῳ
1249 2106 1392 2174 τυχὸν
1431 2106 1648 2170 εἰδώλων,
1684 2110 1760 2158 καὶ
1796 2106 1905 2172 παρ’

326 2184 438 2236 αὐτὸ
462 2186 515 2236 τὸ
542 2186 755 2251 βέβηλον
781 2186 1066 2258 θυσιαστήριον
1098 2188 1206 2258 οἴνῳ
1240 2211 1289 2239 τε
1322 2188 1506 2253 μεθύειν
1541 2191 1616 2240 καὶ
1646 2188 1908 2258 ἐξυφαίνειν
1989 2254 1993 2269 ς

327 2267 506 2332 σκηνάς
528 2290 538 2329 ;
580 2268 650 2319 ὅτι
675 2275 822 2320 ταῦτα
846 2268 1135 2334 τετιμήκασι,
1155 2273 1228 2321 καὶ
1254 2271 1396 2335 με’θης
1423 2270 1585 2338 ὥσπερ
1605 2275 1680 2322 καὶ
1708 2275 1908 2338 αἰσχρᾶς
1928 2292 1992 2335 25,

328 2350 518 2415 ἁπάσης
545 2351 710 2415 ἡδονῆς
736 2351 1026 2418 ἐργαστήρια
1056 2357 1150 2403 τῶν
1184 2354 1232 2403 ἐν
1258 2352 1497 2422 ὑπολήψει
1530 2357 1648 2404 θεῶν
1671 2354 1908 2405 ἐποιοῦντο

375 2583 409 2617 3.
436 2573 549 2608 αὐταῖς
567 2572 776 2618 ἐκκλησίαις]
796 2574 877 2618 αὐτῇ
896 2573 1058 2619 ἐκκλησίᾳ
1077 2573 1168 2608 Edd.
1357 2586 1388 2616 4.
1407 2574 1554 2615 αἱμάτων
1570 2585 1632 2618 pro
1649 2574 1831 2618 λημμάτων
1848 2573 1906 2609 iid.

329 2628 362 2664 5.
391 2619 596 2665 συλλέγοιτο
614 2620 657 2654 A.
676 2620 902 2666 συλλέγοιντο
919 2620 978 2654 iid.
1231 2630 1262 2666 7.
1289 2620 1379 2664 ἡμῶν
1395 2620 1454 2654 iid.
1701 2633 1734 2664 9.
1761 2621 1908 2664 ἐσόμεθα

331 2673 554 2711 assumptum
572 2678 613 2700 ex
633 2667 674 2701 B.
724 2666 1197 2712 ἀσφαλέστερον-πονηρούς
1214 2679 1283 2701 om.
1306 2668 1346 2701 B.
1617 2678 1669 2702 12.
1695 2668 1756 2710 μὲν
1774 2680 1843 2702 om.
1862 2668 1905 2701 A.

335 2724 388 2756 13.
415 2716 485 2748 τοῖς
513 2720 734 2758 assumptum
765 2727 806 2748 ex
837 2714 879 2748 B.
944 2715 984 2748 τὰ
1020 2715 1131 2757 ἱμάτια
1161 2715 1270 2748 αὐτῶν
1296 2715 1326 2748 δ.
1358 2730 1417 2760 σχ.
1452 2715 1741 2758 παραπετάσματι]
1774 2714 1908 2748 ἐποίουν

333 2759 488 2803 (ἐποίουν
504 2774 631 2805 παραπ.
651 2761 694 2794 A.
700 2760 751 2805 )'
735 2777 785 2806 εχ.
805 2764 864 2795 τοῦ
882 2761 1127 2805 θυσιαστηρίου
1145 2763 1188 2796 A.
1195 2761 1234 2795 Β.
1253 2762 1291 2795 τὸ
1307 2761 1409 2805 ῥητὸν
1426 2761 1517 2795 Edd.
1665 2771 1717 2806 15.
1736 2762 1846 2806 ἔχοιεν
1862 2761 1906 2794 Α.

333 2806 407 2850 ἔχοι
424 2807 482 2841 iid.
638 2817 689 2852 17.
716 2809 818 2842 αὐτοῦ
836 2809 879 2842 A.
896 2811 955 2842 τοῦ
976 2807 1068 2842 Edd.
1215 2809 1266 2842 18.
1296 2809 1392 2842 Haec
1411 2809 1462 2842 καὶ
1479 2808 1613 2852 ἀληθῶς
1629 2814 1849 2843 accesserunt
1866 2820 1907 2842 ex

334 2852 377 2885 A.
384 2852 424 2886 Β.
474 2853 550 2898 τοῦ]
569 2858 604 2894 -1-
627 2854 717 2888 θείου
736 2854 827 2888 Edd.
846 2855 963 2889 invitis
982 2855 1024 2888 A.
1032 2855 1073 2889 B.
1123 2855 1177 2889 διὰ
1194 2861 1414 2900 assumptum
1433 2867 1474 2889 ex
1492 2855 1534 2889 A.
1542 2855 1583 2889 B.
1696 2866 1751 2889 21.
1776 2869 1849 2889 τινα
1862 2854 1906 2889 Α.

333 2912 365 2931 τι
384 2899 474 2933 Edd.
528 2900 652 2934 Statim
669 2902 998 2946 τὸν-πεποιημένον
1015 2902 1058 2935 A.
1204 2913 1260 2936 22.
1285 2902 1545 2947 καταλογισθείη
1565 2901 1655 2938 Edd.
1775 2913 1829 2947 23.
1863 2903 1908 2947 τῷ

335 2944 370 2977 ἐν
387 2945 464 2990 οἷκῲ
483 2948 586 2991 τυχὸν
603 2948 731 2993 εἰδώλῳ
749 2948 792 2982 A
937 2960 992 2990 24.
1018 2947 1186 2993 βεβηλον]
1209 2948 1320 2992 Βεβηλ
1339 2948 1427 2994 (SIC)
1447 2948 1538 2983 Edd.
1690 2957 1744 2993 25.
1763 2948 1908 2992 αἶσχρᾶς

335 2980 477 3025 access'it
495 3004 535 3026 ex
556 2993 595 3027 Β
616 3002 695 3038 post
712 2994 844 3039 ἁπάσης
861 3001 992 3040 transp
1011 2995 1052 3029 A
1244 2997 1298 3030 26.
1325 2996 1458 3030 ἐποίουν
1477 2995 1567 3030 Edd.
