2021 3434
112 143 344 198 xiii.9-11.
548 144 622 185 IN
662 144 900 186 OSEAM.
961 143 1113 185 TOM.
1154 144 1258 186 VII.
1606 144 1690 184 269

111 255 363 315 βασιλείαν
393 258 458 323 τῷ
485 258 607 325 Θεῷ,
634 256 779 307 καίτοι
813 254 1209 317 βεβασιλευκότος
1238 259 1332 306 τῶν
1363 253 1689 322 ἀρχαιοτέρων,

113 334 189 387 διὰ
225 340 496 405 Προφητῶν
539 338 699 404 ἁγίων.
769 338 859 406 ἔφη
903 337 1012 404 γὰρ,
1060 337 1130 389 ὅτι
1175 344 1201 368 “
1223 340 1318 389 Καὶ
1364 338 1412 388 ἐν
1456 335 1856 420 Προφήτῃοὲξξῐπιτι

114 424 141 448 “
167 417 375 484 ἀνήγαγε
415 418 588 485 Κύριος
626 418 707 470 τὸν
732 418 933 486 Ἰσραὴλ
970 419 1027 488 ἐξ
1062 419 1319 485 Αἰγύπτου,
1359 421 1434 470 καὶ
1472 420 1520 469 ἐν
1555 422 1689 485 Προ-
1752 402 1806 421 λη’
1849 401 1879 430 ὅ·

114 506 142 529 “
167 499 295 567 φήτῃ
322 500 662 569 διεφυλάχθη.”
728 502 853 564 ὑμεῖς
885 500 947 563 δὲ,
975 503 1111 569 φησὶ,
1138 501 1191 553 τὸ
1218 500 1308 552 ὑπὸ
1335 504 1442 570 Θεῷ
1473 500 1696 567 πράττειν

75 580 479 647 5παρωθούμενοι,
518 582 897 647 καταβεβοήκατε
940 588 1023 633 τοῦ
1063 583 1293 649 μακαρίου
1343 581 1569 647 Σαμουὴλ
1609 582 1689 633 λε’-

114 686 274 727 γοντες
301 663 468 714 ((Ἰδοὺ
501 664 564 715 σὺ
602 663 880 730 γεγήρακας,
910 665 983 715 καὶ
1018 667 1059 714 οἱ
1097 665 1188 714 υἱοί
1213 687 1304 715 σου
1334 665 1388 715 οὐ
1420 663 1695 730 πορεύονται
1757 668 1880 749 ἱϋξῖθξ]

115 752 143 774 “
166 746 214 795 ἐν
250 749 308 813 τῇ
343 745 436 814 ὁδῷ
479 764 586 795 σου·
629 747 704 796 καὶ
746 751 828 796 νῦν
870 744 1176 810 καταστήσον
1218 747 1288 814 ἐφ’
1330 746 1450 809 ἡμᾶς
1488 745 1696 806 βασιλέα
1817 736 1823 742 ι

117 834 145 856 “
170 826 365 893 δικάζειν
389 827 521 890 ἡμᾶς,
549 826 670 877 καθὰ
696 829 771 877 καὶ
796 825 855 877 τὰ
880 826 1025 878 λοιπὰ
1050 827 1203 891 ε”θνη.”
1263 827 1427 877 οὐκοῦν
1453 827 1697 893 ἐπειδήπερ

117 909 166 959 εὖ
190 913 538 969 βεβουλεῦσθαι
564 911 722 971 δοκεῖς,
745 908 1022 973 ἀναστήσας
1047 910 1121 960 ἐπὶ
1146 912 1308 977 σαυτῷ
1331 908 1553 971 βασιλέα,
1575 909 1698 959 καθὰ

53 1013 100 1038 10
119 991 193 1041 καὶ
229 989 288 1041 τὰ
324 989 469 1042 λοιπὰ
502 990 625 1055 ἔθνη,
649 990 891 1057 σώζεσθαί
923 1013 974 1041 τε
1010 989 1120 1057 παρ’
1148 992 1289 1042 αὐτοῦ
1323 989 1698 1057 προσεδόκησας,

119 1074 203 1124 ποῧ
237 1078 319 1124 νῦν
353 1072 444 1140 ἄρα
477 1073 617 1134 ἐστίν,
670 1072 768 1123 ἰδοὺ
805 1071 962 1139 καιρὸς
999 1073 1272 1142 ἐπιδείξεως,
1307 1074 1568 1137 πολεμείτω
1607 1082 1745 1125 σουᾶ

119 1154 201 1206 τὸν
248 1153 471 1218 πόλεμον,
524 1154 789 1221 ὁπλιζέσθω
852 1159 1094 1221 λαμπρῶς,
1145 1155 1333 1222 σωζέτω
1380 1154 1465 1208 τὰς
1522 1153 1698 1218 πόλεις,

119 1236 446 1303 προασπιζέτω
480 1242 574 1288 τῶν
608 1236 698 1288 ὑπὸ
737 1242 881 1305 χεῖρα,
907 1240 1230 1299 κατασοβείτω
1263 1242 1358 1288 τῶν
1390 1238 1444 1288 δι’
1476 1237 1698 1300 ἐναντίας,

120 1319 350 1370 ἐλαυνέτω
385 1324 602 1374 νεανικῶς
636 1319 744 1374 τοὺς
780 1322 1040 1388 καταδῃοῦν
1074 1319 1318 1374 ἐθέλοντας
1355 1319 1505 1374 οἴκους
1542 1342 1593 1371 τε
1625 1322 1702 1371 καὶ

56 1418 102 1457 15
121 1401 298 1455 πόλεις.

193 1485 335 1535 Ἀλλ’
372 1483 488 1538 ἴσως·
521 1485 633 1551 ε’ρεῖς
672 1485 838 1536 Καίτοι
873 1485 1097 1553 φαίνομαι
1134 1483 1218 1548 μὲν
1262 1486 1324 1538 ὡς
1361 1484 1559 1549 αἰτήσας
1596 1483 1703 1550 ἐγὼ,

122 1565 187 1617 σὺ
230 1566 278 1617 δὲ
322 1568 396 1617 καὶ
440 1565 546 1621 δοὺς
587 1568 663 1618 καὶ
706 1565 928 1634 κεχρικὼς
968 1569 1017 1618 ἐν
1057 1569 1220 1634 ἀρχαῖς
1261 1565 1344 1618 τὸν
1385 1566 1563 1618 Σαούλ.
1630 1567 1709 1617 ναί

124 1652 288 1716 φησιν,
314 1649 423 1699 ἀλλ’
451 1650 490 1700 ἐν
521 1655 618 1724 ὀργῇ
653 1646 827 1701 δέδωκα
857 1649 939 1701 τὸν
976 1650 1248 1715 ἡγούμενον,
1282 1654 1359 1701 καὶ
1401 1648 1530 1712 ἔσχον
1568 1649 1606 1701 ἐν
1643 1653 1706 1718 τῷ

125 1729 243 1800 θυμῷ
278 1755 362 1798 μου
400 1730 638 1802 συστροφὴν
663 1730 862 1795 ἀδικίας,
888 1734 950 1785 ὡς
978 1731 1247 1796 ἠδικημένος
1276 1730 1405 1797 παρὰ
1434 1736 1540 1794 σοῦ,
1567 1730 1703 1799 φησί·

57 1836 107 1861 20
124 1811 268 1877 μόνον
292 1812 340 1864 δὲ
365 1813 467 1881 οὐχὶ
492 1816 566 1864 καὶ
592 1818 686 1865 τῶν
719 1817 802 1878 τῆς
831 1814 1080 1875 βασιλείας
1106 1813 1270 1865 θώκων
1295 1813 1624 1883 ἐξωθούμενος,
1651 1811 1705 1864 τό
1722 1834 1745 1862 e

125 1917 180 1961 γε
205 1894 319 1959 ἧκον
354 1899 415 1948 εἰς
450 1894 504 1946 τὸ
540 1898 619 1946 σοὶ
645 1899 824 1959 δοκοῦν,
850 1895 1116 1960 τεθύμωμαι
1144 1897 1264 1949 λίαν.
1326 1895 1455 1960 πλὴν
1480 1894 1706 1963 ἀνέδειξα,

125 1977 273 2027 καίτοι
321 1975 375 2028 τὸ
425 1977 584 2045 χρῆμά
628 1981 779 2046 φησιν
822 1979 904 2029 οὐκ
945 1979 1199 2044 ἀναγκαῖον
1239 1977 1369 2032 εἰδὼς
1419 1981 1481 2032 εἷς
1527 1977 1706 2042 ὄνησιν,

125 2058 236 2108 ἀλλ’
265 2058 340 2109 ἵνα
377 2081 435 2109 σε
465 2064 559 2110 τῶν
596 2058 887 2126 πραγμάτων
918 2060 946 2124 ἡ
977 2065 1115 2127 πεῖρα
1152 2059 1507 2129 πληροφορήσῃ
1537 2064 1708 2123 καλῶς,

127 2139 198 2191 ὅτι
230 2139 374 2191 σκαιὰ
412 2143 488 2192 καὶ
519 2141 739 2209 ἄχρηστα
777 2144 863 2193 κάν
903 2142 1053 2211 τούτῳ
1091 2141 1425 2204 βεβούλευσαι.
1492 2143 1578 2193 πσῧ
1614 2140 1709 2208 γὰρ

61 2245 108 2282 25
129 2227 210 2273 νῦν
235 2221 416 2288 {ernust}
451 2224 564 2275 ποία
596 2223 765 2275 λοιπὸν
799 2225 856 2293 ἐξ
887 2225 1027 2275 αὑτοῦ
1060 2223 1223 2290 γένοιτ’
1251 2222 1308 2274 ἂν
1344 2228 1440 2277 τοῖς
1476 2230 1710 2287 πολεμου-

127 2303 280 2367 μένοις
322 2305 350 2369 ή
396 2304 588 2371 ὅνησιςς
647 2305 757 2357 ἀλλ’
804 2304 931 2372 εἷπερ
974 2303 1105 2369 ἦσθα
1146 2304 1293 2357 πάλιν
1333 2304 1422 2357 ὑπὸ
1466 2304 1551 2370 τὴν
1596 2304 1711 2370 ε’μὴν

129 2388 273 2455 φειδῶ
308 2410 367 2438 ιτε
409 2390 484 2438 καὶ
527 2393 673 2455 χεῖρα,
717 2388 905 2443 πάντως
957 2387 1015 2438 ἂν
1058 2387 1222 2456 ὤφθης
1267 2389 1316 2438 ἐν
1360 2387 1574 2452 ἀμείνοσι
1617 2392 1712 2439 τῶν

501 2475 522 2485 Α

129 2469 322 2536 ἐχθρῶν.
385 2470 550 2521 οὐκουν
576 2477 602 2499 “
621 2471 817 2520 Ματαιά
854 2470 1065 2536 σωτηρία
1103 2468 1377 2536 ἀνθρώπου”
1402 2468 1522 2520 κατὰ
1551 2468 1606 2522 τὸ
1631 2492 1710 2536 γε-
1770 2491 1900 2532 Ps.1ix.

129 2551 410 2617 γραμμένον,
439 2553 514 2603 καὶ
531 2558 558 2581 “
575 2549 759 2615 Ψευδὴς
785 2552 926 2606 ἵππος
952 2555 1013 2605 εἷς
1040 2552 1316 2617 σωτηρίαν,”
1339 2551 1366 2615 ἡ
1392 2550 1460 2603 ἐπ’
1481 2551 1710 2620 ἄρχουσιν
1769 2545 1932 2609 {³352xxxii.

1773 2630 1823 2663 17.

182 2739 212 2764 1.
237 2728 480 2774 ἀρχαιοτέρων]
501 2733 538 2770 -†-
556 2728 609 2763 καὶ
627 2727 720 2762 Edd.
1014 2736 1048 2771 5.
1074 2725 1361 2772 καταβεβοήκατε]
1382 2727 1633 2773 καταβεβήκατε
1649 2729 1711 2765 fid.

133 2775 167 2809 8.
191 2775 311 2821 λοιπὰ]
331 2777 421 2810 ἄλλα
437 2776 498 2811 iid.
594 2787 627 2821 9.
654 2774 689 2809 εὖ
705 2773 802 2820 βεβ.]
825 2774 881 2808 Sic
899 2775 1031 2809 correxi
1048 2785 1090 2808 ex
1108 2774 1155 2808 D.
1173 2775 1290 2814 εὗβεβ.
1308 2774 1368 2810 iid.
1488 2786 1543 2821 13.
1567 2779 1634 2810 τῶν
1649 2777 1710 2811 alt.

135 2821 183 2856 D.
202 2822 294 2856 Edd.
313 2824 370 2857 τὸν
389 2823 431 2857 Β.
640 2822 693 2856 18.
719 2820 842 2866 ἔσχον]
861 2822 1010 2866 ἔσχατον
1027 2821 1091 2864 (sic
1108 2827 1149 2855 ut
1166 2822 1285 2866 Supra)
1305 2821 1352 2856 D.
1565 2834 1621 2857 20.
1646 2827 1713 2858 τῶν

132 2869 190 2912 τῆς
207 2870 386 2909 βασιλείας
403 2868 533 2915 θώκων]
553 2870 611 2913 τῆς
627 2872 693 2902 τῶν
710 2868 884 2909 βασιλέων
902 2868 1011 2903 θάκων
1028 2868 1108 2911 (Sic)
1127 2868 1174 2902 D.
1380 2877 1436 2913 25.
1462 2869 1557 2905 ἐστιν
1573 2882 1643 2905 om.
1662 2870 1710 2905 D.

137 2915 192 2949 26.
217 2915 236 2958 ἡ
255 2927 324 2950 om.
344 2916 390 2951 D.
583 2916 636 2951 28.
665 2915 762 2950 Haec
779 2915 897 2950 οὐκοῦν
914 2915 990 2956 &c.,
1008 2919 1228 2950 accesserunt
1244 2926 1286 2950 ex
1305 2915 1353 2951 D.
