2021 3434
154 182 223 223 vii.
248 195 312 234 14,
334 194 397 237 15.
532 186 604 227 IN
647 187 1036 230 MICHAEAM.
1097 189 1246 230 TOM.
1280 188 1366 228 III.
1646 186 1725 225 735

157 294 394 363 Κάρμηλος
431 295 515 359 μὲν
551 297 643 364 γὰρ
684 302 947 364 Περιτομῆς
978 300 1228 365 ἐπίγνωσις
1260 296 1571 363 ἑρμηνεύεται,
1614 296 1723 344 αἰσ-

153 373 270 441 χύνη
306 376 352 427 δὲ
393 382 644 438 Βωσοινῖτις,
681 378 975 434 Γάλσιαδῖτις
1007 380 1155 445 γεμὴν
1190 378 1429 442 Διαθήκης
1461 374 1724 439 μετάθεσις.

155 457 248 524 ἔχει
279 458 327 508 δὲ
357 459 467 510 λίαν
504 460 552 510 ε”ν
585 483 639 526 γε
674 461 729 524 δὴ
767 462 945 515 τούτοις
975 461 1187 524 μάλιστα
1214 460 1266 510 τὸ
1291 457 1487 510 πιθανὸν
1513 459 1537 508 ὁ
1565 456 1723 521 λόγος.
1745 474 1767 501 e

155 538 359 601 ἐσόμεθα
396 542 567 605 τοίνυν,
603 547 820 608 Χριστοῦ
851 543 1190 605 ποιμαίνοντος,
1229 543 1277 592 ἐν
1308 540 1556 606 ἐπιγνώσει
1593 560 1723 603 περι-

114 630 136 668 5
156 624 314 684 τομῆς,
345 622 561 685 δηλονότι
594 628 676 688 τῆς
710 626 757 675 ἐν
783 624 1022 688 Πνεύματι
1050 646 1309 687 νοουμενης.
1361 619 1731 687 περιτετμήμεθα

1709 704 1728 713 Α

156 700 249 768 γὰρ
289 704 415 766 ἡμεῖς
453 705 787 776 ἀχειροποιήτω
827 709 1073 773 περιτομῇ,
1117 728 1193 755 και
1233 705 1315 756 τὸν
1353 705 1400 754 ἐν
1437 707 1503 772 τῷ
1542 723 1730 769 κρυπτω
1790 702 1886 786 ἵζω·
1903 714 1936 734 ¹¹·

156 784 464 852 περιφερομεν
487 787 724 850 Ἰουδαῖον,
751 794 832 839 τοῦ
867 787 984 838 κατὰ
1018 810 1175 853 σαρκα
1200 784 1400 852 Ἰσραὴλ
1438 784 1522 848 τὴν
1557 787 1726 847 αἰσθη-

157 864 243 929 τὴν
268 866 456 934 ε”χοντος
486 869 634 934 μόνην
659 871 735 920 καὶ
763 869 849 934 τὴν
873 872 921 920 ἐν
946 868 1198 935 γράμματι,
1226 871 1300 919 καὶ
1336 868 1439 934 οὐχὶ
1466 866 1520 930 δὴ
1547 865 1733 918 πάντως

158 947 243 1013 τὴν
269 951 316 999 ἐν
342 952 508 1020 καρδίᾳ
534 951 609 1002 διὰ
633 958 715 1003 τοῦ
744 952 1033 1015 Πνεύματος.
1088 952 1204 1015 αὕτη
1230 949 1322 1016 γὰρ
1349 950 1377 1014 ἡ
1403 947 1583 1012 ἀληθὴς
1608 969 1736 1012 περι-

93 1050 140 1074 10
159 1053 292 1095 τομη,
329 1035 437 1083 Θεῶ
475 1034 735 1099 γνωρίμους
774 1036 1076 1084 ἀποτελοῦσα
1115 1031 1222 1085 τοὺς
1264 1030 1535 1098 δεχομένους
1574 1028 1732 1091 αὐτήν.

1699 1109 1712 1125 Ι

159 1134 396 1179 τοιγαρτοι
435 1117 509 1165 καὶ
549 1115 727 1183 ἔφασκε
761 1113 1050 1182 προφητικὸς
1087 1114 1196 1210 ἡμῖν
1229 1114 1253 1163 ὁ
1287 1110 1431 1176 λόγος
1459 1115 1737 1177 (ίΠεριτμη-

1797 1109 1890 1140 Hier.
1903 1109 1936 1139 iv
1939 1133 1946 1140 .

1798 1165 1827 1191 4.

159 1202 186 1224 ‘⁶
214 1198 324 1259 θητε
359 1199 426 1265 τῷ
453 1200 577 1266 Θεῶ,
608 1220 683 1247 και
713 1199 1031 1263 περιτεμεῖσθε
1066 1194 1150 1259 τὴν
1176 1193 1556 1260 σκληροκαρδίαν
1595 1194 1736 1256 ὑμῶν,
1755 1209 1777 1233 a
1801 1201 1889 1237 470
1905 1199 1957 1235 A·

161 1276 373 1342 “οἰ’νδρες
400 1278 554 1329 Ἰούδα
590 1282 664 1329 καὶ
702 1282 744 1328 οὶ
783 1282 1098 1330 κατοικοῦντες
1123 1273 1483 1342 ἸερουσαλὴμΫ
1538 1276 1585 1325 ἐν
1621 1284 1739 1344 Κοιρ-

160 1360 289 1429 μὴλῳ
316 1358 373 1422 δὴ
402 1360 484 1410 οὖν
510 1358 728 1423 ἐσόμεθα,
757 1359 1157 1422 διαποιμαίνοντος
1176 1361 1405 1424 Χριστοῦ,
1423 1356 1665 1407 τουτέστιν
1692 1356 1740 1405 ἐν

94 1454 140 1491 15
162 1440 410 1506 ἐπιγνώσει
449 1445 714 1507 περιτομῆς,
758 1441 961 1504 ε”σομεθα
1002 1440 1050 1492 δὲ
1092 1440 1222 1491 οὐδὲν
1262 1439 1402 1504 ἧττον
1439 1441 1514 1489 καὶ
1552 1440 1600 1489 ἐν
1639 1449 1736 1489 Βα-

162 1519 362 1586 σανῖτιδι,
389 1523 630 1574 τουτέστιν
661 1526 709 1575 ἐν
742 1525 941 1590 ἐντροπῇ
976 1524 1050 1574 καὶ
1083 1521 1299 1590 αἰσχύνῃ,
1327 1522 1409 1572 οὐκ
1438 1520 1740 1587 ἐλεγχόμενοι

162 1603 238 1655 διὰ
284 1604 370 1669 τὴν
421 1605 666 1671 ἁμαρτίαν,
719 1606 828 1656 ἀλλ’
875 1604 944 1655 ὅτι
993 1602 1470 1667 πεπλημμελήκαμεν,
1521 1602 1739 1669 ταύτῃτοι

162 1686 603 1751 μεταγινώσκοντες,
644 1689 719 1737 καὶ
764 1688 812 1737 ἐν
855 1684 1074 1749 αἰσθήσει
1115 1683 1284 1736 λοιπὸν
1325 1688 1418 1735 τῶν
1456 1683 1513 1752 ἐξ
1549 1683 1738 1749 ἀγνοίας

163 1769 497 1834 ἡμαρτημένων
531 1768 780 1836 ἐρχόμενοι·
824 1768 1059 1834 σωτηρίας
1086 1767 1133 1818 δὲ
1165 1766 1218 1818 τὸ
1246 1769 1403 1834 χρῆμα
1428 1764 1549 1820 ὁδός.
1608 1767 1780 1816 ‹ivae-b

96 1870 144 1895 20
165 1852 372 1914 σθησιάς
420 1850 513 1916 γὰρ
569 1853 651 1913 τῆς
710 1849 915 1918 ἐσχάτης
978 1848 1211 1918 ἀπόδειξις
1264 1847 1472 1914 ἐναργὴς,
1522 1846 1576 1898 τὸ
1640 1846 1737 1898 οῖον

163 1936 356 2001 σκληρᾷ
391 1956 440 1984 τε
478 1934 553 1983 καὶ
588 1931 884 2000 ἀναισχύντῳ
919 1930 1084 1999 καρδίᾳ
1122 1934 1330 1992 διαβιοῦν
1368 1929 1561 1980 ἑλέσθαι
1595 1929 1736 1992 τινὰς,

164 2017 239 2066 καὶ
270 2015 442 2080 ἥκιστα
478 2014 562 2079 μὲν
595 2019 690 2068 τοῖς
729 2015 856 2067 ἰδίοις
893 2014 1189 2076 πταίσμασιν
1227 2014 1513 2078 ε’περυθριᾶν·
1556 2016 1738 2063 κεῖσθαι

164 2095 212 2147 δὲ
238 2095 358 2164 τάχα
382 2119 473 2148 που
506 2098 581 2147 καὶ
616 2099 663 2147 ἐν
694 2094 860 2164 ἀγνοίᾳ
895 2099 988 2146 τῶν
1019 2093 1367 2160 ἡμαρτημένων.
1432 2095 1597 2145 οὐκοῦν
1622 2097 1664 2145 οἱ
1689 2097 1738 2146 ἐν

164 2179 412 2243 ἐπιγνώσει
437 2180 685 2244 περιτομῆς
710 2180 791 2240 τῆς
818 2178 983 2240 νοητῆς
1007 2198 1056 2226 τε
1082 2177 1156 2226 καὶ
1184 2176 1320 2237 θείας,
1346 2174 1736 2241 ἐπερυθριοῖσουσι

98 2282 143 2320 25
164 2258 247 2323 μὲν
283 2263 377 2313 τοῖς
417 2260 543 2312 ἰδίοις
579 2259 890 2321 πταίσμασιν,
923 2260 972 2308 ἐν
1009 2256 1230 2322 αἰσθήσει
1268 2256 1316 2307 δὲ
1353 2263 1434 2308 τοῦ
1472 2257 1737 2326 πεφυκότος

165 2343 336 2392 ἀδικεῖν
390 2340 640 2406 γενόμενοι,
691 2341 877 2394 πάντως
935 2362 1027 2391 που
1076 2338 1508 2407 μεταφοιτήσουσιν
1556 2340 1631 2391 ἐπὶ
1682 2339 1736 2391 τό

165 2426 340 2492 σφισιν
375 2424 527 2476 αὐτοῖς
562 2422 632 2473 ὅτι
670 2422 884 2486 μάλιστα
922 2421 1327 2488 πρεπωδέστατον.
1394 2420 1581 2472 ἔσονται
1612 2420 1660 2472 δὲ
1693 2425 1736 2473 οἱ

217 2636 246 2659 1.
273 2622 434 2669 αἰσχύνη]
455 2622 669 2668 καταισχύνει
687 2622 767 2667 (Sic)
786 2623 829 2656 A.
1040 2633 1073 2667 3.
1098 2622 1205 2669 τούτῳ
1222 2622 1266 2655 Α.
1484 2630 1517 2665 5.
1543 2635 1595 2654 και
1613 2621 1656 2656 ὡς
1672 2632 1737 2665 pro

167 2673 234 2725 τῆς.
242 2672 286 2705 Α.
521 2671 553 2704 8.
579 2671 682 2713 μόνην
702 2669 742 2702 Β.
764 2669 855 2703 Edd.
873 2669 976 2713 μονὴν
992 2669 1036 2702 A.
1254 2679 1287 2712 9.
1311 2666 1491 2712 περιτομη]
1513 2670 1551 2708 -Ι-
1572 2668 1625 2701 καὶ
1643 2666 1736 2701 Edd.

167 2718 284 2752 invitis
301 2718 344 2751 A.
351 2717 392 2751 B.
443 2717 566 2751 Statim
586 2719 659 2762 Θεῷ
677 2715 796 2750 deest
790 2727 826 2748 1n
843 2716 886 2749 A.
1031 2726 1083 2749 10.
1109 2714 1266 2748 ἀποτελεῖ
1284 2713 1377 2748 Edd.
1520 2724 1573 2748 11.
1598 2714 1734 2758 προφη-

167 2763 272 2809 τικὸς]
292 2767 510 2809 προφητικῶς
528 2762 619 2797 Edd.
684 2764 702 2796 ὁ
721 2762 840 2796 deest
832 2774 868 2796 ln
887 2761 928 2795 B.
1332 2771 1385 2793 12.
1412 2760 1549 2804 καρδίαν
1566 2759 1654 2804 (sic)
1672 2771 1735 2804 pro

167 2811 438 2855 σκληροκαρδίαν
456 2810 498 2844 Β.
664 2820 717 2851 14.
742 2808 974 2853 ποιμαίνοντος
990 2808 1034 2842 A.
1085 2807 1209 2841 Statim
1225 2808 1285 2841 τοῦ
1302 2805 1381 2839 add.
1401 2806 1491 2840 Edd.
1509 2806 1626 2840 invitis
1643 2806 1735 2841 A.B.

170 2900 223 2935 15.
249 2878 443 2931 βασανίτιδι
459 2889 503 2924 A.
648 2887 701 2923 16.
727 2888 762 2923 ἐν
779 2887 898 2922 deest
890 2899 926 2921 ln
945 2886 1036 2921 Edd.
1056 2885 1108 2932 [ἐν
1123 2900 1176 2930 τρ.
1195 2886 1297 2920 Pont.
1316 2886 1449 2931 Migne.
1452 2883 1468 2930 ]
1600 2896 1654 2930 19

165 2936 320 2982 χόμενοι]
339 2938 506 2982 γινόμενοι
525 2935 566 2969 Β.
853 2945 918 2979 19-
921 2945 976 2978 23.
1001 2933 1310 2976 ἀναισθησίας-πῖ
1290 2947 1335 2966 ων
1350 2930 1586 2978 ἡμαρτημένων
1603 2943 1673 2969 om.
1679 2900 1735 2968 εΒ.

168 2995 222 3029 23.
242 2985 277 3019 ἐν
289 2986 347 3018 alt.
364 2995 433 3018 om.
448 2984 492 3016 A.
544 2982 669 3019 Statim
681 2983 806 3028 γνώσει
823 2992 885 3027 pro
903 2981 1082 3026 ἐπιγνώσει
1097 2980 1140 3014 Β.
1153 2980 1263 3014 invito
1276 2979 1320 3014 A.
1417 2977 1472 3013 26.
1488 2980 1654 3024 γινόμενοι
1667 2979 1710 3014 A.
