2021 3434
277 208 357 247 194
672 210 719 249 B.
764 210 1031 249 CYRILLI
1073 210 1448 251 ALEXANDR.
1666 214 1718 253 ix.
1744 214 1781 262 8,
1804 228 1841 267 9.

275 316 510 385 ἑξακόσιοι
537 316 617 368 τὸν
643 317 852 384 ἀριθμὸν,
879 321 926 369 ἐν
952 319 1116 373 ὅπλοις
1145 319 1273 374 ὄντες
1296 322 1552 382 ἀνέβαινον.
1622 323 1843 390 ἀφίκοντο

53 393 130 424 Jud.

54 437 141 467 xviii.
164 448 209 478 ¹4.
233 405 258 446 b
276 398 323 449 δὲ
344 401 418 449 καὶ
445 400 574 449 αὐτοὶ
599 400 759 467 μέχρις
779 400 905 451 οἴκου
926 402 1125 469 Μιχαία.
1172 409 1199 431 “
1218 404 1310 453 Καὶ
1330 403 1662 468 ἀπεκρίθησαν,
1682 405 1844 470 φησὶν,

276 491 302 513 “
328 486 370 533 οἱ
407 483 543 534 πέντε
588 483 750 550 ἄνδρες
792 488 833 535 οἱ
870 486 1170 552 πορευθέντες
1211 488 1605 556 κατασκέψασθαι
1636 487 1720 551 τὴν
1757 490 1846 553 γῆν

274 572 301 594 “
328 564 490 615 Λαϊσά
524 567 599 616 καὶ
631 564 764 618 εἶπαν
794 566 913 634 πρὸς
943 567 1051 621 τοὺς
1082 568 1315 636 ἀδελφοὺς
1349 570 1500 620 αὐτῶν
1528 567 1743 634 ’Έγνωτε
1776 568 1846 619 ὅτι

273 655 299 676 “
326 647 456 698 ἐστὶν
481 649 529 698 ἐν
552 651 618 718 τῷ
644 648 753 718 οἴκῳ
779 649 928 719 τούτῳ
954 649 1135 719 Ἐφοὺδ
1161 654 1236 701 καὶ
1264 653 1507 719 Θεραφεῖμ
1533 652 1608 702 καὶ
1632 649 1845 717 γλυπτὸν
1865 667 1886 704 5

273 735 299 757 “
323 730 398 779 καὶ
437 729 698 797 χωνευτόν;
751 734 826 782 καὶ
866 737 946 783 νῦν
984 737 1132 798 γνῶτε
1170 734 1219 783 τί
1251 732 1515 798 ποιήσετε.”
1567 733 1620 784 τὸ
1652 732 1735 796 μὲν
1766 733 1846 783 οὖν

270 808 453 879 Ἐφοῦδ
478 812 768 878 ἑρμηνεύεται
794 813 1016 884 λύτρωσις,
1037 817 1281 884 Θεραφεὶμ
1307 814 1355 866 δὲ
1380 815 1527 866 πάλιν
1553 814 1696 869 ἄνεσις
1721 813 1750 879 ἢ
1777 816 1846 866 ἰώ-

270 916 395 960 μενος
416 894 583 949 αὐτούς.
623 895 816 947 ε’ίδωλον
836 895 929 963 γὰρ
953 896 1011 961 ῆν
1031 896 1275 966 ὑπόληψιν
1294 897 1401 966 ε”χον
1420 899 1492 965 ἐφ’
1510 898 1656 967 ἑαυτῷ
1678 899 1845 966 ψευδῆ,

270 979 353 1025 τοῦ
391 976 655 1042 θεραπεύειν
699 977 933 1030 δύνασθαί
968 1002 1111 1033 τινας.
1177 979 1549 1046 περιπλάττουσι
1591 978 1685 1045 γὰρ
1723 980 1840 1030 Ἐλ-

233 1075 253 1101 C
270 1055 428 1121 λήνων
452 1060 612 1113 παῖδες
638 1059 743 1110 ἔσθ’
771 1060 846 1111 ὅτε
877 1066 975 1115 ταῖς
1012 1061 1242 1116 τοιαύταις
1269 1061 1426 1131 δόξαις
1450 1061 1509 1113 τὰ
1533 1063 1843 1129 χειροποίητα.
1868 1087 1914 1112 10

50 1151 101 1224 qu-
126 1153 172 1182 18-
268 1144 406 1190 τοῦτο
430 1140 746 1205 μεμαθηκότες
772 1145 812 1193 οἱ
838 1142 932 1194 ἀπὸ
958 1143 1082 1207 Δάν,
1114 1143 1505 1209 ἀναλαμβάνουσι
1528 1144 1582 1195 τὸ
1613 1142 1843 1210 γλυπτὸν,

49 1205 117 1235 ’Ἥ
268 1222 572 1274 ἀναπείθουσι
596 1223 644 1274 δὲ
670 1227 744 1275 καὶ
777 1225 859 1276 τὸν
894 1226 951 1295 ἐξ
977 1227 1169 1290 αἵματος
1193 1233 1275 1278 τοῦ
1300 1227 1412 1278 Aah·
1437 1226 1849 1290 κατακολουθῆσαί

268 1308 457 1373 σφισιν,
484 1306 816 1374 ἀποφοιτῶντα
843 1309 1066 1375 Μιχαίου.
1134 1309 1514 1378 παραταξάμενοι
1549 1308 1596 1360 δὲ
1629 1311 1703 1359 καὶ
1730 1331 1843 1360 νενι-

271 1385 475 1450 κηκότες,
503 1388 578 1437 καὶ
603 1387 692 1438 ὑπὸ
718 1394 849 1456 χεῖρα
875 1390 1104 1451 λαβόντες
1129 1391 1213 1455 τὴν
1239 1395 1341 1457 γῆν,
1367 1392 1661 1455 ἀνεδείμαντο
1687 1390 1843 1453 πόλιν,

268 1468 326 1532 ἣν
369 1467 682 1533 ἐπωνόμασαν
721 1471 841 1534 Δὰν,
880 1471 933 1523 τὸ
973 1478 1056 1523 τοῦ
1092 1474 1387 1541 προπάτορος
1425 1473 1571 1537 ὄνομα
1610 1472 1842 1539 καταγρά-
1865 1493 1911 1531 15

267 1555 436 1617 φοντες
474 1552 606 1619 αὐτῇ.
674 1557 832 1621 φυλῆς
866 1553 958 1621 γὰρ
996 1553 1121 1618 ἦσαν
1159 1559 1234 1607 καὶ
1272 1556 1464 1620 αἵματος
1490 1558 1571 1619 τῆς
1601 1554 1694 1606 ἀπὸ
1723 1554 1842 1617 Δᾶν,

266 1634 328 1686 ὡς
363 1632 498 1700 ἔφην.
566 1635 862 1700 ἱδρυσάμενοι
900 1637 947 1687 δὲ
988 1639 1063 1688 καὶ
1100 1638 1153 1688 τὸ
1192 1638 1385 1689 εἴδωλον
1422 1641 1470 1689 ἐν
1507 1640 1637 1706 αὐτῇ,
1677 1639 1843 1691 θυσίας

265 1717 528 1781 προσῆγον,
555 1718 630 1767 καὶ
657 1719 772 1781 ὁμοῦ
798 1722 856 1786 τῇ
882 1724 945 1786 γῇ
970 1722 1046 1770 καὶ
1080 1720 1186 1771 θεὸν
1220 1719 1492 1785 ἐκτήσαντο.
1559 1719 1676 1786 πρὸς
1706 1725 1843 1771 τοῦτο

225 1809 250 1849 d
267 1797 421 1850 αὐτοῖς
446 1798 674 1858 ἀβουλίας
699 1803 1012 1866 κατεκομίσθη
1036 1801 1089 1853 τὸ
1116 1801 1346 1870 φρόνημα.

340 1878 578 1948 Ταύτῃτοι
613 1880 733 1936 Θεὸς
770 1883 1018 1948 ἠγανάκτει
1053 1885 1234 1947 λοιπὸν,
1269 1888 1342 1936 καὶ
1380 1884 1512 1948 μάλα
1549 1884 1745 1948 εἰκότως,
1781 1886 1842 1938 ὡς
1864 1910 1912 1934 20

267 1961 564 2027 ὑβρισμένος.
633 1961 729 2015 εἶτα
780 1965 883 2016 δέον
933 1967 1113 2020 πάντας
1160 1967 1266 2021 τοὺς
1316 1968 1371 2036 ἐξ
1405 1967 1604 2034 Ἰσραὴλ
1651 1966 1843 2035 ἐχθροὺς

266 2043 484 2108 ἡγεῖσθαι
526 2047 600 2096 καὶ
652 2047 1030 2110 πολεμιωτάτους
1082 2047 1189 2104 τοὺς
1238 2049 1331 2101 ἀπὸ
1376 2048 1495 2112 Δάν,
1539 2051 1613 2100 καὶ
1659 2052 1740 2113 τῆς
1780 2052 1842 2104 εἰς

267 2126 392 2178 Θεὸν
416 2129 699 2191 δυσσεβείας
734 2131 976 2200 ἐξαιτῆσαι
1011 2133 1197 2199 λόγους,
1223 2133 1346 2202 τάχα
1383 2157 1474 2185 που
1508 2136 1583 2184 καὶ
1617 2134 1841 2202 συνηνέχ-

268 2215 440 2273 θησαν,
480 2213 555 2262 καὶ
599 2213 797 2263 ἐπαινεῖν
834 2213 1011 2282 ἠξίουν,
1053 2218 1115 2269 ὡς
1154 2215 1252 2266 κατ’
1293 2215 1422 2267 οὐδὲν
1461 2215 1583 2270 ὅλως
1628 2217 1835 2283 ἡμαρτη-

265 2290 417 2346 κότας.
475 2295 550 2344 καὶ
579 2299 691 2345 ποῖα
728 2295 920 2361 γέγονεν
949 2298 1101 2350 αὐτοῖς
1135 2300 1217 2361 τῆς
1254 2301 1316 2352 εἰς
1353 2303 1489 2349 τοῦτο
1519 2300 1745 2368 ῥᾳθυμίας
1782 2298 1841 2350 τὰ
1861 2321 1908 2359 25

50 2378 181 2462 {2511}-
266 2374 465 2442 ὀψώνια,
505 2376 617 2444 φέρε
656 2377 867 2442 λέγωμεν
911 2379 1096 2448 ἐφεξῆς.
1173 2381 1490 2441 ἀβασιλεύτου
1534 2381 1841 2446 μεμενηκότος

229 2461 348 2507 erm]
381 2455 596 2524 Ἰσραὴλ,
636 2458 753 2525 ἀνήρ
790 2483 858 2514 τις
899 2460 1105 2524 Λευίτης,
1149 2467 1384 2529 παροικῶν
1422 2464 1469 2514 ἐν
1507 2467 1668 2529 μηροῖς
1706 2462 1842 2530 ὅρους

265 2536 489 2606 Ἐφραῒμ,
515 2540 735 2592 σύνοικον
769 2541 1023 2607 ἐποιήσατό
1056 2566 1159 2594 τινα
1193 2548 1286 2595 τῶν
1320 2545 1369 2595 ἐκ
1397 2546 1624 2609 Βηθλεέμ.
1687 2546 1840 2610 ἐπειδὴ

267 2617 313 2668 δὲ
339 2619 393 2670 τὸ
413 2621 602 2686 γύναιον
626 2623 802 2690 ἀπέδρα
825 2624 943 2690 πρὸς
968 2625 1050 2675 τὸν
1074 2625 1268 2692 πατέρα,
1291 2627 1441 2678 εἵπετο
1463 2626 1547 2689 μὲν
1573 2629 1598 2678 ὁ
1625 2627 1837 2693 Λευίτης·

315 2785 347 2808 2.
374 2777 502 2821 Μιχαία
521 2777 566 2812 D.
584 2779 720 2824 μιχαίου
738 2780 829 2815 Edd.
1030 2794 1063 2824 4.
1089 2780 1184 2816 εἶπαν
1204 2783 1248 2816 D.
1266 2780 1360 2818 εἶπον
1377 2783 1468 2818 Edd.
1672 2794 1705 2827 5.
1731 2785 1839 2830 ἐφοὺδ

270 2819 362 2854 B.D.
381 2821 520 2867 (Alex.)
539 2825 633 2868 ἐφὼδ
652 2825 744 2860 Edd.
763 2827 884 2872 (Vat.)
905 2828 961 2862 Sic
979 2840 1118 2874 quoque
1142 2836 1176 2862 et
1201 2830 1316 2874 paullo
1341 2830 1431 2864 infra
1454 2829 1544 2864 Edd.
1596 2832 1772 2876 Θεραφεὶμ
1790 2832 1836 2866 D.

269 2868 426 2911 Θεραφὶμ
444 2869 535 2903 Edd.
557 2870 730 2916 [Θεραφὶν
747 2874 826 2908 Vat.
846 2877 1015 2920 Θεραφειν
1033 2876 1131 2909 Alex.
1153 2875 1197 2909 X.
1217 2875 1300 2921 XL]
1537 2886 1567 2922 7.
1595 2878 1771 2923 Θεραφεὶμ
1790 2879 1836 2913 D.

268 2915 437 2960 Θεραφεῖν
455 2914 530 2949 Cat.
551 2917 629 2951 Nic.
650 2921 809 2965 Θεραφὶμ
827 2921 918 2955 Edd.
1048 2922 1081 2956 8.
1106 2921 1161 2967 ἐφ’
1180 2923 1299 2957 ἑαυτοῦ
1317 2923 1364 2957 D.
1494 2933 1546 2968 15.
1573 2923 1676 2968 ὄνομα
1693 2925 1837 2959 accessit

267 2970 307 2992 ex
337 2959 429 2993 B.D.
457 2961 532 2995 Cat.
596 2964 719 2999 Statim
745 2968 934 3012 γράφοντες
965 2980 1026 3012 pro
1059 2970 1249 3015 καταγριὶφ.
1279 2970 1370 3004 Edd.
1400 2971 1675 3016 repugnantibus
1700 2971 1834 3006 iisdem.

272 3006 322 3039 18.
349 3006 567 3052 προσήγαγον
587 3010 661 3044 Cat.
788 3024 840 3047 21.
869 3014 903 3047 δέ
923 3026 983 3058 pro
1003 3015 1077 3049 δέον
1096 3016 1141 3049 D.
1262 3028 1315 3060 29.
1342 3018 1380 3050 τὸ
1397 3023 1617 3062 assumptum
1635 3030 1674 3052 ex
1695 3017 1786 3053 B.D.
