2021 3434
0 0 11 55 ..Τ-Ἰ

114 255 154 280 v.
185 253 244 288 ιι,
273 252 335 280 12..
573 240 645 280 IN
688 239 920 280 OSEAM.
980 238 1128 279 TOM.
1162 236 1248 277 ΙΠ.
1602 232 1681 271 129

116 348 304 414 ἁπάσης
340 348 466 403 ὅντες
504 351 663 413 αἰτίας,
689 349 834 401 διάτοι
867 350 920 400 τὸ
957 349 1150 402 ἑλέσθαι
1184 349 1371 416 φρονεῖν
1409 345 1571 410 ὀρθῶς,
1608 343 1683 392 καὶ

115 429 210 494 μὴν
234 432 310 481 καὶ
335 436 470 491 βιοῦν
492 430 705 495 ἐννόμως,
730 434 804 483 καὶ
831 430 1124 494 δικαιοσύνης
1149 428 1394 489 ἅπτεσθαι,
1415 427 1490 476 καὶ
1515 427 1597 488 τῆς
1622 428 1684 478 εἷς

118 510 241 564 Θεὸν
278 512 465 578 ἀγάπης
502 513 855 577 ἀνεπιπλήκτως
896 515 1034 578 ε’ρᾶν;
1080 513 1128 562 ἐν
1169 510 1223 561 δέ
1260 533 1313 576 γε
1351 513 1408 577 τῇ
1447 507 1684 574 Σαμαρείᾳ
1701 526 1723 550 a
1754 517 1812 550 90
1829 515 1877 548 A·

118 593 389 661 ὁλοτρόπως
424 595 665 664 ἐξώκειλεν
700 597 724 646 ὁ
747 594 962 662 Ἰσραὴλ,
997 595 1089 645 οὐδ’
1119 593 1235 644 ὅσον
1273 596 1413 644 εἰπεῖν
1448 588 1535 641 κᾶν
1572 594 1686 655 γοῦν

79 696 100 734 5
117 676 300 740 μνήμης
324 676 447 744 τάχα
471 700 562 728 που
594 676 653 727 τὰ
679 677 924 731 Μωυσέως
958 677 1115 745 ἀξιῶν,
1141 674 1410 742 μαχομένην
1436 670 1483 724 δὲ
1509 671 1686 738 ὥσπερ,

117 761 192 809 καὶ
222 762 283 812 εἷς
311 757 436 809 ἅπαν
470 759 623 812 αὐτοῖς
650 757 1036 824 ἀντιτεταγμένην
1067 756 1343 821 ἐπιτηδεύων
1370 752 1500 821 ζωὴν,
1529 757 1591 807 ὡς
1615 757 1690 804 καὶ

118 839 286 907 ἐχθρὸν
319 841 534 906 ἡγεῖσθαι
567 840 648 891 τὸν
680 845 763 891 τοῦ
798 844 922 891 Θεοῦ
957 838 1112 903 νόμον,
1139 838 1256 889 ὅσον
1293 838 1400 902 ἤκεν
1438 840 1590 898 εἰπεῖν,
1630 838 1690 888 ὡς

117 921 232 986 μηδὲ
259 922 421 972 εἰδέναι
453 921 603 973 θέλειν
637 921 789 984 αὑτὸν,
815 921 1047 988 ἀτιμάζειν
1072 919 1120 972 δὲ
1145 920 1226 971 τὸν
1251 916 1569 984 παιδαγωγὸν,
1596 919 1693 967 καί·

118 1026 189 1054 τοι
226 1003 391 1070 σώζειν
428 1002 593 1066 εἰδότα,
629 1026 705 1054 και
748 1002 1039 1068 ἀποκομίζειν
1081 1002 1129 1052 εὖ
1172 1000 1303 1066 μάλα
1341 999 1595 1064 δυνάμενον
1633 1002 1695 1053 εἰς

58 1112 103 1137 10
120 1087 228 1149 εὖθῆ
253 1108 303 1137 τε
328 1109 403 1136 και
428 1085 800 1137 ἀκατάσκωπτον
825 1084 959 1151 ζωήν.

13 1218 16 1249 i
193 1172 347 1219 Τοῦτο
385 1168 553 1231 τοίνυν,
598 1170 659 1222 ὡς
701 1168 859 1229 ἔοικεν,
900 1169 925 1217 6
967 1165 1256 1236 προφητικὸς
1301 1166 1409 1229 ἡμῖν
1450 1166 1737 1216 αἱνίττεταιί)

122 1250 277 1317 λόγος,
321 1252 567 1314 πεποιήται
611 1250 658 1301 δὲ
696 1251 793 1314 μετ’
834 1250 987 1315 ἤθους,
1029 1252 1090 1303 ὡς
1127 1249 1258 1317 εφην.
1326 1245 1696 1299 κατεὸυνάο-τευσε

121 1336 214 1402 γάρ
257 1339 406 1404 φησιν
452 1341 469 1387 ὁ
507 1334 710 1405 Ἐφραίμ
749 1335 816 1386 τὶν
856 1331 1063 1385 ἀντίδικον
1102 1336 1243 1396 αὐτοῦ,
1288 1334 1390 1383 ἀντὶ
1432 1337 1527 1394 τοῦ,
1569 1332 1697 1394 νίκην

123 1417 445 1482 ἐκτοπωτάτην
493 1419 569 1468 καὶ
619 1418 816 1483 ὀλέθρου
858 1415 1087 1485 πρόξενον
1139 1416 1368 1480 νενίκηκεν
1410 1415 1435 1465 6
1472 1413 1696 1483 Ἐφραὶμ,

16 1529 19 1565 1
61 1524 106 1562 15
127 1496 514 1552 κατεδυνάστευσεν
566 1501 627 1553 ὡς
678 1499 793 1550 ’ίδιον
839 1497 1021 1566 ἐχθρὸν,
1073 1500 1286 1550 τουτέστι
1343 1496 1699 1562 κατηγωνίσατο

124 1587 313 1649 γενικῶς
339 1581 391 1633 ὃν
413 1581 642 1646 μεμίσηκε
669 1582 826 1645 νόμον.
871 1579 1025 1645 ἐπειδὴ
1046 1581 1099 1632 δέ
1119 1583 1248 1632 ἐστιν
1274 1578 1475 1646 ἀμυδρὸς
1496 1580 1520 1629 ὁ
1541 1579 1699 1644 λόγος,

126 1664 286 1732 ἑτέρως
320 1663 431 1715 αὐτὸ
472 1667 711 1729 διατρανοῖ
736 1663 901 1729 λέγων·
946 1662 1231 1724 κατεπάτησε
1267 1666 1420 1732 κρῖμα,
1445 1660 1699 1718 τουτέστιν,

128 1748 180 1797 οὐ
204 1744 508 1814 πεφρόντικεν
534 1745 656 1799 ὅλως
681 1748 763 1809 τῆς
798 1747 845 1796 ἐν
880 1745 1005 1815 νόμῳ
1038 1744 1350 1808 δικαιοσύνης·
1392 1745 1459 1794 ἀεὶ
1486 1742 1579 1809 γάρ
1602 1765 1701 1795 πως

128 1827 182 1880 τὸ
211 1827 600 1897 καταπατούμενον
625 1830 672 1878 ἐν
697 1829 856 1927 ἀτιμία
882 1833 1062 1890 νοεῖται,
1087 1830 1161 1878 καὶ
1193 1827 1375 1880 οὐδενὸς
1401 1826 1534 1895 ἄξιον
1561 1847 1700 1876 κατα-
1719 1850 1739 1873 e

20 1927 22 1983 ᾖ
65 1941 113 1966 20
131 1918 343 1983 φωρᾶται
368 1913 531 1978 λόγου.
593 1936 666 1964 και
692 1918 807 1978 γοῦν
832 1913 856 1963 6
887 1912 1059 1978 Κύριος
1078 1911 1447 1977 ἡμῶνἸησοῦς
1429 1934 1454 1961 ο
1475 1907 1701 1976 Χριστὸς,

132 2003 159 2026 “
190 1994 356 2046 Καλὸν
390 1995 443 2046 τὸ
477 1993 609 2057 ἅλας,
637 1996 802 2063 φησίν·
844 1993 923 2045 εἀν
958 1993 1005 2045 δε
1032 1993 1085 2045 τὸ
1122 1992 1241 2048 ἅλας
1266 1996 1510 2061 μωρανθῇ,
1541 1994 1588 2042 ἐν
1615 2014 1703 2042 τινι
1765 2005 1920 2088 {2510-

134 2075 528 2141 “ἁλισθήσεται;
568 2082 630 2131 εὶς
664 2078 836 2128 οὐδεν’
825 2076 976 2144 ισχύει
1007 2100 1084 2139 ετι,
1111 2100 1148 2127 ει
1180 2076 1242 2140 μὴ
1274 2074 1455 2140 βληθεν
1485 2074 1575 2143 ἔξω
1613 2097 1700 2124 κα·
1766 2080 1925 2124 Sssiassth.

134 2167 160 2189 ‘⁶
185 2163 491 2211 ταπατεῖσθαι
536 2159 623 2210 ὑπὸ
673 2164 767 2210 τῶν
814 2159 1117 2226 ἀνθρώπων.”
1196 2158 1308 2210 ὅταν
1357 2158 1511 2208 τοίνυν
1565 2159 1704 2225 κρῖμα
1765 2146 1864 2175 v.13.

135 2240 265 2308 λέγῃ,
311 2239 493 2304 νοήσεις
537 2240 619 2291 τὸν
664 2240 819 2304 νόμον.
886 2242 1005 2291 οὕτω
1050 2243 1124 2291 καὶ
1169 2242 1193 2291 6
1239 2239 1490 2293 θεσπέσιος
1532 2241 1706 2289 Δαυεὶδ

24 2351 25 2394 j
71 2350 117 2388 25
136 2321 369 2388 ὀνομάζων
408 2321 561 2384 αὐτὸν,
593 2324 830 2390 ἀναφωνεῖ
857 2323 974 2388 πρὸς
1014 2321 1154 2385 Θεὸν,
1185 2330 1210 2351 “
1234 2326 1391 2388 Κρῖμα
1425 2323 1500 2371 καὶ
1536 2324 1705 2371 δικαιο-
1767 2328 1863 2404 ἔξω
1897 2383 1915 2408 4

139 2413 165 2434 ‘⁴
190 2404 338 2468 σύνην
363 2405 410 2454 ἐν
434 2404 607 2464 Ἰακὼβ
632 2403 695 2454 σὺ
720 2405 985 2468 ε’ποιήσας.”
1052 2408 1176 2455 Θεοῦ
1208 2403 1300 2469 γὰρ
1338 2405 1361 2454 6
1389 2402 1542 2467 νόμος,
1568 2405 1644 2453 καὶ
1670 2406 1706 2453 εἷ
1868 2396 1873 2402 ⁸
1920 2395 1926 2402 ⁸

139 2489 351 2536 λαλεῖται
377 2485 430 2535 δι’
459 2485 687 2550 ἀγγέλων.
753 2485 884 2536 ἀλλὰ
908 2486 976 2539 τίς
1001 2486 1029 2548 ἡ
1055 2484 1299 2553 πρόφασις
1324 2490 1406 2536 τοῦ
1439 2486 1513 2535 καὶ
1539 2483 1707 2553 ἐχθρὸν
1768 2491 1925 2568 fif-GH&-

140 2566 413 2632 ἡγήσασθαι
459 2566 540 2617 τὸν
590 2567 730 2630 νόμον
782 2571 857 2618 καὶ
909 2567 1236 2627 καταπατῆσαι
1282 2566 1336 2618 τὸ
1384 2571 1537 2636 κρῖμα,
1579 2590 1702 2634 παρ·
1727 2580 1754 2620 d

139 2648 279 2716 ἔδειξε
309 2647 466 2710 πάλιν,
494 2648 626 2701 εὐθὺς
663 2649 863 2700 ἐπειπὼν
895 2650 956 2700 ’ότι
984 2648 1136 2719 ἤρξατο
1175 2648 1425 2717 πορεύεο-θαι
1460 2652 1596 2701 ὀπίσω
1625 2650 1708 2701 rim

28 2772 29 2783 ,
74 2761 123 2795 30
140 2732 356 2798 ματαίων.
422 2729 541 2796 ἀρχὴ
572 2732 652 2793 τῆς
687 2733 861 2783 τοιᾶςδε
895 2730 1051 2793 νόσου,
1082 2733 1218 2799 φησὶ,
1253 2730 1306 2782 τὸ
1344 2735 1482 2794 τιμᾶν
1518 2732 1709 2784 ἑλέσθαι

194 2860 222 2883 1.
248 2848 316 2894 καὶ]
337 2850 389 2883 ναὶ
407 2849 453 2883 D.
583 2849 616 2883 6.
640 2849 840 2894 ἐπιτηδεύων
858 2850 903 2884 D.
923 2850 1097 2894 ἐπετήδευε
1115 2850 1207 2885 Edd.
1257 2851 1309 2884 καὶ
1327 2863 1396 2886 om.
1419 2851 1463 2886 D.
1584 2864 1614 2897 7.
1641 2853 1711 2897 ἥκει

144 2895 234 2931 Edd.
284 2896 328 2931 ὡς
342 2896 438 2940 μηδὲ]
459 2896 504 2931 εἷς
521 2897 558 2930 τὸ
575 2897 618 2939 μὴ
637 2896 683 2930 D.
818 2908 869 2931 11.
896 2896 972 2941 ἡμῖν
987 2904 1209 2942 assumptum
1227 2909 1267 2931 ex
1288 2898 1334 2933 D.
1467 2909 1518 2944 13.
1546 2901 1563 2933 ὁ
1578 2912 1646 2934 orn
1664 2900 1710 2934 D.

146 2953 198 2988 15.
225 2944 475 2987 κατηγωνίσατο
494 2943 540 2977 D.
559 2943 702 2986 νενίκηκε
720 2943 812 2978 Edd.
950 2944 1002 2978 16.
1028 2945 1172 2989 ἀμυδράς
1191 2946 1284 2978 ἐστιν
1301 2945 1335 2979 b.
1466 2956 1518 2991 17.
1545 2947 1646 2981 αυτὸν
1666 2947 1710 2981 D.

144 3001 199 3023 20.
226 2991 243 3022 ὁ
261 2990 317 3022 alt.
336 2996 556 3034 assumptum
575 3002 615 3023 ex
634 2990 676 3023 Β.
897 3002 952 3025 22.
976 2991 1104 3035 βληθὲν
1123 2992 1164 3026 Β.
1181 2992 1346 3036 βληθῆναι
1366 2992 1411 3027 D.
1429 2994 1600 3037 βεβληθέν
1618 2993 1710 3027 Edd.

143 3042 221 3070 ante
239 3036 371 3080 Migne.
421 3037 485 3081 ἕξω
504 3051 622 3071 καταπ.
641 3036 745 3071 habet
764 3037 807 3070 D.
975 3048 1029 3082 23.
1055 3039 1217 3082 ἀνεφώνει
1237 3038 1284 3074 D.
1458 3050 1512 3085 27.
1538 3039 1708 3085 λαλεῖται]

143 3084 311 3125 λελάλητο
330 3083 374 3117 D.
565 3094 618 3128 29.
646 3084 788 3119 ἐπειπὼν
807 3083 847 3118 Β.
868 3084 968 3119 εἰπὼν
986 3085 1031 3120 D.
1052 3085 1142 3119 Edd.

202 3152 291 3179 VOL.
316 3153 342 3179 1.
896 3156 913 3181 S
