2021 3434
312 175 392 214 164
706 177 754 217 B.
797 177 1073 217 CYRILLI
1113 179 1492 219 ALEXANDR.
1624 178 1694 218 vii.
1721 191 1783 232 13,
1812 190 1872 227 14.

309 282 494 349 θάρτοις
521 284 802 339 (ἐνάπτοντες
829 288 1018 350 δαίμοσι
1051 291 1126 338 καὶ
1159 293 1254 341 τοῖς
1285 288 1435 353 ἔργοις
1467 292 1559 337 τῶν
1593 291 1756 353 χειρῶν
1781 291 1873 337 τῶν

309 365 448 426 ἰδίων,
483 365 691 431 καθάπερ
725 368 885 430 ἀμέλει
923 369 1380 437 μεμοσχοποιηκότες
1417 368 1535 420 κατὰ
1571 367 1655 432 τὴν
1694 368 1875 432 ἔρημον,

309 448 556 513 μονονουχὶ
590 446 672 498 τὸν
707 449 964 515 Λυτρωτὴν
998 452 1198 505 ἀνοσίως
1231 451 1609 517 περιυβρίζοντες,
1651 450 1706 518 ἐξ
1752 451 1869 500 ἀπο-

89 536 191 566 ΕΧΟᾶ-
265 527 514 595 ἀπληξίας
565 528 793 597 ἔφασκον·
851 532 1044 584 (ίΟῦτοι
1093 537 1135 584 οἱ
1184 534 1283 585 θεοί
1321 557 1413 584 σου
1451 532 1666 599 Ἰσραὴλ,
1717 532 1877 586 οἵτινες

87 590 188 610 XXXII-
230 604 235 610 .

206 589 224 619 9
310 616 336 637 ‘⁶
363 607 602 675 ἀνήγαγόν
649 634 707 662 σε
755 615 805 663 ἐκ
853 616 939 678 γῆς
989 615 1271 680 Αἰγύπτου.”
1350 617 1482 681 ὕβρις
1533 615 1613 664 οῦν
1663 613 1753 679 ἄρα
1802 615 1877 664 καὶ
1897 631 1917 668 5

2020 461 2021 479 l

2019 494 2021 512 ἲ

2018 538 2021 692 ἒ

306 692 522 756 παροινιά
559 693 726 745 λοιπὸν
760 698 821 749 εἷς
857 694 993 758 Θεὸν,
1029 700 1104 748 καὶ
1141 697 1458 763 ἐναργεστάτη
1498 695 1795 763 κατάῤῥησις,
1824 693 1878 745 Τὸ
2018 693 2021 710 Ἰ

307 778 533 837 γλυπτοῖς
561 777 635 826 καὶ
658 777 876 839 δαίμοσιν
907 781 1138 830 ἀναθεῖναι
1164 778 1218 830 τὸ
1243 778 1403 839 σέβας,
1430 780 1505 829 καὶ
1542 779 1693 831 αὐτοῖς
1727 799 1878 843 προσ·
2016 721 2021 872 ¹

307 854 435 921 ἀγειν
472 855 531 906 τὰ
569 861 862 925 χαριστήρια,
891 862 965 911 καὶ
1002 864 1083 925 τῆς
1121 859 1341 912 ἀνωτάτω
1366 859 1505 930 δόξης
1538 859 1623 924 τὴν
1649 857 1879 925 ὑπεροχὴν
2015 874 2021 913 1

308 940 636 1005 καταβιβάζειν
669 944 729 993 εἷς
763 941 895 993 αὐτά.
960 944 1034 993 καὶ
1072 944 1174 1010 οὐχὶ
1209 942 1265 1007 δὴ
1301 942 1442 1006 μόνον
1475 941 1773 1006 κατειρήκασι
1795 945 1879 991 τοῦ
2015 919 2021 962 ἶ

309 1023 446 1080 Θεοῦ,
474 1020 682 1088 καθάπερ
717 1022 835 1091 ε”φην
867 1025 1048 1090 ἀρτίως,
1076 1025 1206 1077 ἀλλὰ
1237 1027 1312 1076 καὶ
1345 1026 1607 1076 ἀπένευσαν
1639 1027 1879 1076 παντελῶς
1903 1049 1947 1074 10

307 1107 390 1152 τοῦ
429 1100 514 1152 κᾶν
552 1109 667 1167 γοῦν
702 1104 883 1156 οἴεσθαι
913 1104 1073 1169 μόνον,
1100 1107 1170 1158 ὅτι
1204 1108 1312 1173 παρ’
1341 1108 1481 1157 αὐτοῦ
1509 1111 1603 1160 τοῖς
1634 1107 1682 1156 ἐν
1713 1106 1880 1174 κόσμῳ

269 1182 366 1234 ero}
405 1183 599 1251 ζωαρκῆ.
667 1190 710 1237 οὐ
750 1186 842 1253 γὰρ
883 1190 1133 1248 βεβοήκάσι
1175 1190 1277 1258 πρός
1318 1213 1375 1256 με
1420 1191 1569 1257 φησὶν
1609 1195 1657 1239 αἱ
1697 1183 1878 1255 καρδιαι

309 1265 459 1328 αὐτῶν,
494 1267 747 1331 τουτέστιν,
790 1268 922 1320 οὐδὲν
963 1270 1244 1339 ἐξεζήτησαν
1283 1272 1391 1338 παρ’
1431 1273 1555 1334 ἐμοῦ,
1592 1269 1736 1321 καίτοι
1775 1272 1874 1319 δια-

307 1348 518 1411 κείμενοι,
545 1352 620 1400 καὶ
652 1350 1008 1406 πεπιστευκότες
1044 1353 1114 1404 ὅτι
1147 1353 1321 1407 παντὸς
1355 1355 1533 1419 ἀγαθοῦ
1564 1351 1764 1420 χορηγός
1790 1355 1879 1414 εἶμι

307 1432 382 1480 καὶ
408 1430 566 1497 δοτήρ.
634 1432 704 1484 ὅτι
729 1433 776 1484 δὲ
803 1437 919 1497 βοῆς
945 1435 999 1484 οὐ
1024 1437 1166 1486 δεῖται
1187 1435 1320 1498 Θεὸς,
1345 1435 1592 1489 διαθέσεως
1618 1434 1667 1486 δὲ
1692 1439 1880 1498 μᾶλλον
1903 1459 1948 1496 15

306 1514 388 1575 τῆς
423 1516 484 1566 εἰς
524 1519 631 1564 νοῦν
665 1517 739 1566 καὶ
773 1517 978 1582 καρδίαν,
1005 1519 1080 1568 καὶ
1114 1516 1188 1568 διὰ
1218 1518 1394 1568 τούτων
1419 1517 1650 1580 εἰσόμεθα.
1715 1518 1880 1573 οὐκοῦν

306 1595 410 1644 οὕτε
452 1596 707 1656 βεβσήκασι
747 1599 855 1666 πρὶς
897 1598 1033 1651 Θεόν.
1098 1598 1228 1650 ἀλλὰ
1271 1599 1365 1666 γὰρ
1407 1602 1481 1650 καὶ
1520 1598 1881 1651 ἀπονενεύκασιν

306 1677 540 1742 ἀχαλίνως
593 1682 656 1732 εἰς
698 1679 919 1734 ἐκτόπους
960 1682 1289 1749 φιλοσαρκίας,
1332 1683 1394 1736 ὡς
1434 1684 1509 1732 καὶ
1552 1681 1767 1751 ὀλολύζειν
1807 1682 1879 1733 ἐπὶ

308 1760 489 1813 κοίταις.
555 1765 766 1828 αἰσχρῶν
801 1762 848 1813 δὲ
884 1763 1070 1828 τρόπων
1103 1763 1336 1833 ἀπόδειξις
1374 1762 1428 1815 τὸ
1462 1763 1619 1831 χρῆμά
1655 1765 1771 1824 ἐστι,
1805 1767 1882 1815 καὶ

304 1842 386 1903 τῆς
422 1844 482 1895 εὶς
517 1844 735 1908 πορνείαν
771 1845 1118 1910 ἀνεπιπλήκτου
1154 1848 1315 1913 ῥοπῆς,
1342 1848 1417 1897 καὶ
1451 1852 1532 1897 νοῦ
1561 1847 1881 1910 κεκλασμένου
1901 1876 1949 1901 20
2003 1874 2008 1911 !

87 1938 157 1972 115
179 1938 227 1972 A.
268 1921 423 1988 επρὸς
469 1924 652 1987 ἡδονάς.
717 1927 886 1992 πρέποι
931 1929 968 1978 δ’
1010 1927 1067 1978 ἂν
1110 1927 1266 1993 μόνοις
1305 1932 1367 1982 εἰς
1407 1927 1611 1996 αἰσχρὰν
1649 1930 1768 1979 οὕτω
1806 1931 1881 1980 καὶ
2003 1917 2008 1957 3

306 2006 668 2072 βδελυρωτάτην
693 2008 790 2077 ἕξιν
816 2015 1113 2062 κατολισθεῖν
1136 2015 1231 2064 τοῖς
1256 2010 1314 2062 τὰ
1339 2015 1432 2061 τῶν
1459 2013 1639 2076 ἀνδρῶν
1657 2010 1880 2079 ἐξαίρετα,
2000 1979 2006 2059 Ῐ,

306 2088 425 2154 πρὸς
449 2089 507 2140 τὰ
532 2094 626 2140 τῶν
651 2092 851 2156 γυναίων
878 2092 958 2156 ἔθη
986 2095 1060 2144 καὶ
1093 2091 1319 2160 σχήματα
1349 2095 1422 2143 καὶ
1456 2091 1615 2160 φωνὰς
1650 2092 1876 2155 καταβιά-
2000 2061 2005 2112 3

1999 2192 2004 2213 ἰ

307 2170 469 2236 ζεσθαι
510 2173 864 2236 μεμελετηκόσι.
930 2175 1159 2239 γυναικίαι
1202 2175 1249 2226 δὲ
1294 2175 1433 2237 οῦτοι,
1472 2176 1547 2226 καὶ
1596 2173 1722 2225 πολὺ
1772 2175 1881 2226 λίαν

305 2254 670 2318 ἐκτεθηλυμένοι,
699 2258 773 2306 καὶ
808 2260 869 2309 εὶς
906 2256 1046 2325 λῆξιν
1080 2257 1266 2321 ἥκοντες
1299 2260 1381 2321 τῆς
1407 2258 1455 2307 ἐν
1481 2257 1742 2323 ἀνθρώποις
1768 2258 1880 2308 ἀκα-
1901 2288 1946 2325 25

309 2337 524 2401 θαρσίας.
592 2335 702 2402 τόγε
733 2336 826 2401 μὴν
862 2339 928 2389 ἐπ’
959 2340 1048 2408 οἴνῳ
1085 2343 1162 2389 καὶ
1194 2341 1301 2409 σίτῳ
1338 2337 1689 2407 κατατέμνεο-θαι
1727 2340 1881 2405 λέγειν

309 2415 488 2481 αὐτοὺς,
521 2419 663 2470 ἐκεῖνο
700 2417 830 2483 οἶμαί
864 2443 956 2471 που
991 2423 1294 2487 παραδηλοῦν
1327 2421 1484 2472 ἔοικεν.
1552 2422 1880 2490 εὐχαριστοῦν-

266 2507 293 2547 b
310 2521 383 2552 τες
414 2499 507 2566 γὰρ
541 2505 636 2555 τοῖς
667 2503 842 2553 ἑαυτῶν
876 2501 1082 2557 εἰδώλοις
1110 2505 1182 2554 ἐπὶ
1210 2508 1310 2557 ταῖς
1339 2501 1397 2570 ἐξ
1420 2505 1578 2569 ἀγρῶν
1602 2505 1880 2571 εὐκαρπίαις,
1941 2513 1945 2516 ’

310 2584 415 2650 σίτῳ
452 2584 507 2632 τέ
534 2587 657 2651 φημι
693 2586 769 2634 καὶ
801 2589 896 2638 τοῖς
931 2585 986 2653 ἐξ
1014 2585 1239 2649 ἀμπέλου,
1263 2585 1346 2640 τὰς
1377 2584 1664 2649 καλουμένας
1690 2585 1881 2641 τελετὰς

310 2663 584 2727 ἐπιτηδεύειν
610 2666 793 2730 ἤθελον·
833 2666 930 2718 οἷον
956 2668 1283 2722 ἐνθουσιῶντές
1317 2691 1367 2719 τε
1392 2671 1467 2719 καὶ
1499 2666 1778 2732 μαινόμενοι,
1803 2669 1878 2719 καὶ
1898 2694 1946 2730 30
1998 2722 1999 2726 ,

310 2744 488 2813 σιδήρῳ
522 2747 580 2797 τὰ
617 2748 792 2815 στέρνα
822 2752 896 2800 καὶ
928 2750 1072 2819 ἄμφω
1105 2750 1171 2801 τὼ
1206 2755 1326 2818 χεῖρε
1361 2749 1680 2818 χαράττοντες,
1704 2750 1779 2801 ἵνα
1805 2751 1879 2801 καὶ

358 2932 411 2955 20.
439 2922 641 2966 ἐπιπλὴκτου
661 2925 749 2959 Edd.
942 2938 994 2961 22.
1021 2931 1086 2961 τῶν
1102 2940 1172 2962 orn.
1193 2928 1237 2962 D.
1461 2928 1515 2962 26.
1541 2927 1592 2962 ἐπ’
1611 2927 1688 2973 οἴνῳ
1706 2929 1759 2963 καὶ
1775 2928 1877 2975 σίτῳ]

310 2967 363 3001 ἐπὶ
382 2967 465 3015 σίτῳ
483 2971 533 3003 καὶ
553 2970 628 3016 οἴνῳ
647 2971 678 3004 b.
869 2984 923 3017 31.
952 2974 1079 3020 σιδήρῳ
1098 2987 1165 3009 οιῐι.
1186 2975 1217 3008 b.
1271 2974 1348 3009 Hoc
1366 2973 1417 3009 ἵνα
1436 2976 1576 3010 accessit
1594 2987 1634 3010 ex
1656 2975 1784 3011 B.D.b.
