2021 3434
299 186 381 224 154
694 185 743 224 B.
786 183 1059 223 CYRILLI
1100 183 1476 223 ALEXANDR.
1726 181 1796 221 vii.
1821 193 1859 234 3.

255 401 366 446 3'Ev
404 398 495 442 ταῖς
534 400 698 441 κακίαις
732 400 873 440 αὐτῶν
909 400 1130 456 Ηῦφρανοιν
1168 396 1364 449 βασιλεῖς,
1392 400 1459 439 καὶ
1484 399 1528 439 ἐν
1554 396 1642 439 τοῖς
1667 398 1863 447 ψεύδεσιν

361 482 501 524 αὐτῶν
528 482 749 539 ἄρχοντας.

357 608 492 661 ’Έδει
517 609 573 675 δὴ
600 615 788 674 μᾶλλον
812 612 1233 677 ἀγαθουργοῦντας,
1255 613 1392 680 φησὶ,
1416 613 1489 662 καὶ
1515 610 1601 677 ζῆν
1623 609 1866 672 ἑλομένους

293 692 509 757 ἐννόμως,
535 694 787 761 ἐξημεροῦν
813 694 884 760 ἐφ’
906 694 1081 747 ἑαυτοῖς
1105 692 1187 744 τὸν
1213 692 1469 760 λυτρωτὴν,
1495 695 1568 743 καὶ
1597 694 1866 762 κατευφραί-

294 799 367 827 νειν
400 773 483 826 τὸν
517 775 742 842 σώζοντα,
767 778 843 826 καὶ
874 775 1058 843 ἄμαχον
1092 776 1258 843 ἔχοντα
1291 775 1408 841 πρὸς
1438 781 1576 826 τοῦτο
1607 773 1760 840 ἰσχύν.
1824 776 1865 823 οἱ
1885 789 1907 827 5

248 856 341 908 (ἰδὲ
378 863 514 908 τοῦτο
552 857 636 921 μὲν
675 859 729 908 οὐ
764 857 1028 924 δεδράκασι,
1052 857 1253 926 ῥᾴθυμοι
1284 857 1331 908 δὲ
1364 856 1605 924 γεγονότες
1630 857 1738 907 λίαν
1762 857 1866 921 περὶ

291 938 345 990 τὸ
384 941 559 1008 σφίσιν
598 941 750 993 αὐτοῖς
783 942 1035 1006 ἀναγκαῖον
1067 945 1127 994 εἷς
1159 939 1278 1007 ζωὴν
1316 942 1392 990 καὶ
1423 939 1657 1008 χρήσιμον
1695 942 1756 992 εἰς
1786 939 1861 989 εὐ-

290 1022 497 1088 ημερίαν,
523 1023 571 1072 ἐν
595 1023 741 1073 οὐδενὶ
767 1021 852 1086 μὲν
875 1023 1127 1086 πεποίηντο
1159 1023 1290 1092 λόγῳ
1323 1021 1377 1073 τὸ
1409 1020 1718 1088 προσκρούειν
1738 1024 1860 1090 Θεῷ·

291 1105 679 1169 συνυπεκρίνοντο
707 1104 754 1155 δὲ
779 1109 874 1157 τοῖς
899 1105 1073 1155 ἑαυτῶν
1093 1107 1350 1167 βασιλεῦσι,
1369 1107 1444 1155 καὶ
1469 1109 1562 1158 τοῖς
1583 1103 1863 1170 ἡγουμένοις,

291 1189 348 1253 τῇ
374 1185 491 1252 πρὸς
514 1190 610 1237 πᾶν
635 1188 788 1238 ὁτιοῦν
815 1191 909 1237 τῶν
942 1187 1124 1239 ἐκείνοις
1151 1187 1410 1238 δοκούντων
1434 1190 1675 1254 συνδρομῇ
1705 1210 1862 1238 κατευ-
1886 1211 1933 1235 10

290 1270 546 1337 φραίνοντες,
571 1271 645 1319 καὶ
679 1268 738 1319 τὰ
772 1275 1012 1320 λυποῦντα
1041 1268 1164 1320 Θεὸν
1199 1273 1260 1322 εἷς
1297 1268 1466 1334 ἡδονήν
1503 1292 1551 1320 τε
1584 1271 1659 1319 καὶ
1696 1268 1864 1337 τέρψιν

289 1353 386 1402 τοῖς
424 1355 645 1401 πλανῶσι
684 1350 978 1417 δωρούμενοι.
1043 1355 1240 1402 αἰτιᾶται
1275 1351 1322 1402 δὲ
1355 1350 1515 1414 πάλιν,
1541 1354 1603 1404 ὡς
1628 1354 1694 1420 τῷ
1715 1351 1860 1417 Ἱερο-

289 1431 419 1495 βοὰμ
461 1434 535 1482 καὶ
587 1437 679 1486 τοῖς
731 1432 805 1484 ὑπ’
851 1432 991 1483 αὐτὸν
1035 1433 1235 1500 ἄρχουσι
1285 1433 1737 1499 συνδεδραμηκότας,
1788 1434 1863 1484 καὶ

251 1539 272 1565 e
290 1516 521 1578 ἀμελλητὶ
546 1515 919 1569 κατανεύσαντας
945 1514 1029 1577 τὴν
1055 1517 1127 1566 ἐπὶ
1157 1520 1254 1569 ταῖς
1281 1516 1516 1579 δαμάλεσι
1541 1520 1640 1568 ταῖς
1665 1520 1862 1582 χρυσαῖς

289 1598 544 1647 ἐπινοοῦντι
581 1597 874 1661 βεβήλωσιν,
917 1600 991 1648 καὶ
1032 1596 1150 1663 πρὸς
1189 1598 1348 1664 ἑτέραν
1400 1598 1620 1664 λατρείαν
1663 1599 1863 1651 ἀνοσίως
1886 1620 1931 1658 15

288 1677 453 1733 αὐτοὺς
502 1679 793 1746 ἀποκομίζειν
837 1680 1060 1731 ἐθέλοντι,
1145 1680 1233 1730 ἔδει
1275 1679 1368 1746 γὰρ
1410 1681 1497 1730 ἔδει
1543 1683 1638 1732 τοῖς
1681 1680 1863 1730 ἐκείνων

288 1760 530 1825 σκέμμασι
591 1763 665 1813 καὶ
723 1761 932 1816 ἐκτόποις
995 1762 1117 1826 ἄγαν
1179 1762 1532 1830 ἐπιχειρήμασιν
1593 1760 1863 1831 ἀντεξάγειν

286 1848 478 1908 γενικῶς
519 1847 601 1908 τῆς
639 1849 700 1897 εἰς
744 1844 867 1895 Θεὸν
912 1843 1096 1909 ἀγάπης
1139 1843 1193 1894 τὸ
1237 1843 1448 1910 γνήσιον,
1493 1846 1567 1894 καὶ
1610 1848 1862 1911 πειρᾶσθαι

286 1925 482 1976 κωλύειν
533 1927 857 1995 ἀφραίνοντας,
910 1928 996 1994 οὐχ
1046 1927 1237 1989 ἑτοίμως
1285 1925 1439 1981 ἰόντας
1489 1929 1551 1980 εἷς
1593 1926 1862 1977 συναίνεσιν

290 2012 610 2077 κατευφραίνειν
649 2006 828 2062 αὐτοὺς.
1883 2032 1930 2057 20

360 2087 570 2153 Ἀληθὴς
598 2090 645 2140 δὲ
672 2091 696 2140 ὁ
722 2090 879 2155 λόγος,
906 2089 992 2142 κᾶν
1017 2094 1053 2141 εἰ
1086 2095 1236 2141 νοοῖτο
1261 2090 1407 2142 πάλιν
1431 2092 1503 2142 ἐπὶ
1529 2094 1623 2141 τῶν
1647 2113 1861 2157 σταυρω-

68 2180 150 2214 108
172 2179 220 2213 A·
249 2189 269 2212 a
288 2170 476 2222 σάντων
502 2171 583 2223 τὸν
605 2171 927 2237 Ἐμμανουήλ.
989 2172 1268 2241 ψευδόμενοι
1293 2173 1384 2238 γὰρ
1409 2174 1484 2223 καὶ
1509 2177 1861 2239 συκοφαντοῦν-

287 2276 360 2306 τες
398 2253 552 2314 αὐτδν,
594 2256 771 2322 χαίρειν
813 2254 1158 2321 παρεσκεύαζον
1194 2256 1416 2322 (Ηρώδην
1457 2278 1506 2306 τε
1544 2258 1619 2306 καὶ
1659 2254 1861 2306 Πόντιον

290 2338 517 2402 Πιλάτον,
551 2342 624 2390 καὶ
655 2339 760 2393 τοὺς
790 2339 1150 2406 προεδρεύοντας
1177 2342 1258 2402 τῆς
1284 2342 1583 2405 Συναγωγῆς.
1652 2340 1743 2407 ε”φη
1767 2339 1860 2406 γάρ

288 2443 379 2470 που
404 2424 479 2471 καὶ
506 2423 530 2471 ὁ
557 2422 810 2475 θεσπέσιος
837 2421 1016 2487 Πέτρος
1041 2421 1158 2487 πρὸς
1185 2420 1268 2471 τόν
1298 2425 1391 2472 τῶν
1419 2422 1544 2472 ὅλων
1571 2422 1762 2488 Πατέρα
1787 2423 1860 2472 καὶ
1881 2439 1929 2477 25

69 2502 225 2585 &mss
291 2501 414 2552 Θεόν
452 2509 480 2532 cc
500 2503 817 2571 Συνήχθηο-αμ
861 2503 953 2570 γὰρ
998 2504 1065 2555 ἐπ’
1104 2502 1325 2567 ἀληθείας
1363 2505 1410 2554 ἐν
1448 2507 1505 2571 τῇ
1543 2504 1679 2554 πόλει
1716 2504 1861 2571 ταύτῃ

71 2598 120 2628 ²7-
289 2588 316 2611 ‘⁶
340 2585 412 2634 ἐπὶ
447 2583 530 2635 τὸν
564 2585 698 2651 ἅγιον
731 2584 876 2637 παῖδά
906 2609 996 2636 σου
1021 2588 1222 2650 Ἰησοῦν,
1253 2584 1305 2636 ὃν
1332 2585 1536 2653 ἔχρισας,
1563 2585 1781 2651 Ἡρώδης
1811 2608 1861 2636 τε

291 2670 316 2693 cc
403 2668 416 2682 x
507 2666 517 2681 l
790 2667 802 2681 ι
951 2667 963 2682 x
1030 2668 1051 2684 ,Ι
1261 2669 1272 2682 x
1395 2673 1414 2681 „
1457 2670 1466 2684 ‚
1607 2667 1618 2683 ι
1672 2669 1695 2683 ,,

344 2687 417 2715 και
444 2670 643 2721 Ποντιος
670 2672 879 2722 Πιλατος
905 2691 996 2719 συν
1023 2671 1174 2719 εθνεσι
1202 2690 1276 2718 και
1302 2675 1433 2721 λαοις
1474 2671 1669 2734 Ισραηλ.

341 2843 368 2865 1.
394 2834 565 2876 ηὕφραναν
582 2833 673 2868 B.D.
693 2836 862 2879 εὕφραναν
880 2834 970 2869 Edd.
991 2835 1114 2878 (ARV.)
1239 2845 1270 2879 3.
1298 2835 1332 2869 δέ
1352 2846 1413 2879 pro
1431 2835 1470 2878 δὴ
1491 2835 1535 2868 D.
1585 2835 1860 2880 ἀγαθουργοῦντα

292 2877 382 2911 Edd.
401 2884 480 2912 ante
500 2880 631 2924 Migne.
790 2894 824 2923 4.
853 2882 931 2916 Hoc
950 2881 1003 2927 ἐφ’
1023 2881 1167 2916 accessit
1184 2893 1223 2915 ex
1244 2882 1290 2915 D.
1435 2893 1465 2926 7.
1496 2881 1573 2915 Hoc
1589 2882 1701 2916 αὐτοῖς
1717 2882 1859 2916 accessit

290 2937 330 2958 ex
351 2924 441 2957 B.D-
606 2928 638 2960 8.
664 2928 857 2970 πεποίηνται
877 2928 921 2962 D.
1091 2939 1143 2962 10.
1169 2929 1252 2972 πρὸς
1269 2927 1355 2962 ἅπαν
1371 2928 1405 2963 b.
1574 2939 1626 2971 14.
1651 2929 1792 2972 ἀμελητί
1810 2927 1857 2962 D.

296 2982 345 3015 15.
370 2970 565 3014 βεβήλωσιν
583 2984 650 3006 om.
670 2973 859 3009 Aubertus.
1007 2976 1057 3010 16.
1084 2975 1262 3010 ἐθέλουσιν
1281 2976 1326 3009 D.
1471 2975 1523 3009 26.
1552 2975 1585 3009 ἐν
1603 2987 1671 3010 om.
1692 2975 1735 3009 D.
