2021 3434
118 242 424 285 v.13,14‚15.
576 231 646 271 IN
688 230 923 271 OSEAM.
984 229 1133 269 TOM.
1167 229 1243 269 IV.
1607 227 1684 264 1:33

116 361 263 402 μασιν
292 340 685 403 ἀναπεπεισμένος
718 340 948 405 ἠρεμῆσαι
979 337 1147 405 βραχὺ,
1174 337 1282 387 ἀλλ’
1314 334 1414 386 οὐδὲ
1441 331 1591 399 ἕτερός
1618 355 1685 386 τις

116 423 210 470 τῶν
246 422 726 490 μεμισθοφορηκὸτων
765 421 992 471 ἰάσασθαι
1027 421 1158 483 ὑμᾶς·
1199 417 1486 470 πεπαύσεται
1523 414 1570 466 δὲ
1603 415 1681 464 οὐ·

118 506 274 566 δαμῶς
299 506 381 566 τῆς
407 501 544 562 ὀδύνης
570 502 624 553 τὸ
651 503 851 568 κέντρον.

191 583 446 635 Πάνδεινον
472 586 550 635 οὖν
577 584 667 649 ἄρα
700 583 753 634 τὸ
789 583 852 648 μὴ
884 582 1121 648 σώζεσθαι
1144 586 1332 643 μᾶλλον
1358 582 1590 642 ἐπιθυμεῖν
1616 577 1690 629 διὰ
1709 591 1736 630 d

75 668 200 729 5τῆς
237 665 412 716 ἄνωθεν
446 665 738 732 ἡμερότητος,
778 666 1086 732 ἐπιθαρῥῆσαι
1125 663 1171 713 δὲ
1209 668 1309 716 ταῖς
1344 662 1400 730 ἐξ
1431 662 1692 728 ἀνθρώπων

117 749 407 814 ἐπικουρίαις·
460 750 605 799 καίτοι
642 752 847 808 βοῶντος
883 751 967 797 τοῦ
999 746 1272 807 Πνεύματος
1303 742 1377 795 διὰ
1410 743 1494 806 μὲν
1533 746 1693 811 φωνῆς

116 834 199 880 τοῦ
241 830 468 896 μακαρίου
512 830 686 880 Δαυείδ
730 836 756 858 “
778 826 986 893 Ἀγαθὸν
1028 827 1296 878 πεποιθέναι
1333 828 1407 876 ἐπὶ
1452 825 1627 891 Κύριον
1663 825 1692 889 ὴ
1754 836 1913 909 'gs-exvii-

120 918 146 940 ‘⁶
171 912 436 963 πεποιθέναι
470 913 537 962 ἐπ’
575 911 838 977 ἄνθρωπον.
905 909 1084 974 ἀγαθὸν
1119 907 1319 973 ἐλπίζειν
1352 908 1426 958 ἐπὶ
1458 907 1633 973 Κύριον
1664 906 1692 971 ἢ
1777 890 1833 921 ’9

121 1000 148 1021 “
174 993 371 1060 ἐλπίζειν
394 994 461 1044 ἐπ’
490 991 765 1060 ἄρχοντας·”
806 991 881 1042 διὰ
914 991 961 1042 δὲ
995 997 1078 1042 τοῦ
1109 989 1356 1059 προφήτου
1381 988 1526 1040 πάλιν
1553 990 1691 1055 Ἱερε-

55 1099 101 1124 10
120 1076 226 1137 μιόυ
264 1082 291 1104 “
311 1073 680 1141 Ἐπικατάρατος
725 1075 750 1124 ὁ
791 1074 1036 1140 ἄνθρωπος
1077 1071 1126 1126 ὃς
1163 1071 1248 1136 τὴν
1292 1073 1461 1123 ἐλπίδα
1500 1070 1591 1138 ἔχει
1625 1072 1692 1122 ἐπ’
1757 1078 1861 1158 ΞῙΞΙ-ς
1887 1122 1906 1153 6

121 1164 149 1186 ‘⁶
175 1157 436 1223 ἄνθρωπον,
474 1159 548 1208 καὶ
586 1156 801 1223 στηρίσει
839 1157 996 1222 σάρκα
1032 1156 1283 1222 βραχίονος
1313 1155 1467 1216 αὐτοῦ,
1495 1157 1570 1204 καὶ
1603 1151 1696 1205 ἀπὸ
1910 1147 1917 1152 ”

123 1246 150 1268 “
178 1240 352 1305 Κυρίου
387 1241 575 1307 ἀποστῇ
613 1239 641 1303 ἡ
676 1240 840 1305 καρδία
878 1240 1032 1301 αὐτοῦ,
1073 1242 1147 1288 καὶ
1191 1238 1324 1288 ε”σται
1365 1240 1427 1290 ὡς
1463 1237 1491 1300 ἡ
1530 1236 1691 1303 ἀγριό-

123 1328 150 1350 “
174 1323 340 1387 μυρίκη
370 1322 398 1385 ἡ
431 1323 478 1372 ἐν
513 1325 570 1390 τῇ
594 1321 761 1391 ἐρήμῳ,
787 1320 816 1386 ἣ
843 1322 924 1371 οὐκ
956 1320 1124 1389 ὄψεται
1157 1319 1268 1371 ὅταν
1302 1319 1416 1387 ἔλθῃ
1443 1317 1501 1370 τὰ
1527 1317 1695 1384 ἀγαθά.
1716 1341 1737 1367 e

123 1409 151 1432 “
177 1405 251 1454 καὶ
285 1404 593 1469 εὐλογημένος
626 1405 650 1454 ὁ
685 1404 929 1469 ἄνθρωπος
968 1402 1018 1456 ὃς
1054 1402 1273 1454 πέποιθεν
1311 1404 1384 1453 ἐπὶ
1422 1406 1488 1471 τῷ
1523 1402 1697 1471 Κυρίῳ,
1760 1420 1810 1451 Ib.
1833 1425 1859 1458 7,
1880 1418 1909 1447 8.

61 1504 105 1539 15
125 1492 150 1514 ‘⁶
177 1488 251 1536 καὶ
288 1486 420 1536 ἔσται
458 1486 629 1552 Κύριος
659 1487 794 1539 ἐλπὶς
828 1486 982 1536 αὐτοῦ·
1023 1487 1098 1536 καὶ
1124 1485 1256 1535 ἔσται
1291 1486 1353 1538 ὡς
1385 1483 1533 1553 ξύλον
1558 1486 1693 1550 εὐθη-

127 1574 153 1596 “
179 1573 286 1618 νοῦν
319 1570 427 1634 παρ’
461 1569 605 1631 ὕδατι,
640 1569 715 1618 καὶ
747 1569 820 1619 ἐπὶ
848 1566 1018 1631 ἰκμάδα
1043 1572 1187 1628 βαλεῖ
1212 1567 1338 1634 ῥίζας
1363 1568 1516 1630 αὐτοῦ,
1546 1569 1620 1618 καὶ
1646 1569 1700 1618 οὐ

130 1649 246 1714 “μὴ
284 1649 610 1718 φοβηθήσεται
654 1650 766 1701 ὅταν
809 1650 923 1718 ἔλθῃ
967 1656 1134 1713 καῦμα,
1177 1673 1251 1700 και
1296 1650 1429 1701 ἔσται
1467 1650 1536 1701 ἐπ’
1574 1652 1699 1702 αὐτῶ

129 1732 387 1800 (ίστελεχη
429 1733 641 1798 ἀλσώδη,
681 1735 729 1783 ἐν
773 1734 964 1784 ε’νιαυτῶ
1002 1732 1229 1799 ἀβροχίας
1267 1733 1320 1782 οὐ
1356 1731 1698 1832 φοβηθήσεται,

145 1817 256 1866 (και
285 1816 337 1866 οὐ
375 1817 604 1885 διαλειψει
641 1821 804 1867 ποιοῦν
830 1813 1033 1882 καρπόν.’
1113 1815 1299 1877 ἄμεινον
1322 1815 1402 1865 οὖν
1428 1815 1518 1880 ἄρα
1543 1838 1697 1881 προσ-

64 1918 112 1942 20
131 1902 410 1948 οικειοῦσθαι
446 1901 566 1966 Θεῷ,
606 1900 681 1948 καὶ
725 1897 778 1948 τὸ
823 1896 980 1966 σοφον
1025 1899 1167 1948 ἐκεῖνο
1217 1897 1370 1963 λέγειν
1421 1897 1478 1965 ἐξ
1521 1900 1700 1963 ἀγαθῆς

131 1981 344 2034 διανοίας·
387 1988 412 2010 ‘⁶
433 1980 523 2034 Σὸς
554 1984 643 2044 εἶμι
673 1979 779 2045 ἐγὼ,
805 1978 971 2031 σῶσόν
995 2002 1066 2043 με,
1094 1979 1163 2030 ὅτι
1197 1978 1256 2030 τὰ
1295 1979 1579 2044 δικαιώματά
1609 2003 1700 2031 σου
1760 2001 1813 2032 Ps.

1761 2047 1871 2078 cxviii.

0 1910 3 1968 ἓ

0 1985 3 2040 2

0 2056 4 2121 Ἰ
133 2071 159 2094 “
184 2062 482 2132 ἐξεζήτησα.”
1762 2099 1780 2130 9
1784 2100 1814 2129 4-

1 2161 4 2203 Ι

1 2205 5 2235 ι

136 2280 252 2321 Διότι
285 2279 370 2327 ὲΓώ
404 2278 487 2328 εἶμι
524 2281 583 2322 Coc
618 2282 783 2338 ΠάνΘΗρ
820 2283 881 2335 τῷ
910 2277 1112 2338 Ἐφραὶμ,
1146 2283 1214 2322 καὶ
1251 2282 1310 2323 ὡς
1348 2282 1458 2322 λέων
1496 2283 1556 2334 τῷ
1593 2267 1740 2346 οἴκῳῗ
1767 2259 1821 2294 93
1842 2258 1890 2293 Α·

197 2362 352 2404 Ἰούδα·
390 2364 457 2404 καὶ
482 2364 567 2411 ὲΓὼ
592 2365 794 2421 &psalmon
821 2366 888 2406 καί
914 2367 1176 2422 Πορεύσομαι
1204 2365 1271 2406 καὶ
1302 2366 1505 2415 λήψομαι,
1533 2364 1600 2405 καὶ
1626 2365 1700 2405 οὐκ

5 2443 7 2465 ¹
72 2453 118 2490 25
205 2445 320 2487 ἔσται
340 2447 362 2487 ὁ
383 2446 693 2503 ἐξαιρούμενος.
746 2450 1007 2505 Πορεύσομαι
1035 2449 1101 2489 καὶ
1127 2449 1373 2505 ἐπιστρέψω
1394 2446 1453 2489 εἷο
1478 2447 1550 2490 τὸν
1572 2449 1701 2489 τόπον
1727 2470 1772 2507 15

206 2543 297 2579 μου,
319 2530 403 2570 ἕως
429 2527 476 2569 οὗ
502 2530 807 2585 ἀφανισθώσιν.

6 2657 9 2687 ¹
213 2649 418 2715 Ἐναργῆ
455 2649 709 2712 καθίστησι
745 2648 830 2713 τὴν
863 2650 1012 2700 αἰτίαν
1046 2649 1100 2699 δι’
1133 2647 1190 2712 ἢν
1227 2646 1418 2713 ὤνησαν
1452 2648 1537 2713 μὲν
1575 2649 1706 2701 οὐδὲν

190 2799 223 2835 5.
250 2790 475 2834 ἐπιθαρσῆσαι
494 2790 539 2824 D.
862 2802 914 2826 10.
940 2790 989 2825 ἐπ
1009 2791 1055 2825 D.
1075 2791 1118 2825 cf.
1136 2792 1172 2826 in
1190 2792 1250 2826 Es.
1269 2791 1333 2826 160
1350 2803 1379 2826 c.
1397 2793 1481 2835 πρὸς
1499 2792 1590 2827 Edd.
1587 2792 1706 2852 (86).

148 2848 201 2871 11.
227 2838 337 2882 σάρκα
355 2837 401 2870 D.
420 2837 546 2882 σάρκας
564 2836 654 2871 Edd.
670 2835 794 2882 (Fred-
799 2837 890 2882 Aug.
905 2849 1012 2872 manu
1030 2838 1139 2879 tertia,
1157 2851 1212 2884 49.
1232 2838 1309 2884 90).
1358 2838 1476 2885 αὐτοῦ]
1494 2845 1531 2880 -ὗ-
1545 2838 1595 2874 ἐπ’
1607 2840 1708 2874 αὐτὸν

145 2883 237 2918 E.dd
257 2884 314 2928 (A.
318 2883 362 2917 V.
367 2884 414 2927 )'
398 2883 447 2918 επ’
461 2884 561 2917 αὐτὸν
577 2895 646 2918 om.
665 2884 707 2918 B.
713 2884 758 2918 D.
773 2883 898 2928 (Fred-
884 2885 995 2929 -Aug
1007 2884 1113 2976 XII.)
1161 2886 1227 2919 ἀπὸ
1246 2885 1369 2930 Κυρίου
1386 2898 1454 2920 om.
1475 2886 1517 2921 B.
1617 2898 1670 2931 13.
1688 2903 1706 2930 η

144 2942 214 2965 om.
234 2930 280 2964 D
300 2930 359 2964 sed
378 2931 421 2964 cf.
438 2930 526 2964 infra
542 2931 661 2975 534b.
854 2940 906 2975 15.
932 2932 1089 2974 εὐθηνοῦν
1125 2932 1282 2966 εὐθυνοῦν
1300 2932 1346 2966 D.
1365 2932 1457 2967 Edd.
1475 2939 1554 2967 ante
1573 2933 1649 2978 Mig
1652 2946 1706 2967 ne.

149 2978 201 3011 16.
225 2978 327 3017 βαλεῖ
344 2977 389 3010 D.
406 2978 529 3015 Βάλλει
549 2977 639 3013 Edd.
833 2987 885 3023 17.
911 2977 1169 3022 φοβηθήσονται
1188 2979 1233 3013 D.
1250 2979 1387 3024 φοβηθῇ
1409 2979 1451 3015 Β.
1471 2980 1562 3015 Edd.
1611 2981 1708 3015 ἕσται

146 3029 365 3069 assumptum
379 3035 420 3058 ex
440 3023 484 3058 D.
675 3035 728 3059 21.
754 3025 793 3058 τὰ
811 3024 1026 3071 δικαιώματά]
1046 3026 1104 3061 τὰς
1121 3026 1257 3062 ἐντολάς
1275 3026 1321 3061 D.
