2021 3434
101 233 138 258 x,
163 217 203 258 8.
544 216 617 258 IN
659 216 895 258 OSEAM.
956 214 1108 256 TOM.
1150 213 1202 254 V.
1593 208 1674 248 213

106 440 182 482 Καὶ
217 440 358 497 ἐροῦσι
392 437 482 482 τοῖς
518 440 636 498 ὄρεσι
676 439 902 489 Καλύψατε
940 438 1063 488 ἡμᾶς,
1091 437 1160 478 καί
1195 432 1284 477 τοῖς
1319 428 1482 484 βουνοῖς
1512 431 1677 472 Πέσατε

170 523 233 579 ἐφ’
266 523 391 572 ἡμᾶς.

192 652 297 701 Οὐκ
340 652 388 701 ἐν
437 650 597 716 μόναις
640 655 738 703 ταῖς
790 651 896 701 δυσὶ
949 648 1136 709 πόλεσι,
1189 645 1294 697 Δάν
1344 668 1393 696 τε
1440 645 1562 713 φημὶ
1606 641 1719 692 καὶᾶ
1746 649 1827 684 148
1847 647 1900 682 A·

106 732 303 796 Βαιθὴλ,
347 733 684 799 ἐθρησκεύοντο
734 732 791 783 τὰ
838 729 1043 797 γλυπτά,
1094 730 1204 780 ἀλλ’
1256 730 1452 779 ἐνταῦθα
1501 724 1585 788 μὲν
1635 726 1680 774 αἱ
1719 751 1721 753 ’

64 832 86 870 5
106 813 326 878 δαμάλεις
355 817 402 864 αἱ
434 819 622 881 χρυσαῖ,
650 817 697 865 ἐν
735 814 790 864 δέ
817 836 871 879 γε
905 816 992 867 τοῖς
1024 813 1130 881 ὄρεα-ι
1173 816 1249 862 καὶ
1290 812 1375 863 τοῖς
1414 811 1591 869 βουνοῖς,
1623 804 1683 856 τὰ

105 902 198 949 τῶν
235 896 478 961 περιοίκων
516 898 661 947 ἐθνῶν
695 895 996 961 σεβάσματα,
1030 895 1054 944 ὁ
1088 893 1239 955 Βάαλ,
1276 893 1300 942 ὁ
1333 887 1684 958 Βεελφεγὼρ,ἡ

105 977 349 1044 Ἀστάρτη
388 981 463 1028 καὶ
501 979 525 1028 ὁ
560 978 755 1042 Χαμώς.
817 977 887 1028 ὅτι
919 978 1074 1028 τοίνυν
1115 976 1218 1043 οὐχὶ
1255 974 1389 1038 μόνοι
1427 992 1683 1022 κατασεισ-

109 1061 334 1126 θήσονται
384 1065 466 1110 τοῦ
517 1058 580 1111 ὧν
629 1064 670 1111 οἱ
719 1061 884 1123 βωμοὶ,
929 1058 1158 1121 τουτέστι,
1209 1062 1292 1107 τοῦ
1324 1053 1543 1116 ”Απιδος,
1587 1052 1688 1117 ἤτοι

108 1148 202 1194 τῶν
234 1140 495 1205 δαμάλεων,
531 1142 660 1193 ἀλλὰ
695 1141 787 1209 γὰρ
818 1141 972 1206 πάντη
1010 1164 1059 1192 τε
1095 1141 1170 1191 καὶ
1207 1137 1395 1191 πάντως
1435 1138 1509 1187 καὶ
1547 1133 1607 1186 τὰ
1645 1136 1692 1185 ἐν

45 1251 91 1276 ιο
109 1230 292 1287 βουνοῖς
326 1227 401 1276 καὶ
436 1224 568 1292 ὄρεσι
606 1225 770 1290 τεμένη
807 1230 1078 1286 πεσοῦνται,
1113 1221 1189 1273 διὰ
1226 1221 1404 1272 τούτων
1443 1220 1688 1282 ὑποδηλοῖ.

109 1306 401 1376 περιεστήξει
436 1306 528 1375 γὰρ
554 1311 616 1362 εἷς
642 1314 779 1358 τοῦτο
806 1308 959 1360 αὐτοῖς
985 1303 1263 1370 ἀθλιότητός
1288 1326 1337 1354 τε
1366 1304 1439 1354 καὶ
1466 1300 1695 1365 δειμάτων

110 1388 169 1440 τὰ
193 1387 461 1455 πράγματα,
490 1391 551 1443 ὡς
591 1391 663 1441 ὑπ’
703 1390 854 1443 αὐτοῖς
893 1387 1114 1454 γενέσθαι
1152 1390 1240 1441 τοῖς
1280 1386 1387 1456 ὄρεσι
1417 1390 1494 1436 καὶ
1529 1385 1694 1442 βουνοῖς
1712 1389 1739 1430 b

113 1472 305 1523 ἑλέσθαι
330 1476 533 1535 μᾶλλον,
560 1470 587 1536 ἢ
613 1472 785 1539 ζῶντας
817 1474 927 1522 ἰδεῖν
959 1468 990 1521 ἃ
1021 1473 1185 1521 παθεῖν
1212 1467 1269 1532 ἧν
1301 1466 1482 1532 ἀνάγκη
1510 1467 1584 1517 καὶ
1611 1465 1697 1532 οὐχ

114 1552 300 1608 ἑκόντας
335 1553 513 1607 αὐτούς.
579 1554 735 1605 ἶστεόν
768 1553 829 1616 δὲ,
862 1552 933 1604 ὅτι
967 1554 1041 1603 καὶ
1076 1550 1212 1604 αὐτὸς
1240 1552 1264 1601 ὁ
1288 1548 1502 1616 Χριστὸς
1541 1549 1697 1612 ἀπαγ-

51 1659 97 1698 15
116 1637 308 1703 γε’λλων
349 1636 586 1690 Ἰουδαίοις
631 1635 715 1689 τὰς
764 1634 1195 1702 ἐπενεχθησομένας
1246 1633 1399 1684 αὐτοῖς
1443 1628 1698 1698 συμφορὰς

117 1717 192 1769 διά
215 1741 268 1782 γε
293 1716 351 1768 τὰ
375 1722 435 1771 εὶς
462 1718 602 1769 αὐτὸν
633 1716 928 1782 τολμήματα,
953 1722 1048 1770 τοῖς
1087 1716 1206 1770 ἰ’σοις
1246 1713 1482 1782 ἐχρήσατο
1514 1712 1692 1777 λόγοις.

117 1810 144 1832 “
169 1801 291 1854 Τότε
328 1801 420 1869 γὰρ
464 1804 615 1869 ἐρεῖτε,
660 1804 795 1871 φησὶ,
833 1807 929 1856 τοῖς
970 1802 1102 1867 ὄρεσι
1144 1799 1411 1869 Καλύψατε
1450 1798 1583 1861 ἡμᾶς,
1623 1798 1696 1846 καὶ
1757 1813 1789 1844 S.
1805 1814 1888 1864 pue.

120 1891 146 1914 “
169 1889 264 1938 τοῖς
294 1888 479 1944 βουνοῖς
515 1884 703 1935 Πέσατε
738 1883 809 1952 ἐφ’
838 1883 1004 1949 ἡμᾶς.”
1068 1881 1127 1934 τὰ
1154 1881 1246 1948 γὰρ
1273 1885 1334 1935 εἷς
1361 1880 1501 1949 λῆξιν
1525 1880 1698 1945 ἥκοντα
1756 1868 1916 1899 xxm.30.

118 1971 212 2017 τῶν
255 1970 421 2029 κακῶν,
462 1968 537 2017 καὶ
581 1971 675 2017 τῶν
719 1968 878 2017 δεινῶν
926 1968 972 2016 αἱ
1024 1965 1297 2031 ὑπερβολαὶ,
1342 1964 1489 2014 καίτοι
1530 1960 1698 2027 πικρὸν

53 2079 101 2104 20
121 2047 233 2100 ὄντα
282 2047 363 2100 τὸν
413 2048 628 2111 θάνατον,
678 2047 961 2116 τριπόθητον
1010 2047 1118 2098 ἔσθ’
1167 2046 1243 2098 ὅτε
1295 2045 1555 2096 δεικνύουσι
1604 2047 1698 2095 τοῖς

121 2135 332 2184 πολλοῖς.
396 2131 549 2184 αὐτοῖς
584 2130 639 2195 δὴ
675 2131 755 2181 οὖν
793 2130 884 2197 ἄρα
921 2133 1010 2184 τοῖς
1049 2130 1156 2198 ὄρεα-ι
1199 2133 1276 2180 καὶ
1317 2130 1405 2182 τοῖς
1443 2128 1622 2188 βουνοῖς,
1653 2126 1738 2175 ἐνο

122 2211 188 2266 οἷς
221 2216 268 2263 αἱ
303 2213 678 2280 ψευδολατρείαι,
702 2214 777 2263 καὶ
811 2215 893 2276 τῆς
927 2210 1045 2262 κατὰ
1073 2214 1197 2262 Θεοῦ
1232 2210 1514 2270 δυσσεβείας
1539 2206 1698 2258 τετόλ-

122 2317 262 2359 μηται
300 2294 359 2345 τὰ
391 2294 679 2361 ἐγκλήματα,
713 2296 961 2362 μονονουχὶ
999 2295 1074 2345 καὶ
1113 2294 1248 2362 ἐροῧτί
1276 2296 1399 2360 φησι
1429 2289 1604 2341 Πεό-οιτε
1632 2290 1700 2358 ἐφ’

123 2379 255 2446 ἡμᾶς,
282 2379 356 2427 καὶ
396 2376 615 2445 φθάσατε
653 2382 735 2427 τοῦ
773 2377 1082 2437 Βαβυλωνίου
1116 2375 1282 2442 ξίφους
1317 2372 1402 2437 τὴν
1436 2371 1704 2438 ἀγριότητα,

58 2481 105 2519 25
124 2461 197 2510 καὶ
225 2461 307 2522 τῆς
333 2462 394 2512 εἷς
420 2458 752 2526 αἰχμαλωσίαν
778 2459 1036 2523 ἀπαγωγῆς
1062 2454 1147 2520 τὴν
1175 2458 1322 2506 ἀκλεᾶ
1348 2456 1422 2505 καὶ
1449 2454 1705 2505 δύσοιστον

125 2539 396 2605 ἀθλιότητα.

178 2713 207 2736 1.
233 2700 361 2736 πέσατε
380 2701 473 2735 B.D.
490 2699 613 2735 πέσετε
632 2700 669 2734 F.
689 2699 780 2734 Edd.
801 2699 889 2744 (XII
908 2711 927 2733 a
943 2710 1050 2733 manu
1070 2698 1154 2741 sec.)
1433 2710 1466 2740 4.
1493 2697 1650 2744 ἐνταῦθα]
1672 2698 1707 2732 ἐν

129 2747 262 2783 ταύταις
281 2749 327 2782 D.
525 2757 557 2791 5.
584 2749 653 2782 τοῖς
670 2748 729 2781 alf„
747 2758 816 2780 om.
837 2747 885 2780 D.
1074 2744 1106 2778 6.
1133 2747 1150 2778 ὁ
1168 2744 1264 2788 prius
1283 2755 1353 2778 om.
1372 2743 1419 2778 D.
1468 2745 1522 2778 καὶ
1540 2757 1602 2790 pro
1620 2745 1638 2789 ἡ
1658 2745 1705 2779 D.

132 2803 162 2840 7.
188 2793 299 2839 μόνοι]
319 2796 420 2837 μόνον
438 2792 530 2827 Edd.
895 2803 948 2826 11.
974 2806 1051 2837 περι
1069 2790 1187 2835 στήξει
1205 2791 1308 2825 unius
1329 2791 1394 2824 litt.
1412 2802 1534 2825 rasura
1551 2792 1640 2826 facta
1658 2792 1704 2826 D.

135 2842 187 2875 18.
213 2841 334 2874 πέσετε
353 2840 412 2874 iid.
627 2851 682 2884 23.
707 2839 830 2874 πέσετε
847 2839 907 2873 iid.
1188 2837 1243 2871 26.
1269 2837 1468 2883 ἀθλιότητα]
1485 2842 1522 2879 —4-
1540 2839 1708 2884 ἐκδέξεται

132 2887 242 2921 τοίνυν
273 2888 350 2922 τοὺς
381 2887 422 2921 τὰ
454 2886 544 2920 δεινὰ
572 2885 880 2930 πλημμελήσαντας
908 2885 1076 2928 ἷσοπαλὴς
1104 2884 1122 2928 ἡ
1156 2885 1240 2927 δίκη,
1267 2885 1320 2918 καὶ
1346 2886 1416 2920 τοῖς
1443 2886 1592 2920 λυποῦσι
1623 2887 1710 2920 Θεὸν

133 2934 280 2979 καταίρει
297 2934 338 2968 τὰ
354 2934 534 2979 πράγματα
551 2935 634 2978 πρὸς
651 2933 815 2977 ἀπευκτὴν
831 2933 988 2976 δηλονότι
1004 2933 1057 2967 καὶ
1074 2931 1373 2977 δυσδιαφὺλακτον
1390 2933 1531 2967 κόλασιν
1549 2932 1595 2967 D.
