2021 3434
312 227 395 267 652
701 227 753 268 Β.
791 226 1069 268 CYRILLI
1110 226 1490 268 ALEXANDR.
1684 227 1741 268 iii.
1759 241 1799 283 9,
1821 240 1884 267 10.

312 333 432 386 στὸν
469 334 552 388 τὰς
589 339 682 386 τῶν
706 336 943 386 Ἰουδαίων
981 335 1171 401 ἀγέλας.
1235 335 1346 386 ἀλλ’
1379 335 1564 403 ἔχαιρον
1601 335 1887 402 αἰκιζόμενοι,

90 429 171 463 421
190 429 241 464 Α.
274 418 390 467 axa}
431 421 698 484 τρυφῶντες
727 421 821 467 τῶν
855 418 1111 482 συνεδρίων
1141 416 1357 486 ἐξῄεσαν,
1393 417 1506 483 ὑπὲρ
1543 424 1624 468 τοῦ
1662 417 1888 479 ὀνόματος

90 479 176 509 Acta
192 479 250 510 SS.
330 500 340 514 ‚
544 498 556 515 t
743 496 764 515 ,ι
987 498 999 514 x
1075 499 1096 516 ot
1473 498 1483 513 r
1763 505 1782 513 ..
1873 501 1886 517 x

90 523 179 562 App.
193 533 224 553 v.
314 501 665 562 ατιμασθεντες.
733 501 911 565 ῃδεσαν
941 521 1034 566 γαρ
1073 522 1143 550 οτι
1175 503 1558 563 συμπεπονθοτες
1585 504 1785 569 Χριστῳ
1813 522 1888 551 και

91 574 210 640 ἒῙνῂω,
313 579 795 643 συμβασιλεύσουσιν
822 582 962 650 αὐτῷ.

91 652 124 683 ii.
145 661 193 684 12.

270 772 543 828 9Ἀκούσατε
570 770 620 813 δή
648 775 790 824 Ταῦτα,
819 771 857 814 οἰ
885 773 1111 822 ῥιΓούμενοι
1143 771 1263 814 οἷ’κου
1287 774 1443 824 Ἰακὼβ
1471 775 1539 816 καὶ
1565 773 1603 815 οἷ
1633 774 1887 815 κατάλοιποι
1907 780 1929 818 5

381 853 501 896 οἴκου
537 855 727 912 Ἰσραὴλ,
771 853 808 896 οἷ
853 856 1179 906 βδελυσσόμενοι
1224 854 1349 914 κρῖμα
1396 857 1463 897 καί
1504 859 1641 899 Πάντα
1685 857 1736 899 τὰ
1780 856 1886 913 ὀρθὰ

247 955 293 980 10
380 939 724 996 διαστρέφοντες,
762 938 800 980 οἱ
838 938 1161 990 οἰκοδομοῦντες
1198 941 1313 982 Σιὼν
1351 940 1395 982 ἐν
1433 941 1593 992 αἵμασι,
1633 940 1700 981 καὶ
1731 940 1889 997 Ἰερου-

379 1023 521 1072 σαλήμ
547 1023 591 1064 ὲν
618 1023 816 1069 ἀδικίαις,

384 1137 593 1202 Ἀγαθὸς
619 1135 684 1187 ὧν
717 1138 827 1188 λίαν
854 1139 879 1189 ὁ
908 1137 1220 1205 Δημιουργὸς,
1247 1136 1344 1188 εἶτα
1381 1142 1475 1188 τῶν
1509 1137 1891 1201 συμβησομένων

266 1219 466 1272 δαύτοῖς
504 1224 658 1270 κακῶν
683 1218 737 1270 τὸ
774 1220 971 1285 μέγεθος
1009 1221 1091 1271 οὐκ
1129 1220 1356 1285 ἠγοηκὼς,
1387 1219 1462 1271 διὰ
1499 1219 1674 1272 παντὸς
1710 1220 1889 1287 ε”ρχεται
1913 1242 1961 1266 10

311 1301 502 1366 τρόπου,
530 1305 603 1352 καὶ
638 1306 734 1353 πᾶν
760 1300 879 1356 εἶδος
911 1302 1202 1367 εἰσηγήσεως
1237 1325 1286 1353 τε
1324 1306 1400 1353 καὶ
1438 1304 1634 1365 ἀπειλῆς
1671 1301 1890 1370 εἰσφέρει,

311 1387 373 1437 ὡς
404 1382 462 1434 ἂν
493 1384 617 1450 τάχα
650 1407 750 1437 πως
781 1386 1103 1435 ἀναπεισθεῖεν
1134 1388 1176 1435 οἱ
1209 1384 1524 1451 ἡμαρτηκότες
1551 1386 1626 1434 καὶ
1655 1388 1892 1446 μετανοεῖν

310 1466 506 1527 ἕλοιντο,
534 1465 593 1515 τὰ
624 1466 795 1533 αἰσχίω
826 1465 1257 1529 μεταμανθάνοντες
1283 1469 1358 1517 καὶ
1390 1470 1647 1532 κατορθοῦν
1672 1466 1891 1533 ᾑρημένοι

309 1547 370 1598 τὰ
408 1549 462 1598 δι’
491 1545 554 1598 ὧν
580 1546 637 1612 ἧν
669 1547 786 1602 εἰκὸς
813 1549 989 1598 ἀκονιτὶ
1027 1548 1258 1600 δύνασθαι
1290 1547 1528 1614 διαδράναι
1553 1548 1613 1598 τὰ
1639 1548 1694 1616 ἐξ
1729 1549 1889 1613 ὀργῆς.

309 1629 471 1680 εἰδέναι
509 1629 658 1695 γεμὴν
684 1632 938 1695 ἀναγκαῖον
969 1630 1051 1681 τὸν
1086 1634 1330 1699 φιλομαθῆ
1370 1633 1445 1681 καὶ
1484 1630 1890 1698 φιλολογώτατον,
1914 1654 1961 1693 15
2001 1647 2005 1689 ξ

310 1712 382 1764 ὅτι
419 1711 621 1780 συνεχὴς
657 1711 740 1776 μὲν
775 1718 870 1763 τῶν
902 1718 1162 1781 προφητῶν
1188 1714 1213 1763 ὁ
1240 1713 1384 1778 λόγος
1412 1715 1460 1763 ἐν
1485 1714 1692 1774 βιβλίοις
1730 1735 1779 1763 τε
1817 1714 1892 1763 καὶ

309 1799 630 1864 συγγραφαῖς,
656 1794 815 1861 γέγονε
844 1795 892 1846 δὲ
919 1795 1037 1846 κατὰ
1063 1794 1247 1862 καιροὺς
1274 1798 1348 1846 καὶ
1373 1794 1461 1845 ἀνὰ
1487 1795 1636 1861 μερος,
1658 1794 1783 1846 ὥστε
1807 1794 1894 1846 κᾶν

271 1899 292 1924 e
311 1882 347 1928 εἰ
374 1878 614 1945 φαίνοιντό
640 1900 740 1931 πως
765 1883 1124 1932 ταυτοεποῦντες
1151 1878 1255 1929 ἔσθ’
1281 1877 1370 1940 ὅτε,
1397 1878 1508 1928 ἀλλ’
1527 1878 1607 1928 οὖν
1633 1876 1892 1928 ἀκόλουθον

309 1962 491 2021 ἐννοεῖν,
532 1962 592 2012 ὡς
638 1960 691 2010 οὐ
735 1960 843 2011 καθ’
891 1960 971 2011 ἕνα
1021 1959 1193 2026 καιρὸν,
1236 1963 1296 2013 ὡς
1342 1960 1475 2026 ἔφην,
1515 1961 1618 2011 οὔτε
1661 1959 1755 2023 μὴν
1797 1965 1893 2014 τοῖς

309 2044 477 2105 αὐτοῖς,
505 2041 563 2092 τὰ
588 2040 739 2092 τοιάδε
764 2042 1121 2110 προσεφώνουν,
1147 2047 1339 2109 μακρῶν
1365 2042 1412 2093 δὲ
1438 2043 1672 2095 πολλάκις
1696 2064 1893 2108 παρεισ-
1914 2066 1962 2091 20
1998 2073 2001 2086 ι

309 2125 618 2189 βεβληκότων
645 2123 991 2189 διαστημάτων,
1017 2124 1195 2175 ὁίλλοτε
1233 2125 1401 2179 ἄλλοις
1437 2126 1513 2175 καὶ
1551 2123 1671 2175 κατὰ
1708 2123 1894 2191 καιροὺς

309 2206 659 2274 προσελάλουν.
729 2206 816 2258 ἔδει
860 2206 953 2273 γὰρ
996 2205 1176 2260 πάντας
1216 2206 1380 2257 εἰδέναι
1423 2205 1483 2257 τὰ
1532 2206 1892 2270 συμβησόμενα,

311 2292 386 2340 καὶ
425 2292 579 2353 κοινῆς
605 2294 858 2358 συμφορᾶς
892 2294 987 2342 τοῖς
1019 2288 1107 2339 ἀνὰ
1141 2293 1305 2340 πᾶσαν
1335 2288 1421 2352 τὴν
1446 2291 1536 2355 γῆν
1561 2289 1783 2353 γενέσθαι
1807 2286 1895 2352 τὴν

308 2371 668 2439 προαγόρευσιν.
734 2371 851 2437 πρὸς
892 2373 1008 2433 ὑμᾶς
1048 2371 1103 2435 δὴ
1143 2372 1223 2421 οὖν
1261 2372 1286 2421 ὁ
1326 2371 1484 2436 λόγος,
1519 2373 1654 2439 φησὶ,
1685 2369 1793 2425 τοὺς
1830 2374 1895 2426 εἰς

362 2542 390 2565 1.
415 2531 553 2575 ἔχαιρον
571 2529 684 2575 abug]
704 2531 860 2576 ἔρχονται
877 2532 1114 2573 μαστιζόμενοι
1134 2531 1176 2564 Α.
1496 2541 1526 2563 2.
1551 2529 1635 2573 ὑπὲρ
1653 2532 1712 2563 τοῦ
1730 2529 1893 2573 ὀνόματος

309 2577 550 2621 ἀτιμασθέντες
583 2578 625 2611 A.
660 2577 711 2611 ὅτι
741 2578 996 2620 κατηξιώθησαν
1022 2578 1105 2622 ὑπὲρ
1135 2580 1194 2610 τοῦ
1223 2578 1386 2620 ὀνόματος
1412 2577 1514 2610 αὐτοῦ
1542 2577 1766 2620 ἀτιμασθῆναι
1799 2575 1892 2610 Edd.

310 2636 342 2668 3.
368 2623 508 2668 ᾔδεισαν
527 2625 570 2658 Α.
623 2624 748 2658 Statim
764 2625 829 2670 γὰρ
848 2632 1069 2668 assumptum
1087 2636 1128 2657 ex
1146 2624 1235 2658 Α.Β.
1410 2633 1443 2668 5.
1462 2623 1502 2667 δὴ
1520 2636 1589 2657 om.
1608 2625 1652 2658 A.
1806 2624 1840 2656 6.
1861 2624 1893 2656 οἶ

310 2683 379 2705 om.
401 2671 442 2704 B.
463 2670 583 2715 (153.)
632 2669 774 2716 κρίματα
790 2672 834 2705 Α.
885 2672 926 2704 τὰ
943 2683 1012 2704 om.
1032 2672 1074 2704 A.
1381 2679 1412 2715 7.
1438 2671 1658 2715 οἷκοδομῆσαι
1675 2681 1738 2714 pro
1756 2670 1787 2703 οἱ
1804 2670 1892 2703 οἷκο-

310 2718 490 2761 δομοῦντες
508 2718 550 2751 Α.
767 2729 820 2752 10.
847 2722 953 2752 κακῶν
978 2724 1199 2762 assumptum
1218 2729 1257 2751 ex
1278 2717 1319 2750 B.
1550 2728 1602 2751 12.
1629 2717 1672 2752 ὡς
1693 2716 1732 2749 ss.
1752 2716 1780 2750 εἷ
1799 2716 1890 2750 Edd.

311 2765 487 2798 Neutrum
505 2764 611 2798 habet
629 2765 672 2798 A.
724 2765 847 2799 Statim
873 2765 913 2798 ἂν
937 2765 1023 2809 τάχα
1048 2779 1118 2799 πως
1146 2765 1185 2798 Β.
1213 2765 1253 2798 ἂν
1278 2776 1347 2798 om.
1374 2764 1417 2797 A.
1444 2770 1523 2808 post
1548 2778 1618 2799 πως
1644 2771 1778 2807 transp.
1798 2762 1890 2798 Edd.

316 2823 367 2855 13.
393 2811 517 2856 αἰσχίω
535 2811 625 2845 Α.Β.
644 2811 739 2845 αἴσια
758 2811 848 2845 Edd.
899 2811 1087 2856 αἱρούμενοι
1106 2812 1149 2845 A.
1460 2821 1511 2855 17.
1539 2811 1781 2855 συγγραφεῦσι
1800 2809 1891 2844 Edd.

312 2858 428 2891 invitis
446 2858 535 2891 AB.
585 2859 638 2891 καὶ
655 2870 725 2893 om.
744 2858 788 2892 A.
974 2859 1025 2892 18.
1052 2858 1208 2902 φαίνοιτό
1225 2857 1268 2890 Α.
1321 2858 1445 2891 Statim
1463 2872 1533 2892 πως
1549 2863 1771 2900 assumptum
1788 2869 1829 2891 ex
1848 2857 1892 2891 A.

315 2915 369 2937 20.
395 2905 435 2937 τὰ
453 2911 675 2948 assumptum
693 2918 734 2940 ex
754 2906 794 2939 A.
991 2916 1045 2939 21.
1072 2903 1209 2948 ἄλλοις]
1228 2905 1342 2940 ἄλλως
1360 2905 1403 2938 A.
1454 2904 1587 2947 καιροὺς
1604 2904 1648 2937 Α.
1667 2905 1781 2947 καιρὸν
1799 2903 1892 2938 Edd.

314 2961 369 2983 22.
394 2951 501 2984 πάντα
521 2951 610 2984 Edd.
826 2963 880 2997 23.
900 2952 1010 2996 κοινὴν
1027 2952 1211 2997 συμφορὰν
1228 2951 1308 2996 (Sic)
1328 2952 1370 2986 A.
1419 2951 1479 2985 ἀνὰ
1497 2952 1603 2985 πάντα
1621 2951 1734 2995 καιρὸν
1751 2962 1818 2995 pro·
1830 2950 1893 2985 ἀνὰ

311 2998 423 3030 πᾶσαν
440 2998 499 3040 τὴν
514 3000 577 3042 γῆν
596 2999 639 3031 Α.
