<?xml version="1.0" encoding="UTF-8"?>
<!DOCTYPE html PUBLIC "-//W3C//DTD XHTML 1.0 Transitional//EN"
    "http://www.w3.org/TR/xhtml1/DTD/xhtml1-transitional.dtd">
<html xmlns="http://www.w3.org/1999/xhtml" xml:lang="en" lang="en">
 <head>
  <title>
</title>
<meta http-equiv="Content-Type" content="text/html;charset=utf-8" />
  <meta name='ocr-system' content='tesseract 3.04.00' />
  <meta name='ocr-capabilities' content='ocr_page ocr_carea ocr_par ocr_line ocrx_word'/>
</head>
<body>
  <div class='ocr_page' id='page_1' title='image "./operacyrilli01cyriuoft/operacyrilli01cyriuoft_0511.png"; bbox 0 0 2021 3434; ppageno 0'>
   <div class='ocr_carea' id='block_1_1' title="bbox 340 880 1528 924">
    <p class='ocr_par' dir='ltr' id='par_1_1' title="bbox 340 880 1528 924">
     <span class='ocr_line' id='line_1_1' title="bbox 340 880 1528 924; baseline 0.007 -8"><span class='ocrx_word' id='word_1_1' title='bbox 340 880 449 917; x_wconf 73' lang='grc' dir='ltr'>ΤΟΥ</span> <span class='ocrx_word' id='word_1_2' title='bbox 489 881 669 918; x_wconf 75' lang='grc' dir='ltr'>ΑΎΤΟΎ</span> <span class='ocrx_word' id='word_1_3' title='bbox 709 882 796 919; x_wconf 88' lang='grc' dir='ltr'>ΕΙΣ</span> <span class='ocrx_word' id='word_1_4' title='bbox 837 882 947 920; x_wconf 86' lang='lat' dir='ltr'>TON</span> <span class='ocrx_word' id='word_1_5' title='bbox 992 884 1175 921; x_wconf 73' lang='lat' dir='ltr'><strong>ATTON</strong></span> <span class='ocrx_word' id='word_1_6' title='bbox 1219 885 1528 924; x_wconf 84' lang='grc' dir='ltr'>ΠΡΟΦΗΤΗΝ</span> 
     </span>
    </p>
   </div>
   <div class='ocr_carea' id='block_1_2' title="bbox 553 1056 1290 1113">
    <p class='ocr_par' dir='ltr' id='par_1_2' title="bbox 553 1056 1290 1113">
     <span class='ocr_line' id='line_1_2' title="bbox 553 1056 1290 1113; baseline 0.005 -5"><span class='ocrx_word' id='word_1_7' title='bbox 553 1056 869 1110; x_wconf 81' lang='grc' dir='ltr'>ΤΟΜΟΣ</span> <span class='ocrx_word' id='word_1_8' title='bbox 936 1058 1290 1113; x_wconf 79' lang='grc' dir='ltr'><strong>ΤΡΙΤΟΣ.</strong></span> 
     </span>
    </p>
   </div>
   <div class='ocr_carea' id='block_1_3' title="bbox 96 1249 1784 1570">
    <p class='ocr_par' dir='ltr' id='par_1_3' title="bbox 133 1249 1783 1402">
     <span class='ocr_line' id='line_1_3' title="bbox 133 1249 1783 1316; baseline 0.008 -26"><span class='ocrx_word' id='word_1_9' title='bbox 133 1249 418 1307; x_wconf 67' lang='grc' dir='ltr'>ἜκζΗτήσατε</span> <span class='ocrx_word' id='word_1_10' title='bbox 443 1253 492 1295; x_wconf 83' lang='grc' dir='ltr'>τὸ</span> <span class='ocrx_word' id='word_1_11' title='bbox 519 1254 647 1296; x_wconf 83' lang='grc' dir='ltr'>καλὸν</span> <span class='ocrx_word' id='word_1_12' title='bbox 676 1256 744 1296; x_wconf 78' lang='grc' dir='ltr'>καὶ</span> <span class='ocrx_word' id='word_1_13' title='bbox 769 1256 824 1304; x_wconf 63' lang='grc' dir='ltr'>μὴ</span> <span class='ocrx_word' id='word_1_14' title='bbox 859 1256 907 1298; x_wconf 84' lang='grc' dir='ltr'>τὸ</span> <span class='ocrx_word' id='word_1_15' title='bbox 940 1257 1142 1314; x_wconf 81' lang='grc' dir='ltr'>Πονι-ιρὸν,</span> <span class='ocrx_word' id='word_1_16' title='bbox 1168 1258 1287 1300; x_wconf 71' lang='grc' dir='ltr'>ὅπως</span> <span class='ocrx_word' id='word_1_17' title='bbox 1313 1258 1474 1316; x_wconf 55' lang='lat' dir='ltr'>&amp;om-3,</span> <span class='ocrx_word' id='word_1_18' title='bbox 1503 1260 1571 1301; x_wconf 83' lang='grc' dir='ltr'><strong>καί</strong></span> <span class='ocrx_word' id='word_1_19' title='bbox 1595 1261 1714 1303; x_wconf 79' lang='grc' dir='ltr'>ἔσται</span> <span class='ocrx_word' id='word_1_20' title='bbox 1737 1278 1783 1313; x_wconf 90' lang='lat'>14</span> 
     </span>
     <span class='ocr_line' id='line_1_4' title="bbox 206 1338 1712 1402; baseline 0.008 -26"><span class='ocrx_word' id='word_1_21' title='bbox 206 1338 342 1378; x_wconf 72' lang='grc' dir='ltr'>οὕτως</span> <span class='ocrx_word' id='word_1_22' title='bbox 376 1338 461 1386; x_wconf 83' lang='grc' dir='ltr'>μεθ’</span> <span class='ocrx_word' id='word_1_23' title='bbox 501 1338 619 1387; x_wconf 75' lang='grc' dir='ltr'>ὑμῶν</span> <span class='ocrx_word' id='word_1_24' title='bbox 659 1338 805 1397; x_wconf 71' lang='grc' dir='ltr'>Κύριος</span> <span class='ocrx_word' id='word_1_25' title='bbox 842 1341 864 1383; x_wconf 83' lang='grc' dir='ltr'>ὁ</span> <span class='ocrx_word' id='word_1_26' title='bbox 902 1340 1010 1383; x_wconf 71' lang='grc' dir='ltr'>Θεὸς</span> <span class='ocrx_word' id='word_1_27' title='bbox 1046 1342 1069 1383; x_wconf 85' lang='grc' dir='ltr'><strong>ὁ</strong></span> <span class='ocrx_word' id='word_1_28' title='bbox 1107 1343 1429 1400; x_wconf 78' lang='grc' dir='ltr'>Παντοκράτωρ·</span> <span class='ocrx_word' id='word_1_29' title='bbox 1470 1344 1517 1386; x_wconf 84' lang='grc' dir='ltr'>ὃν</span> <span class='ocrx_word' id='word_1_30' title='bbox 1558 1346 1712 1402; x_wconf 84' lang='grc' dir='ltr'>τρόπον</span> 
     </span>
    </p>

    <p class='ocr_par' dir='ltr' id='par_1_4' title="bbox 96 1416 1784 1570">
     <span class='ocr_line' id='line_1_5' title="bbox 96 1416 1784 1482; baseline 0.005 -23"><span class='ocrx_word' id='word_1_31' title='bbox 96 1423 118 1459; x_wconf 90' lang='grc'>5</span> <span class='ocrx_word' id='word_1_32' title='bbox 205 1416 355 1462; x_wconf 73' lang='grc' dir='ltr'>εἴποιτε</span> <span class='ocrx_word' id='word_1_33' title='bbox 401 1420 708 1471; x_wconf 64' lang='grc' dir='ltr'>ΛΛεμιοήκαμε-ῑν</span> <span class='ocrx_word' id='word_1_34' title='bbox 755 1425 807 1465; x_wconf 83' lang='grc' dir='ltr'>τὰ</span> <span class='ocrx_word' id='word_1_35' title='bbox 851 1426 1019 1482; x_wconf 81' lang='grc' dir='ltr'>ΠονΗρὰ</span> <span class='ocrx_word' id='word_1_36' title='bbox 1069 1425 1137 1466; x_wconf 75' lang='grc' dir='ltr'>καὶ</span> <span class='ocrx_word' id='word_1_37' title='bbox 1180 1425 1457 1476; x_wconf 62' lang='grc' dir='ltr'>ὐπαπήκαμεν</span> <span class='ocrx_word' id='word_1_38' title='bbox 1495 1428 1545 1470; x_wconf 82' lang='grc' dir='ltr'>τὰ</span> <span class='ocrx_word' id='word_1_39' title='bbox 1590 1429 1713 1481; x_wconf 76' lang='grc' dir='ltr'>καλὰ,</span> <span class='ocrx_word' id='word_1_40' title='bbox 1738 1440 1784 1478; x_wconf 92' lang='lat'>15</span> 
     </span>
     <span class='ocr_line' id='line_1_6' title="bbox 205 1504 1713 1570; baseline 0.007 -26"><span class='ocrx_word' id='word_1_41' title='bbox 205 1504 274 1544; x_wconf 75' lang='grc' dir='ltr'>καὶ</span> <span class='ocrx_word' id='word_1_42' title='bbox 304 1504 686 1549; x_wconf 62' lang='grc' dir='ltr'>ἀποκαταστιὶσατε</span> <span class='ocrx_word' id='word_1_43' title='bbox 723 1508 768 1549; x_wconf 81' lang='grc' dir='ltr'>ἐν</span> <span class='ocrx_word' id='word_1_44' title='bbox 801 1510 954 1551; x_wconf 75' lang='grc' dir='ltr'>Πύλαις</span> <span class='ocrx_word' id='word_1_45' title='bbox 992 1506 1131 1566; x_wconf 82' lang='grc' dir='ltr'>κρῖμα,</span> <span class='ocrx_word' id='word_1_46' title='bbox 1158 1512 1278 1552; x_wconf 74' lang='grc' dir='ltr'>ὅπως</span> <span class='ocrx_word' id='word_1_47' title='bbox 1310 1511 1479 1554; x_wconf 68' lang='grc' dir='ltr'>ἐλεήσει</span> <span class='ocrx_word' id='word_1_48' title='bbox 1518 1513 1664 1570; x_wconf 81' lang='grc' dir='ltr'>Κύριοε</span> <span class='ocrx_word' id='word_1_49' title='bbox 1690 1514 1713 1555; x_wconf 87' lang='grc' dir='ltr'>ὁ</span> 
     </span>
    </p>
   </div>
   <div class='ocr_carea' id='block_1_4' title="bbox 204 1586 1414 1651">
    <p class='ocr_par' dir='ltr' id='par_1_5' title="bbox 204 1586 1414 1651">
     <span class='ocr_line' id='line_1_7' title="bbox 204 1586 1414 1651; baseline 0.005 -22"><span class='ocrx_word' id='word_1_50' title='bbox 204 1586 312 1629; x_wconf 68' lang='grc' dir='ltr'>Θεὸς</span> <span class='ocrx_word' id='word_1_51' title='bbox 337 1589 360 1630; x_wconf 86' lang='grc' dir='ltr'>ὁ</span> <span class='ocrx_word' id='word_1_52' title='bbox 387 1590 697 1648; x_wconf 80' lang='grc' dir='ltr'>Παντοκράτωρ</span> <span class='ocrx_word' id='word_1_53' title='bbox 723 1590 822 1632; x_wconf 74' lang='grc' dir='ltr'>τοὺς</span> <span class='ocrx_word' id='word_1_54' title='bbox 848 1592 1122 1649; x_wconf 82' lang='grc' dir='ltr'>Περιλοίπουε</span> <span class='ocrx_word' id='word_1_55' title='bbox 1149 1596 1221 1634; x_wconf 82' lang='grc' dir='ltr'>τοῦ</span> <span class='ocrx_word' id='word_1_56' title='bbox 1238 1594 1414 1651; x_wconf 64' lang='grc' dir='ltr'>Ἰωσήφ.</span> 
     </span>
    </p>
   </div>
   <div class='ocr_carea' id='block_1_5' title="bbox 135 1700 1751 1859">
    <p class='ocr_par' dir='ltr' id='par_1_6' title="bbox 135 1700 1751 1859">
     <span class='ocr_line' id='line_1_8' title="bbox 200 1700 1712 1776; baseline 0.005 -24"><span class='ocrx_word' id='word_1_57' title='bbox 200 1700 365 1771; x_wconf 80' lang='grc' dir='ltr'>’Έφην</span> <span class='ocrx_word' id='word_1_58' title='bbox 399 1702 487 1768; x_wconf 75' lang='grc' dir='ltr'>ἤδη</span> <span class='ocrx_word' id='word_1_59' title='bbox 525 1704 816 1769; x_wconf 80' lang='grc' dir='ltr'>πλειστάκις,</span> <span class='ocrx_word' id='word_1_60' title='bbox 853 1708 915 1760; x_wconf 80' lang='grc' dir='ltr'>ὡς</span> <span class='ocrx_word' id='word_1_61' title='bbox 953 1708 1006 1757; x_wconf 83' lang='grc' dir='ltr'>οὐ</span> <span class='ocrx_word' id='word_1_62' title='bbox 1043 1708 1126 1770; x_wconf 86' lang='grc' dir='ltr'>μία</span> <span class='ocrx_word' id='word_1_63' title='bbox 1168 1707 1357 1774; x_wconf 76' lang='grc' dir='ltr'>γέγονεν</span> <span class='ocrx_word' id='word_1_64' title='bbox 1395 1710 1712 1776; x_wconf 79' lang='grc' dir='ltr'>αἱχμαλωσία,</span> 
     </span>
     <span class='ocr_line' id='line_1_9' title="bbox 135 1783 1751 1859; baseline 0.004 -26"><span class='ocrx_word' id='word_1_65' title='bbox 135 1783 350 1853; x_wconf 83' lang='grc' dir='ltr'>διάφοροι</span> <span class='ocrx_word' id='word_1_66' title='bbox 388 1785 436 1835; x_wconf 80' lang='grc' dir='ltr'>δὲ</span> <span class='ocrx_word' id='word_1_67' title='bbox 470 1785 588 1836; x_wconf 81' lang='grc' dir='ltr'>κατὰ</span> <span class='ocrx_word' id='word_1_68' title='bbox 621 1785 818 1854; x_wconf 75' lang='grc' dir='ltr'>καιροὺς,</span> <span class='ocrx_word' id='word_1_69' title='bbox 844 1790 918 1839; x_wconf 81' lang='grc' dir='ltr'>καὶ</span> <span class='ocrx_word' id='word_1_70' title='bbox 957 1788 1046 1839; x_wconf 82' lang='grc' dir='ltr'>ἀνὰ</span> <span class='ocrx_word' id='word_1_71' title='bbox 1082 1790 1232 1856; x_wconf 72' lang='grc' dir='ltr'>μέρος.</span> <span class='ocrx_word' id='word_1_72' title='bbox 1297 1790 1463 1842; x_wconf 82' lang='grc' dir='ltr'>Φουλά</span> <span class='ocrx_word' id='word_1_73' title='bbox 1501 1790 1585 1854; x_wconf 81' lang='grc' dir='ltr'>μὲν</span> <span class='ocrx_word' id='word_1_74' title='bbox 1619 1791 1751 1859; x_wconf 81' lang='grc' dir='ltr'>γάρο</span> 
     </span>
    </p>
   </div>
   <div class='ocr_carea' id='block_1_6' title="bbox 69 1866 1881 1945">
    <p class='ocr_par' dir='ltr' id='par_1_7' title="bbox 69 1866 1881 1945">
     <span class='ocr_line' id='line_1_10' title="bbox 69 1866 1881 1945; baseline 0.007 -30"><span class='ocrx_word' id='word_1_75' title='bbox 69 1887 116 1911; x_wconf 82' lang='lat'>10</span> <span class='ocrx_word' id='word_1_76' title='bbox 135 1866 160 1915; x_wconf 85' lang='grc' dir='ltr'>ὁ</span> <span class='ocrx_word' id='word_1_77' title='bbox 186 1866 460 1933; x_wconf 82' lang='grc' dir='ltr'>Ἀσσυρίων</span> <span class='ocrx_word' id='word_1_78' title='bbox 493 1872 677 1934; x_wconf 79' lang='grc' dir='ltr'>πρῶτος</span> <span class='ocrx_word' id='word_1_79' title='bbox 708 1869 860 1921; x_wconf 85' lang='grc' dir='ltr'>ἐλθὼν</span> <span class='ocrx_word' id='word_1_80' title='bbox 889 1872 937 1920; x_wconf 87' lang='grc' dir='ltr'>ἐν</span> <span class='ocrx_word' id='word_1_81' title='bbox 972 1875 1029 1939; x_wconf 84' lang='grc' dir='ltr'>τῇ</span> <span class='ocrx_word' id='word_1_82' title='bbox 1056 1872 1293 1942; x_wconf 75' lang='grc' dir='ltr'>Σαμαρείᾳ</span> <span class='ocrx_word' id='word_1_83' title='bbox 1320 1872 1403 1927; x_wconf 75' lang='grc' dir='ltr'>τὰς</span> <span class='ocrx_word' id='word_1_84' title='bbox 1430 1873 1512 1924; x_wconf 84' lang='grc' dir='ltr'>δύο</span> <span class='ocrx_word' id='word_1_85' title='bbox 1538 1873 1709 1941; x_wconf 78' lang='grc' dir='ltr'>φυλὰς,</span> <span class='ocrx_word' id='word_1_86' title='bbox 1771 1871 1881 1945; x_wconf 54' lang='grc' dir='ltr'>ᾗῖῗ</span> 
     </span>
    </p>
   </div>
   <div class='ocr_carea' id='block_1_7' title="bbox 133 1947 1710 2016">
    <p class='ocr_par' dir='ltr' id='par_1_8' title="bbox 133 1947 1710 2016">
     <span class='ocr_line' id='line_1_11' title="bbox 133 1947 1710 2016; baseline 0.008 -18"><span class='ocrx_word' id='word_1_87' title='bbox 133 1947 215 2002; x_wconf 78' lang='grc' dir='ltr'>τὰς</span> <span class='ocrx_word' id='word_1_88' title='bbox 241 1947 387 2015; x_wconf 77' lang='grc' dir='ltr'>πέραν</span> <span class='ocrx_word' id='word_1_89' title='bbox 413 1955 495 2000; x_wconf 88' lang='grc' dir='ltr'>τοῦ</span> <span class='ocrx_word' id='word_1_90' title='bbox 519 1949 769 2016; x_wconf 78' lang='grc' dir='ltr'>Ἰορδάνου,</span> <span class='ocrx_word' id='word_1_91' title='bbox 796 1954 871 2003; x_wconf 78' lang='grc' dir='ltr'>καὶ</span> <span class='ocrx_word' id='word_1_92' title='bbox 899 1952 982 2006; x_wconf 78' lang='grc' dir='ltr'>τὰς</span> <span class='ocrx_word' id='word_1_93' title='bbox 1007 1955 1154 2005; x_wconf 82' lang='grc' dir='ltr'>ἐκεῖσε</span> <span class='ocrx_word' id='word_1_94' title='bbox 1178 1955 1339 2008; x_wconf 77' lang='grc' dir='ltr'>πόλεις</span> <span class='ocrx_word' id='word_1_95' title='bbox 1365 1956 1710 2010; x_wconf 75' lang='grc' dir='ltr'>ἀναστατώσας</span> 
     </span>
    </p>
   </div>
   <div class='ocr_carea' id='block_1_8' title="bbox 133 2028 1893 2182">
    <p class='ocr_par' dir='ltr' id='par_1_9' title="bbox 133 2028 1893 2182">
     <span class='ocr_line' id='line_1_12' title="bbox 133 2028 1887 2123; baseline 0.005 -43"><span class='ocrx_word' id='word_1_96' title='bbox 133 2028 295 2099; x_wconf 74' lang='grc' dir='ltr'>ᾤχετο·</span> <span class='ocrx_word' id='word_1_97' title='bbox 339 2033 435 2093; x_wconf 88' lang='grc' dir='ltr'>μετ’</span> <span class='ocrx_word' id='word_1_98' title='bbox 464 2034 633 2083; x_wconf 79' lang='grc' dir='ltr'>ἐκεῖνον</span> <span class='ocrx_word' id='word_1_99' title='bbox 669 2033 717 2084; x_wconf 78' lang='grc' dir='ltr'>δὲ</span> <span class='ocrx_word' id='word_1_100' title='bbox 752 2035 776 2084; x_wconf 86' lang='grc' dir='ltr'>ὁ</span> <span class='ocrx_word' id='word_1_101' title='bbox 816 2035 1146 2102; x_wconf 79' lang='grc' dir='ltr'>Σαλμανασάρ</span> <span class='ocrx_word' id='word_1_102' title='bbox 1178 2037 1230 2087; x_wconf 79' lang='grc' dir='ltr'>οὐ</span> <span class='ocrx_word' id='word_1_103' title='bbox 1267 2042 1430 2088; x_wconf 82' lang='grc' dir='ltr'>πᾶσαν</span> <span class='ocrx_word' id='word_1_104' title='bbox 1465 2035 1586 2088; x_wconf 80' lang='grc' dir='ltr'>ἑλὼν</span> <span class='ocrx_word' id='word_1_105' title='bbox 1623 2037 1708 2102; x_wconf 84' lang='grc' dir='ltr'>τὴν</span> <span class='ocrx_word' id='word_1_106' title='bbox 1768 2049 1887 2123; x_wconf 35' lang='lat' dir='ltr'><strong>{VJ-geg.</strong></span> 
     </span>
     <span class='ocr_line' id='line_1_13' title="bbox 133 2104 1893 2182; baseline 0.006 -20"><span class='ocrx_word' id='word_1_107' title='bbox 133 2112 413 2179; x_wconf 80' lang='grc' dir='ltr'>Σαμάρειαν,</span> <span class='ocrx_word' id='word_1_108' title='bbox 438 2113 568 2165; x_wconf 81' lang='grc' dir='ltr'>ἀλλά</span> <span class='ocrx_word' id='word_1_109' title='bbox 598 2138 642 2165; x_wconf 90' lang='grc' dir='ltr'>τι</span> <span class='ocrx_word' id='word_1_110' title='bbox 676 2116 812 2182; x_wconf 78' lang='grc' dir='ltr'>μέρος</span> <span class='ocrx_word' id='word_1_111' title='bbox 847 2121 910 2171; x_wconf 74' lang='grc' dir='ltr'>εἰς</span> <span class='ocrx_word' id='word_1_112' title='bbox 945 2117 1030 2182; x_wconf 83' lang='grc' dir='ltr'>τὴν</span> <span class='ocrx_word' id='word_1_113' title='bbox 1067 2119 1230 2170; x_wconf 85' lang='grc' dir='ltr'>ἑαυτοῦ</span> <span class='ocrx_word' id='word_1_114' title='bbox 1263 2118 1354 2170; x_wconf 75' lang='grc' dir='ltr'>σὺν</span> <span class='ocrx_word' id='word_1_115' title='bbox 1386 2124 1479 2173; x_wconf 79' lang='grc' dir='ltr'>τοῖς</span> <span class='ocrx_word' id='word_1_116' title='bbox 1506 2121 1707 2172; x_wconf 85' lang='grc' dir='ltr'>ἁλοῦσιν</span> <span class='ocrx_word' id='word_1_117' title='bbox 1865 2104 1893 2134; x_wconf 54' lang='grc' dir='ltr'>δ’</span> 
     </span>
    </p>
   </div>
   <div class='ocr_carea' id='block_1_9' title="bbox 67 2194 1916 2350">
    <p class='ocr_par' dir='ltr' id='par_1_10' title="bbox 90 2194 1916 2350">
     <span class='ocr_line' id='line_1_14' title="bbox 132 2194 1916 2272; baseline 0.006 -28"><span class='ocrx_word' id='word_1_118' title='bbox 132 2194 434 2261; x_wconf 73' lang='grc' dir='ltr'>ἀνεκομίζετο.</span> <span class='ocrx_word' id='word_1_119' title='bbox 500 2197 638 2249; x_wconf 85' lang='grc' dir='ltr'>ἐποίει</span> <span class='ocrx_word' id='word_1_120' title='bbox 679 2197 727 2249; x_wconf 84' lang='grc' dir='ltr'>δὲ</span> <span class='ocrx_word' id='word_1_121' title='bbox 772 2204 909 2250; x_wconf 84' lang='grc' dir='ltr'>τοῦτο</span> <span class='ocrx_word' id='word_1_122' title='bbox 954 2201 979 2250; x_wconf 82' lang='grc' dir='ltr'><em>ὁ</em></span> <span class='ocrx_word' id='word_1_123' title='bbox 1019 2199 1140 2255; x_wconf 75' lang='grc' dir='ltr'>Θεὸς</span> <span class='ocrx_word' id='word_1_124' title='bbox 1184 2205 1490 2264; x_wconf 73' lang='grc' dir='ltr'>οἰκονομικῶς,</span> <span class='ocrx_word' id='word_1_125' title='bbox 1532 2201 1705 2272; x_wconf 77' lang='grc' dir='ltr'>“πόνερ</span> <span class='ocrx_word' id='word_1_126' title='bbox 1767 2214 1916 2248; x_wconf 84' lang='lat' dir='ltr'><strong>Hier.vi.</strong></span> 
     </span>
     <span class='ocr_line' id='line_1_15' title="bbox 67 2266 1785 2350; baseline 0.006 -23.136"><span class='ocrx_word' id='word_1_127' title='bbox 67 2283 144 2332; x_wconf 91' lang='lat'>15</span> <span class='ocrx_word' id='word_1_128' title='bbox 148 2279 260 2327; x_wconf 68' lang='grc' dir='ltr'>ίκαὶ</span> <span class='ocrx_word' id='word_1_129' title='bbox 285 2277 512 2344; x_wconf 78' lang='grc' dir='ltr'>μάστιγι”</span> <span class='ocrx_word' id='word_1_130' title='bbox 540 2279 769 2332; x_wconf 81' lang='grc' dir='ltr'>παιδεύων</span> <span class='ocrx_word' id='word_1_131' title='bbox 793 2281 1089 2333; x_wconf 85' lang='grc' dir='ltr'>ἐκκεκλικότα</span> <span class='ocrx_word' id='word_1_132' title='bbox 1118 2306 1200 2334; x_wconf 86' lang='grc' dir='ltr'>τον</span> <span class='ocrx_word' id='word_1_133' title='bbox 1225 2282 1439 2350; x_wconf 84' lang='grc' dir='ltr'>Ἰσραὴλ,</span> <span class='ocrx_word' id='word_1_134' title='bbox 1466 2307 1540 2335; x_wconf 90' lang='grc' dir='ltr'>και</span> <span class='ocrx_word' id='word_1_135' title='bbox 1565 2308 1705 2348; x_wconf 86' lang='grc' dir='ltr'>μετα-</span> <span class='ocrx_word' id='word_1_136' title='bbox 1769 2266 1785 2298; x_wconf 72' lang='lat'>7</span> 
     </span>
    </p>
   </div>
   <div class='ocr_carea' id='block_1_10' title="bbox 129 2360 1748 2514">
    <p class='ocr_par' dir='ltr' id='par_1_11' title="bbox 129 2360 1748 2514">
     <span class='ocr_line' id='line_1_16' title="bbox 130 2360 1704 2435; baseline 0.006 -26"><span class='ocrx_word' id='word_1_137' title='bbox 130 2361 320 2413; x_wconf 71' lang='grc' dir='ltr'>τιθεῖς’</span> <span class='ocrx_word' id='word_1_138' title='bbox 297 2361 375 2411; x_wconf 89' lang='grc' dir='ltr'>επί</span> <span class='ocrx_word' id='word_1_139' title='bbox 404 2384 457 2426; x_wconf 84' lang='grc' dir='ltr'>γε</span> <span class='ocrx_word' id='word_1_140' title='bbox 495 2360 549 2412; x_wconf 79' lang='grc' dir='ltr'>τὸ</span> <span class='ocrx_word' id='word_1_141' title='bbox 583 2364 677 2413; x_wconf 80' lang='grc' dir='ltr'>δεῖν</span> <span class='ocrx_word' id='word_1_142' title='bbox 709 2362 768 2413; x_wconf 82' lang='grc' dir='ltr'><em>τά</em></span> <span class='ocrx_word' id='word_1_143' title='bbox 807 2365 976 2427; x_wconf 85' lang='grc' dir='ltr'>ἀμείνω</span> <span class='ocrx_word' id='word_1_144' title='bbox 1008 2387 1084 2415; x_wconf 87' lang='grc' dir='ltr'>και</span> <span class='ocrx_word' id='word_1_145' title='bbox 1117 2364 1482 2432; x_wconf 88' lang='grc' dir='ltr'>πρεπωδεστερα</span> <span class='ocrx_word' id='word_1_146' title='bbox 1515 2371 1704 2435; x_wconf 80' lang='grc' dir='ltr'>φρονεῖν</span> 
     </span>
     <span class='ocr_line' id='line_1_17' title="bbox 129 2443 1748 2514; baseline 0.004 -22"><span class='ocrx_word' id='word_1_147' title='bbox 129 2464 178 2492; x_wconf 90' lang='grc' dir='ltr'>τε</span> <span class='ocrx_word' id='word_1_148' title='bbox 213 2465 287 2493; x_wconf 90' lang='grc' dir='ltr'>και</span> <span class='ocrx_word' id='word_1_149' title='bbox 324 2445 452 2509; x_wconf 84' lang='grc' dir='ltr'>δρᾶν.</span> <span class='ocrx_word' id='word_1_150' title='bbox 518 2443 791 2508; x_wconf 79' lang='grc' dir='ltr'>συμβεβηκε</span> <span class='ocrx_word' id='word_1_151' title='bbox 831 2447 985 2497; x_wconf 84' lang='grc' dir='ltr'>τοίνυν</span> <span class='ocrx_word' id='word_1_152' title='bbox 1026 2468 1131 2500; x_wconf 79' lang='grc' dir='ltr'>τους</span> <span class='ocrx_word' id='word_1_153' title='bbox 1171 2449 1221 2498; x_wconf 85' lang='grc' dir='ltr'>ἐκ</span> <span class='ocrx_word' id='word_1_154' title='bbox 1259 2451 1352 2498; x_wconf 84' lang='grc' dir='ltr'>τῶν</span> <span class='ocrx_word' id='word_1_155' title='bbox 1390 2448 1556 2514; x_wconf 81' lang='grc' dir='ltr'>ἀρτιως</span> <span class='ocrx_word' id='word_1_156' title='bbox 1594 2449 1748 2514; x_wconf 75' lang='grc' dir='ltr'>ἡμῖνᾶ</span> 
     </span>
    </p>
   </div>
   <div class='ocr_carea' id='block_1_11' title="bbox 128 2598 1704 2985">
    <p class='ocr_par' dir='ltr' id='par_1_12' title="bbox 128 2598 1704 2974">
     <span class='ocr_line' id='line_1_18' title="bbox 178 2598 1702 2652; baseline 0.006 -20"><span class='ocrx_word' id='word_1_157' title='bbox 178 2609 209 2638; x_wconf 88' lang='lat' dir='ltr'>I,</span> <span class='ocrx_word' id='word_1_158' title='bbox 229 2609 261 2632; x_wconf 90' lang='lat'>2.</span> <span class='ocrx_word' id='word_1_159' title='bbox 289 2598 346 2633; x_wconf 83' lang='lat' dir='ltr'>Sic</span> <span class='ocrx_word' id='word_1_160' title='bbox 365 2599 407 2633; x_wconf 93' lang='grc' dir='ltr'>Β.</span> <span class='ocrx_word' id='word_1_161' title='bbox 424 2600 593 2650; x_wconf 65' lang='grc' dir='ltr'>Τόμοςβ.</span> <span class='ocrx_word' id='word_1_162' title='bbox 611 2602 716 2646; x_wconf 82' lang='grc' dir='ltr'>λόγος</span> <span class='ocrx_word' id='word_1_163' title='bbox 731 2601 843 2645; x_wconf 82' lang='grc' dir='ltr'>τρίτος</span> <span class='ocrx_word' id='word_1_164' title='bbox 860 2602 904 2635; x_wconf 89' lang='lat' dir='ltr'>A.</span> <span class='ocrx_word' id='word_1_165' title='bbox 1028 2613 1061 2646; x_wconf 80' lang='lat'>3.</span> <span class='ocrx_word' id='word_1_166' title='bbox 1088 2602 1206 2646; x_wconf 81' lang='grc' dir='ltr'>ζήσετε</span> <span class='ocrx_word' id='word_1_167' title='bbox 1223 2603 1267 2637; x_wconf 91' lang='lat' dir='ltr'>A.</span> <span class='ocrx_word' id='word_1_168' title='bbox 1286 2602 1405 2649; x_wconf 86' lang='lat'><strong>(228.)</strong></span> <span class='ocrx_word' id='word_1_169' title='bbox 1534 2617 1567 2648; x_wconf 91' lang='grc'>4.</span> <span class='ocrx_word' id='word_1_170' title='bbox 1593 2605 1702 2652; x_wconf 83' lang='grc' dir='ltr'>ὑμῶν]</span> 
     </span>
     <span class='ocr_line' id='line_1_19' title="bbox 134 2644 1704 2698; baseline 0.006 -20"><span class='ocrx_word' id='word_1_171' title='bbox 134 2649 171 2685; x_wconf 64' lang='grc'>-1-</span> <span class='ocrx_word' id='word_1_172' title='bbox 191 2644 323 2690; x_wconf 79' lang='grc' dir='ltr'>Κύριος·</span> <span class='ocrx_word' id='word_1_173' title='bbox 350 2645 454 2681; x_wconf 76' lang='grc' dir='ltr'>οὕτως</span> <span class='ocrx_word' id='word_1_174' title='bbox 471 2649 562 2681; x_wconf 80' lang='grc' dir='ltr'>εἶπεν</span> <span class='ocrx_word' id='word_1_175' title='bbox 580 2648 618 2682; x_wconf 89' lang='lat' dir='ltr'>F.</span> <span class='ocrx_word' id='word_1_176' title='bbox 636 2647 729 2682; x_wconf 87' lang='lat' dir='ltr'><strong>Edd.</strong></span> <span class='ocrx_word' id='word_1_177' title='bbox 748 2648 827 2692; x_wconf 87' lang='lat' dir='ltr'><strong>(CO.</strong></span> <span class='ocrx_word' id='word_1_178' title='bbox 834 2650 845 2691; x_wconf 94' lang='lat'><em>)</em></span> <span class='ocrx_word' id='word_1_179' title='bbox 1055 2658 1088 2694; x_wconf 88' lang='lat'><strong>5.</strong></span> <span class='ocrx_word' id='word_1_180' title='bbox 1115 2647 1330 2695; x_wconf 84' lang='grc' dir='ltr'>ἠγαπήκαμεν</span> <span class='ocrx_word' id='word_1_181' title='bbox 1346 2651 1390 2685; x_wconf 92' lang='grc' dir='ltr'>Α.</span> <span class='ocrx_word' id='word_1_182' title='bbox 1396 2650 1437 2685; x_wconf 90' lang='grc' dir='ltr'>Β.</span> <span class='ocrx_word' id='word_1_183' title='bbox 1456 2650 1576 2696; x_wconf 84' lang='lat' dir='ltr'><strong>(Alex.</strong></span> <span class='ocrx_word' id='word_1_184' title='bbox 1595 2653 1681 2688; x_wconf 89' lang='lat' dir='ltr'><strong>XII.</strong></span> <span class='ocrx_word' id='word_1_185' title='bbox 1687 2654 1704 2698; x_wconf 89' lang='lat'>)</span> 
     </span>
     <span class='ocr_line' id='line_1_20' title="bbox 128 2690 1701 2750; baseline 0.006 -25.123"><span class='ocrx_word' id='word_1_186' title='bbox 128 2690 348 2736; x_wconf 84' lang='grc' dir='ltr'>ἠγαπήσαμεν</span> <span class='ocrx_word' id='word_1_187' title='bbox 366 2692 457 2727; x_wconf 89' lang='lat' dir='ltr'><strong>Edd.</strong></span> <span class='ocrx_word' id='word_1_188' title='bbox 477 2693 577 2737; x_wconf 88' lang='lat' dir='ltr'><strong>(Vat.</strong></span> <span class='ocrx_word' id='word_1_189' title='bbox 582 2693 599 2738; x_wconf 91' lang='lat'><em>)</em></span> <span class='ocrx_word' id='word_1_190' title='bbox 820 2693 853 2728; x_wconf 90' lang='lat'>6.</span> <span class='ocrx_word' id='word_1_191' title='bbox 878 2694 1198 2750; x_wconf 81' lang='grc' dir='ltr'>ἀποκαταστήσατε]</span> <span class='ocrx_word' id='word_1_192' title='bbox 1218 2697 1533 2742; x_wconf 84' lang='grc' dir='ltr'>ἀποκαταστήσεται</span> <span class='ocrx_word' id='word_1_193' title='bbox 1550 2699 1588 2734; x_wconf 89' lang='lat' dir='ltr'>F.</span> <span class='ocrx_word' id='word_1_194' title='bbox 1608 2700 1701 2736; x_wconf 88' lang='lat' dir='ltr'><strong>Edd.</strong></span> 
     </span>
     <span class='ocr_line' id='line_1_21' title="bbox 129 2737 1699 2789; baseline 0.006 -18"><span class='ocrx_word' id='word_1_195' title='bbox 129 2737 234 2783; x_wconf 90' lang='lat' dir='ltr'><strong>(CO.)</strong></span> <span class='ocrx_word' id='word_1_196' title='bbox 297 2739 398 2783; x_wconf 84' lang='grc' dir='ltr'>μικρὰ</span> <span class='ocrx_word' id='word_1_197' title='bbox 421 2751 484 2783; x_wconf 86' lang='lat' dir='ltr'>pro</span> <span class='ocrx_word' id='word_1_198' title='bbox 509 2742 609 2784; x_wconf 80' lang='grc' dir='ltr'>κρῖμα</span> <span class='ocrx_word' id='word_1_199' title='bbox 633 2740 712 2784; x_wconf 84' lang='lat' dir='ltr'>(sic)</span> <span class='ocrx_word' id='word_1_200' title='bbox 738 2741 783 2775; x_wconf 89' lang='lat' dir='ltr'>A.</span> <span class='ocrx_word' id='word_1_201' title='bbox 840 2740 976 2784; x_wconf 86' lang='grc' dir='ltr'>ελεήσει</span> <span class='ocrx_word' id='word_1_202' title='bbox 992 2742 1037 2777; x_wconf 89' lang='grc' dir='ltr'>Α.</span> <span class='ocrx_word' id='word_1_203' title='bbox 1055 2741 1174 2787; x_wconf 82' lang='lat' dir='ltr'><strong>(Alex.</strong></span> <span class='ocrx_word' id='word_1_204' title='bbox 1200 2743 1255 2784; x_wconf 86' lang='lat'>62,</span> <span class='ocrx_word' id='word_1_205' title='bbox 1285 2755 1326 2787; x_wconf 90' lang='lat'>14</span> <span class='ocrx_word' id='word_1_206' title='bbox 1305 2754 1360 2789; x_wconf 92' lang='lat'><strong>47.</strong></span> <span class='ocrx_word' id='word_1_207' title='bbox 1365 2744 1382 2789; x_wconf 87' lang='lat'>)</span> <span class='ocrx_word' id='word_1_208' title='bbox 1399 2744 1525 2789; x_wconf 81' lang='grc' dir='ltr'>ἐλεήσῃ</span> <span class='ocrx_word' id='word_1_209' title='bbox 1544 2746 1587 2780; x_wconf 90' lang='grc' dir='ltr'>Β.</span> <span class='ocrx_word' id='word_1_210' title='bbox 1607 2746 1699 2782; x_wconf 88' lang='lat' dir='ltr'><strong>Edd.</strong></span> 
     </span>
     <span class='ocr_line' id='line_1_22' title="bbox 130 2785 1700 2849; baseline 0.006 -31"><span class='ocrx_word' id='word_1_211' title='bbox 130 2794 162 2830; x_wconf 89' lang='lat'>7.</span> <span class='ocrx_word' id='word_1_212' title='bbox 188 2787 248 2819; x_wconf 88' lang='grc' dir='ltr'>τοῦ</span> <span class='ocrx_word' id='word_1_213' title='bbox 264 2796 334 2818; x_wconf 89' lang='lat' dir='ltr'>om.</span> <span class='ocrx_word' id='word_1_214' title='bbox 353 2785 445 2819; x_wconf 90' lang='lat' dir='ltr'><strong>Edd.</strong></span> <span class='ocrx_word' id='word_1_215' title='bbox 465 2785 562 2829; x_wconf 90' lang='lat' dir='ltr'><strong>(Co.)</strong></span> <span class='ocrx_word' id='word_1_216' title='bbox 828 2799 861 2832; x_wconf 95' lang='lat'>9.</span> <span class='ocrx_word' id='word_1_217' title='bbox 887 2787 940 2833; x_wconf 83' lang='grc' dir='ltr'>δέ]</span> <span class='ocrx_word' id='word_1_218' title='bbox 965 2792 1002 2828; x_wconf 51' lang='grc'>4-</span> <span class='ocrx_word' id='word_1_219' title='bbox 1023 2790 1075 2822; x_wconf 87' lang='grc' dir='ltr'>καὶ</span> <span class='ocrx_word' id='word_1_220' title='bbox 1093 2789 1136 2823; x_wconf 92' lang='grc' dir='ltr'>Β.</span> <span class='ocrx_word' id='word_1_221' title='bbox 1156 2789 1246 2824; x_wconf 85' lang='lat' dir='ltr'><strong>Edd.</strong></span> <span class='ocrx_word' id='word_1_222' title='bbox 1266 2790 1375 2826; x_wconf 89' lang='lat' dir='ltr'>invito</span> <span class='ocrx_word' id='word_1_223' title='bbox 1394 2792 1438 2826; x_wconf 94' lang='lat' dir='ltr'>A.</span> <span class='ocrx_word' id='word_1_224' title='bbox 1487 2792 1619 2849; x_wconf 86' lang='grc' dir='ltr'>Φουλὰ]</span> <span class='ocrx_word' id='word_1_225' title='bbox 1642 2793 1700 2828; x_wconf 89' lang='lat' dir='ltr'>Sic</span> 
     </span>
     <span class='ocr_line' id='line_1_23' title="bbox 128 2831 1699 2884; baseline 0.006 -19"><span class='ocrx_word' id='word_1_226' title='bbox 128 2831 233 2866; x_wconf 85' lang='lat' dir='ltr'><strong>edidi.</strong></span> <span class='ocrx_word' id='word_1_227' title='bbox 251 2834 366 2865; x_wconf 88' lang='grc' dir='ltr'>Φοῦλα</span> <span class='ocrx_word' id='word_1_228' title='bbox 383 2831 627 2869; x_wconf 62' lang='lat' dir='ltr'><strong>Edd.‹1&gt;015)x‹19</strong></span> <span class='ocrx_word' id='word_1_229' title='bbox 645 2832 685 2866; x_wconf 92' lang='grc' dir='ltr'>Β.</span> <span class='ocrx_word' id='word_1_230' title='bbox 905 2845 957 2869; x_wconf 92' lang='lat'>10.</span> <span class='ocrx_word' id='word_1_231' title='bbox 983 2834 1178 2881; x_wconf 87' lang='grc' dir='ltr'>Ἀσσυρίων</span> <span class='ocrx_word' id='word_1_232' title='bbox 1193 2841 1324 2882; x_wconf 85' lang='grc' dir='ltr'>πρῶτος</span> <span class='ocrx_word' id='word_1_233' title='bbox 1340 2838 1385 2872; x_wconf 94' lang='lat' dir='ltr'>A.</span> <span class='ocrx_word' id='word_1_234' title='bbox 1402 2837 1590 2884; x_wconf 84' lang='grc' dir='ltr'>Ἀσσύριος</span> <span class='ocrx_word' id='word_1_235' title='bbox 1608 2839 1699 2875; x_wconf 83' lang='lat' dir='ltr'><strong>Edd.</strong></span> 
     </span>
     <span class='ocr_line' id='line_1_24' title="bbox 131 2878 1699 2930; baseline 0.006 -18"><span class='ocrx_word' id='word_1_236' title='bbox 131 2889 185 2912; x_wconf 90' lang='grc' dir='ltr'>ΙΙ.</span> <span class='ocrx_word' id='word_1_237' title='bbox 210 2878 314 2923; x_wconf 84' lang='grc' dir='ltr'>πέρας</span> <span class='ocrx_word' id='word_1_238' title='bbox 333 2878 374 2912; x_wconf 91' lang='grc' dir='ltr'>Β.</span> <span class='ocrx_word' id='word_1_239' title='bbox 423 2878 664 2915; x_wconf 78' lang='grc' dir='ltr'>ἀναστατώσας</span> <span class='ocrx_word' id='word_1_240' title='bbox 683 2879 722 2913; x_wconf 92' lang='grc' dir='ltr'>Β.</span> <span class='ocrx_word' id='word_1_241' title='bbox 741 2879 934 2924; x_wconf 81' lang='grc' dir='ltr'>ἀναστήσας</span> <span class='ocrx_word' id='word_1_242' title='bbox 951 2881 994 2916; x_wconf 92' lang='lat' dir='ltr'>A.</span> <span class='ocrx_word' id='word_1_243' title='bbox 1012 2882 1213 2919; x_wconf 77' lang='grc' dir='ltr'>ἀνασπάσας·</span> <span class='ocrx_word' id='word_1_244' title='bbox 1231 2883 1322 2920; x_wconf 88' lang='lat' dir='ltr'><strong>Edd.</strong></span> <span class='ocrx_word' id='word_1_245' title='bbox 1550 2897 1602 2921; x_wconf 87' lang='lat'>12.</span> <span class='ocrx_word' id='word_1_246' title='bbox 1628 2886 1699 2930; x_wconf 73' lang='grc' dir='ltr'>μετ’</span> 
     </span>
     <span class='ocr_line' id='line_1_25' title="bbox 128 2924 1698 2985; baseline 0.006 -27"><span class='ocrx_word' id='word_1_247' title='bbox 128 2924 268 2971; x_wconf 83' lang='grc' dir='ltr'>ἐκεῖνον]</span> <span class='ocrx_word' id='word_1_248' title='bbox 287 2926 371 2969; x_wconf 86' lang='grc' dir='ltr'>μετὰ</span> <span class='ocrx_word' id='word_1_249' title='bbox 387 2927 505 2960; x_wconf 83' lang='grc' dir='ltr'>τοῦτον</span> <span class='ocrx_word' id='word_1_250' title='bbox 524 2926 615 2961; x_wconf 88' lang='lat' dir='ltr'><strong>Edd.</strong></span> <span class='ocrx_word' id='word_1_251' title='bbox 666 2926 789 2961; x_wconf 78' lang='lat' dir='ltr'><strong>Statim</strong></span> <span class='ocrx_word' id='word_1_252' title='bbox 807 2927 843 2961; x_wconf 83' lang='grc' dir='ltr'>δέ</span> <span class='ocrx_word' id='word_1_253' title='bbox 861 2934 1082 2985; x_wconf 80' lang='lat' dir='ltr'><strong>assumptum</strong></span> <span class='ocrx_word' id='word_1_254' title='bbox 1099 2941 1140 2964; x_wconf 82' lang='lat' dir='ltr'>ex</span> <span class='ocrx_word' id='word_1_255' title='bbox 1156 2930 1196 2964; x_wconf 88' lang='grc' dir='ltr'>Β.</span> <span class='ocrx_word' id='word_1_256' title='bbox 1414 2943 1466 2974; x_wconf 79' lang='lat'>14.</span> <span class='ocrx_word' id='word_1_257' title='bbox 1493 2932 1636 2967; x_wconf 78' lang='grc' dir='ltr'>ἐποιεῖτο</span> <span class='ocrx_word' id='word_1_258' title='bbox 1655 2935 1698 2968; x_wconf 89' lang='lat' dir='ltr'>A.</span> 
     </span>
    </p>
   </div>
   <div class='ocr_carea' id='block_1_12' title="bbox 127 2973 1699 3053">
    <p class='ocr_par' dir='ltr' id='par_1_13' title="bbox 127 2973 1699 3053">
     <span class='ocr_line' id='line_1_26' title="bbox 127 2973 1699 3053; baseline 0.007 -48"><span class='ocrx_word' id='word_1_259' title='bbox 127 2973 146 3005; x_wconf 88' lang='grc' dir='ltr'><strong><em>ὁ</em></strong></span> <span class='ocrx_word' id='word_1_260' title='bbox 163 2978 386 3053; x_wconf 58' lang='grc' dir='ltr'>οεειὲιὲἕωω</span> <span class='ocrx_word' id='word_1_261' title='bbox 403 2984 445 3008; x_wconf 83' lang='lat' dir='ltr'>ex</span> <span class='ocrx_word' id='word_1_262' title='bbox 462 2973 506 3007; x_wconf 98' lang='lat' dir='ltr'>A</span> <span class='ocrx_word' id='word_1_263' title='bbox 795 2975 848 3009; x_wconf 90' lang='lat'>16.</span> <span class='ocrx_word' id='word_1_264' title='bbox 874 2974 1028 3021; x_wconf 76' lang='grc' dir='ltr'>ἐπείγετο</span> <span class='ocrx_word' id='word_1_265' title='bbox 1046 2988 1108 3021; x_wconf 91' lang='lat' dir='ltr'>pro</span> <span class='ocrx_word' id='word_1_266' title='bbox 1126 2975 1183 3012; x_wconf 84' lang='grc' dir='ltr'>ἐπί</span> <span class='ocrx_word' id='word_1_267' title='bbox 1197 2992 1236 3024; x_wconf 84' lang='grc' dir='ltr'>γε</span> <span class='ocrx_word' id='word_1_268' title='bbox 1253 2979 1290 3012; x_wconf 88' lang='grc' dir='ltr'>τὸ</span> <span class='ocrx_word' id='word_1_269' title='bbox 1309 2978 1388 3023; x_wconf 83' lang='lat' dir='ltr'>(sic)</span> <span class='ocrx_word' id='word_1_270' title='bbox 1408 2979 1450 3014; x_wconf 82' lang='lat' dir='ltr'>A.</span> <span class='ocrx_word' id='word_1_271' title='bbox 1499 2979 1699 3024; x_wconf 76' lang='grc' dir='ltr'>πρεπωδέσ-</span> 
     </span>
     <span class='ocr_line' id='line_1_27' title="bbox 127 3033 209 3053; baseline 0.012 -2"><span class='ocrx_word' id='word_1_272' title='bbox 127 3033 209 3053; x_wconf 64' lang='lat' dir='ltr'><strong><em>&#39;fara</em></strong></span> 
     </span>
    </p>
   </div>
   <div class='ocr_carea' id='block_1_13' title="bbox 185 3087 960 3133">
    <p class='ocr_par' dir='ltr' id='par_1_14' title="bbox 185 3087 960 3133">
     <span class='ocr_line' id='line_1_28' title="bbox 185 3087 960 3133; baseline 0.004 -18"><span class='ocrx_word' id='word_1_273' title='bbox 185 3087 276 3116; x_wconf 61' lang='lat' dir='ltr'><strong>vol..</strong></span> <span class='ocrx_word' id='word_1_274' title='bbox 301 3089 330 3116; x_wconf 91' lang='lat'>1.</span> <span class='ocrx_word' id='word_1_275' title='bbox 890 3092 913 3133; x_wconf 84' lang='lat'><em>3</em></span> <span class='ocrx_word' id='word_1_276' title='bbox 936 3091 960 3118; x_wconf 96' lang='grc' dir='ltr'>ο</span> 
     </span>
    </p>
   </div>
  </div>
 </body>
</html>
