2021 3434
313 184 398 224 474
712 187 761 227 B.
804 186 1075 228 CYRILLI
1114 188 1492 230 ALEXANDR.
1671 205 1710 230 v.
1735 199 1885 242 25-27.

268 302 387 350 Ῑῦκαῖ
426 305 602 352 θυσιῶν
641 303 761 370 δίχα,
806 307 880 355 καὶ
925 304 951 373 ᾗ
994 311 1117 374 φησι
1161 307 1216 358 δι’
1254 309 1410 375 ἑτέρου
1452 307 1699 377 προφήτου
1741 308 1888 359 πάλιν

92 364 240 449 {zjssa
313 388 339 410 ‘⁶
367 383 470 432 Οὐκ
495 383 677 447 ἐκτήσω
712 409 790 447 μοι
824 389 1044 454 ἀργυρίου
1071 391 1291 453 θυμίαμα,
1318 392 1399 441 οὐκ
1433 392 1532 453 ἐμοὶ
1566 388 1783 456 πρόβατα
1807 392 1888 452 τῆς

312 470 338 492 “
363 463 735 530 ὁλοκαρπώσεώς
769 490 874 531 σου,
901 468 1004 520 οὐδὲ
1039 470 1240 536 ε”γκοπον
1275 472 1476 534 ἐποίησά
1502 494 1558 522 σε
1585 473 1633 522 ἐν
1659 469 1887 539 λιβάνῳ.”

310 547 438 597 αὐτοὶ
465 547 513 599 δὲ
539 549 685 600 πάλιν
711 552 1079 622 ἀπροφάσιστον
1104 555 1285 622 ἔχοντες
1320 557 1404 619 τὴν
1430 554 1713 616 ἀπόστασιν,
1742 557 1887 604 ἀλλο-

308 629 589 694 πρόσαλλοί
622 656 670 683 τε
709 632 835 697 ἦσαν
872 635 1158 700 τοτηνικάδε,
1201 639 1274 688 καὶ
1310 637 1434 688 Θεὸν
1469 636 1764 703 ἀτιμάζοντες
1807 635 1928 687 τὸν5

310 712 453 780 φύσει
492 719 565 765 καὶ
605 719 808 782 ἀληθῶς,
840 721 1167 783 ἀνελάμβανον
1205 721 1273 781 τὴν
1310 721 1458 782 σκηνὴν
1498 724 1566 773 rofi
1602 721 1767 784 Μολὲχ
1810 727 1885 771 καὶ

307 799 352 851 τὸ
398 800 549 865 οἶστρον
591 806 662 854 To&
707 807 818 856 Θεοῦ
862 806 976 874 ὑμῶν
1017 808 1224 877 ζΡσιιφάν.
1299 811 1371 859 καὶ
1413 810 1461 859 τί
1497 807 1553 872 δὴ
1592 807 1728 858 τοῦτό
1772 808 1886 868 ἐστι,

305 888 570 948 περιαθρεῖν
609 888 878 951 ἀναγκαῖον.

381 966 568 1016 Οὐκοῦν
607 970 630 1018 ὁ
671 968 754 1031 μὲν
788 970 1041 1024 θεσπέσιος
1076 975 1291 1036 Μωυσῆς
1330 973 1698 1038 ἀναπεφοίτηκεν
1736 974 1796 1023 εὶς
1832 970 1886 1020 τὸ

268 1067 289 1093 0
307 1046 425 1110 ὅρος,
453 1048 534 1098 τὸν
563 1048 704 1112 νόμον
731 1051 1082 1120 ὑποδεξάμενος·
1128 1057 1168 1103 οἱ
1203 1052 1349 1118 γεμὴν
1383 1054 1439 1122 ἐξ
1467 1054 1659 1117 αἵματος
1685 1049 1885 1117 Ἰσραὴλ
1908 1074 1954 1098 10

84 1133 214 1207 {223³}
305 1130 719 1198 κατεξανέστησαν
753 1139 834 1183 τοῦ
862 1134 1048 1199 Ἀαρὼν
1074 1136 1290 1200 λε’γοντες
1317 1143 1343 1165 “
1371 1136 1583 1199 Ποίησον
1615 1136 1723 1198 ἡμῖν
1755 1132 1885 1185 θεοὺς

127 1202 134 1207 .
173 1200 179 1207 ⁸
222 1201 228 1208 ι
304 1217 330 1239 “
357 1210 399 1260 οἳ
441 1214 845 1279 προπορεύσονται
895 1216 1040 1279 ἡμῶν·
1100 1219 1123 1267 ὁ
1167 1217 1256 1282 γὰρ
1300 1221 1516 1280 Μωυσῆς
1560 1217 1692 1270 οὗτος
1737 1217 1762 1266 ὁ
1801 1215 1880 1265 ἄν·

302 1299 328 1320 “
356 1295 542 1358 θρωπος
581 1293 631 1348 ὃς
669 1296 900 1364 ἐξήγαγεν
937 1298 1056 1361 ἡμᾶς
1094 1301 1140 1348 ἐκ
1181 1302 1267 1363 γῆς
1296 1299 1551 1364 Αἰγύπτου,
1580 1300 1661 1350 οὐκ
1696 1298 1883 1361 οἴδαμεν

302 1381 327 1402 “
352 1375 401 1424 τί
419 1376 610 1440 γέγονεν
637 1379 805 1447 αὐτῷ.”
846 1381 1286 1448 μεμοσχοποιήκασι
1318 1384 1472 1432 τοίνυν
1504 1381 1621 1433 κατὰ
1655 1381 1739 1445 τὴν
1774 1381 1878 1446 ἐρη-

298 1478 401 1516 μον.
466 1459 540 1507 καὶ
575 1457 629 1508 τὸ
663 1459 748 1522 μὲν
789 1461 1003 1528 ἐμφανὲς,
1043 1464 1117 1513 καὶ
1157 1464 1391 1517 οἱονείπως
1430 1463 1650 1514 ἁπάντων
1688 1463 1881 1514 εἴδωλον
1903 1487 1948 1524 15

299 1539 324 1588 ὁ
358 1538 542 1606 μόσχος
576 1540 647 1605 ἦν·
689 1542 855 1593 πολλὰ
895 1543 942 1594 δὲ
985 1546 1094 1611 παρ’
1129 1545 1330 1596 ἑκάστου
1374 1548 1446 1596 καὶ
1487 1546 1619 1611 ἕτερα
1657 1544 1873 1610 διεπράτ-

297 1642 447 1672 τοντο.
511 1623 791 1688 τραπόμενοι
835 1625 927 1691 γὰρ
970 1625 1103 1695 ἅπαξ
1144 1628 1216 1677 ἐπὶ
1258 1626 1342 1690 τὴν
1386 1628 1584 1694 ἀρχαίαν
1625 1627 1878 1691 πλάνησιν,

298 1704 373 1753 καὶ
423 1706 502 1767 τῆς
554 1708 616 1758 εἷς
669 1706 792 1757 Θεὸν
841 1709 1079 1769 εὐσεβείας
1129 1709 1533 1773 ἀποπηδήσαντες,
1584 1709 1782 1762 ἕκαστος
1825 1708 1879 1760 τὸ

254 1787 462 1836 ἅδοκοῦν
512 1788 705 1838 ἐποιεῖτο
763 1789 925 1852 σέβας,
975 1793 1049 1840 καὶ
1098 1790 1371 1842 διέπλαττεν
1421 1793 1580 1861 ἑαυτῷ,
1630 1791 1748 1842 κατὰ
1795 1790 1880 1856 τὴν

298 1867 475 1918 ἄνωθεν
528 1868 592 1919 ἔτι
644 1872 718 1920 καὶ
778 1873 826 1921 ἐν
878 1871 1104 1942 Αἰγύπτῳ
1155 1872 1422 1936 συνήθειαν·
1480 1873 1780 1939 προσέκειντο
1830 1873 1879 1926 δὲ
1898 1897 1946 1921 20

295 1953 485 2011 μᾶλλον
518 1956 617 2004 ταῖς
651 1956 744 2002 τῶν
780 1953 972 2018 ἄστρων
1006 1955 1254 2019 λατρείαις.
1321 1959 1394 2005 καὶ
1428 1954 1572 2006 πόθεν
1610 1953 1667 2006 ἂν
1699 1955 1877 2020 γε’νοιτο

294 2033 369 2081 καὶ
404 2037 541 2083 τοῦτο
580 2034 878 2101 καταφανε’ς;
925 2039 1019 2102 ἐρεῖ
1057 2059 1124 2090 τις
1169 2036 1327 2104 τυχόν.
1396 2038 1450 2088 οὐ
1487 2036 1638 2091 πολὺς
1677 2039 1702 2088 ὁ
1735 2037 1876 2093 πόνος

292 2113 573 2182 ἀπελέγχειν
614 2117 844 2167 ἐθέλουσι·
906 2119 961 2186 ἐξ
1002 2119 1154 2169 αὐτῶν
1198 2118 1290 2183 γὰρ
1342 2118 1563 2182 εἰσόμεθα
1609 2125 1702 2171 τῶν
1744 2125 1876 2188 ἱερῶν

292 2196 596 2261 γραμμάτων.

367 2278 708 2348 Δεδυσφόρηκε
747 2280 832 2342 μὲν
871 2280 962 2346 γὰρ
1007 2283 1030 2331 ὁ
1071 2282 1324 2337 θεσπέσιος
1369 2287 1600 2348 Μωυσῆς,
1643 2288 1718 2336 καὶ
1757 2309 1867 2338 κατ·
1894 2313 1940 2349 25

293 2359 537 2426 ακεκράγει
587 2368 668 2412 τοῦ
713 2362 913 2429 Ἀαρὼν,
959 2361 1054 2414 εἶτα
1105 2364 1399 2430 προσέπιπτε
1448 2368 1514 2435 τῷ
1561 2370 1668 2436 Θεῷ
1719 2369 1872 2434 λε’γων

74 2447 113 2477 11)
139 2458 188 2488 3¹-
295 2449 320 2470 ‘⁶
347 2442 540 2506 Δέομαι,
571 2444 730 2510 Κύριε·
773 2446 974 2510 ἥμαρτεν
1011 2447 1034 2496 ὁ
1069 2447 1183 2501 λαὸς
1219 2447 1351 2499 οὗτος
1383 2448 1613 2513 ἁμαρτίαν
1642 2449 1869 2516 μεγάλην,

253 2530 318 2569 e“
343 2525 570 2589 ἐποίησαν
606 2527 698 2593 γὰρ
741 2528 916 2581 ἑαυτοῖς
955 2528 1086 2583 θεοὺς
1127 2530 1374 2596 χρυσοῦς,”
1413 2530 1558 2581 καίτοι
1597 2531 1779 2600 μόσχος
1812 2532 1870 2598 ἧν

338 2691 368 2713 2.
395 2681 453 2714 οὐκ
471 2680 561 2727 ἐμοὶ]
581 2683 639 2716 οὐκ
656 2683 778 2726 ἤδυναν
794 2698 849 2726 μοι
868 2683 925 2728 (=
946 2684 1009 2730 οὐχ
1027 2684 1147 2728 ἥδυνάν
1163 2685 1239 2730 μοι)
1253 2697 1282 2718 c.
1302 2685 1360 2719 οὐκ
1379 2684 1539 2729 ἢδὺναντό
1555 2701 1611 2730 μοι
1629 2686 1663 2721 d.
1775 2698 1808 2732 3.
1835 2687 1866 2722 ε’-

289 2726 452 2770 ποιῆσατε
470 2740 532 2773 pro
550 2729 693 2773 ἐποίησά
711 2745 751 2764 σε
771 2730 863 2765 Edd.
882 2732 1158 2776 repugnantibus
1177 2732 1354 2766 omnibus.
1533 2745 1566 2775 4.
1585 2733 1639 2779 δέ]
1658 2737 1695 2774 -1-
1716 2733 1755 2778 δὴ
1776 2733 1866 2769 Edd.

291 2773 406 2807 invitis
424 2775 599 2809 omnibus.
649 2776 750 2810 ἄλλοι
767 2778 852 2821 πρὸς
868 2777 955 2811 ι’ίλλο
973 2778 1062 2823 (sic)
1080 2778 1123 2812 Α.
1454 2789 1484 2824 7.
1511 2780 1619 2814 αὐτῶν
1635 2792 1698 2825 pro
1714 2781 1805 2825 ὑμῶν
1823 2781 1864 2815 Β.

289 2818 398 2863 ῥεφάν
412 2820 444 2854 d.
458 2821 576 2865 (XII.)
655 2835 687 2868 9.
706 2823 891 2860 θεσπέσιος
908 2832 1130 2869 assumptum
1147 2837 1188 2859 ex
1206 2826 1297 2859 A.B.
1313 2838 1342 2860 c.
1354 2825 1388 2860 d.
1488 2837 1540 2860 10.
1559 2827 1803 2871 ὑποδεξάμενος
1819 2828 1862 2861 Α.

294 2866 345 2899 16.
372 2867 608 2912 διεπράττοντο
626 2869 669 2903 Λ.
685 2883 713 2904 c.
728 2870 761 2904 d.
780 2871 1019 2906 διεπλάττοντο
1047 2872 1088 2905 Β.
1116 2872 1207 2906 Edd.
1276 2872 1402 2907 Statim
1427 2873 1606 2917 τραπέντες
1631 2873 1723 2908 Edd.
1746 2873 1862 2908 invitis

289 2913 463 2947 omnibus.
732 2928 783 2961 19.
809 2919 914 2964 ἑαυτῷ
933 2930 961 2952 c.
974 2918 1008 2952 d.
1026 2919 1106 2952 αὐτὸ
1125 2919 1214 2953 Α.Β.
1234 2919 1321 2965 αὐτῷ
1341 2919 1431 2953 Edd.
1699 2929 1753 2965 25.
1782 2919 1861 2954 Hoc

288 2957 471 2995 θεσπέσιος
489 2969 709 3006 assumptum
728 2976 767 2997 ex
786 2964 828 2998 A.
879 2966 1113 3011 κατακεκράγει
1131 2966 1175 3000 A.
1194 2980 1362 3010 κατεκεκρ.
1383 2966 1472 3000 Edd.
1525 2967 1649 3001 Statim
1666 2967 1703 3001 τὸ
1723 2966 1802 3009 (sic)
1818 2967 1860 3000 A.

290 3014 343 3048 27.
373 3020 435 3039 σου
454 3018 514 3049 pro
532 3007 627 3043 οὗτος
645 3009 678 3043 b.
