2021 3434
120 218 162 258 ii.
190 232 252 260 11.
535 221 610 262 IN
650 221 1034 264 MICHAEAM.
1092 221 1245 263 TOM.
1279 221 1314 262 Ι.
1612 221 1696 261 639

118 329 393 394 τετιμήκασι
433 331 487 383 τὸ
532 335 648 400 δρᾶν
688 334 849 396 ἐκεῖνα,
887 334 963 384 καὶ
1015 332 1148 397 μάλα
1190 330 1599 396 ἐσπουδασμένως,
1637 331 1696 382 τὰ

119 410 175 462 δι’
217 410 282 462 ὧν
321 411 379 476 ἧν
418 413 597 481 ἀνάγκη
638 417 714 465 καὶ
757 416 843 482 οὐχ
883 414 1071 469 ἑκόντας
1112 413 1408 480 κολάζεσθαι.
1477 410 1694 465 κατεδιώ-

118 492 287 555 χθησαν
329 496 484 546 τοίνυν
523 502 616 546 τῶν
655 496 892 547 Ἰουδαίων
934 496 993 547 τὰ
1037 498 1201 565 στίφη,
1247 495 1471 550 διώκοντος
1521 493 1692 550 οὐδενός.

118 573 226 644 ἐξὸν
246 575 339 643 γὰρ
365 577 530 631 αὐτοὺς
555 579 889 644 εὐημεροῦντας
916 582 1155 640 διατελεῖν,
1177 581 1251 629 καὶ
1277 580 1325 628 ἐν
1349 580 1489 629 παντὶ
1515 580 1696 628 κεῖσθαι

77 667 98 705 5
119 661 251 726 καλῷ
283 659 555 723 τετιμηκόσι
590 660 818 725 Χριστὸν,
861 661 1162 711 κατώλισθον
1199 664 1262 714 εἷς
1300 658 1584 722 ἀπόστασιν,
1619 661 1692 710 καὶ
1713 668 1741 709 d

117 742 524 807 προσκεκρούκασι
564 741 888 809 πολυτρόπως·
944 745 1250 804 ἀπειθοῦντες,
1296 742 1571 808 ὑβρίζοντες,
1620 744 1695 792 καὶ

117 824 165 873 τί
199 821 291 889 γὰρ
330 825 432 890 οὐχὶ
469 828 563 874 τῶν
602 823 790 875 ἀτόπων
828 824 1025 890 δρῶντές
1063 847 1112 875 τε
1151 827 1225 875 καὶ
1263 824 1510 889 λε’γοντεςς

191 905 380 955 Οὐκοῦν
407 902 563 961 οὐδενῇς
590 904 812 961 διώκοντος
838 907 1022 959 ἑαυτοὺς
1049 907 1288 974 διώξομεν,
1316 909 1389 957 καὶ
1415 910 1508 956 τῶν
1534 907 1696 971 ἀνηκέ-

116 1008 247 1037 στων
271 992 425 1038 κακῶν
451 993 550 1041 ταῖς
575 989 706 1041 ἰδίαις
731 992 910 1056 ψυχαῖς
939 988 1173 1053 παραίτιοι
1199 987 1456 1054 γεγονότες,
1485 988 1696 1040 αἰτιασό-

46 1089 98 1113 =10
116 1072 237 1130 μεθα
261 1069 346 1133 μὲν
374 1071 461 1137 οὐχ
488 1069 630 1123 ὁσίως
657 1070 721 1120 ε”τι
747 1069 828 1120 τὸν
853 1074 945 1120 τῶν
972 1070 1098 1120 ὅλων
1132 1073 1306 1136 δοτῆρα
1340 1069 1477 1132 Θεὸν,
1507 1071 1695 1125 ἑαυτοὺς

39 1142 43 1143 ⁷
116 1150 165 1201 δὲ
188 1156 391 1216 μᾶλλον,
417 1152 543 1219 ε’ίπερ
568 1150 708 1215 ε’σμὲν
734 1153 782 1202 ἐν
807 1155 939 1220 καλῷ
964 1153 1038 1202 καὶ
1065 1157 1145 1202 νοῦ
1170 1154 1246 1202 καὶ
1272 1151 1460 1221 φρενός.

199 1390 365 1440 Πνεῦμα
392 1391 544 1433 &owse
568 1391 736 1443 ψεῦδος,
763 1391 973 1435 ἑοτάλαὲἑ
1000 1406 1066 1434 σοι
1091 1389 1151 1433 εἰς
1177 1387 1293 1434 οἶνον
1321 1394 1389 1434 καὶ
1414 1393 1620 1443 μὲθυσμα.

188 1520 301 1571 Τοῖς
338 1522 432 1569 τῶν
470 1518 674 1569 εἰδώλων
710 1518 920 1582 τεμένεσι
958 1518 1329 1586 προσιζήσαντές
1364 1543 1482 1574 τινες
1515 1525 1609 1571 τῶν
1643 1521 1731 1571 ἐνο

117 1599 355 1669 Σαμαρείᾳ
398 1600 791 1663 κατεμαντεύοντο
833 1600 1158 1666 πολυτρόπως,
1203 1603 1278 1652 καὶ
1321 1607 1414 1653 τῶν
1456 1603 1692 1666 ἐσομένων

51 1693 97 1732 15
118 1682 286 1747 ἀκριβῆ
331 1681 416 1746 τὴν
456 1682 728 1751 κατάληψιν
768 1682 888 1749 ἔχειν
938 1683 1358 1747 ὑποπλαττόμενοι,
1401 1684 1459 1735 τὰ
1510 1685 1693 1751 θυμήρη

117 1766 192 1814 καὶ
219 1766 340 1833 φίλα
365 1771 460 1820 τοῖς
486 1772 770 1832 προσιοῦσιν
795 1766 1083 1832 ἀπήγγελον,
1111 1767 1277 1835 ψυχρὰ
1303 1771 1376 1818 καὶ
1410 1767 1692 1820 ἀπόπτυστα

116 1845 355 1912 ζητοῦντες
399 1847 654 1912 λημμάτια,
693 1851 768 1899 καὶ
819 1849 995 1911 ὀλίγων
1045 1851 1246 1912 ὀβολῶν,
1296 1850 1323 1915 ἢ
1370 1857 1396 1879 “
1416 1849 1693 1914 κλάσματος
1751 1859 1853 1933 {Zeli-

116 1936 143 1959 ‘⁶
170 1930 351 1996 ἄρτου,”
381 1929 499 1981 κατὰ
536 1931 589 1981 τὸ
624 1930 959 1997 γεγραμμένον,
991 1934 1143 2000 ψευδῆ
1181 1939 1447 1986 πωλοῦντες
1475 1935 1691 2000 ῥημοίτια.
1812 1928 1818 1934 ⁸
1857 1913 1887 1944 9·

115 2018 254 2063 τοῦτο
280 2012 327 2063 δὲ
352 2012 566 2075 μάλιστα
592 2013 868 2079 κατέφθειρέ
887 2035 935 2063 τε
962 2016 1036 2063 καὶ
1068 2014 1344 2064 ἀπολώλεκε
1370 2015 1451 2065 τὸν
1476 2016 1691 2082 Ἰσραήλ.

47 2118 98 2143 20
118 2097 267 2163 φησὶν
292 2096 372 2145 οῦν
398 2094 467 2145 ὅτι
495 2097 670 2163 πνεῦμα
693 2095 898 2161 πονηρὸν
925 2097 985 2148 ὡς
1014 2098 1191 2161 παγίδα
1217 2101 1282 2165 τῷ
1307 2097 1518 2165 Ἐφραὶμ
1544 2098 1694 2160 ἔστησε

115 2174 297 2246 ψεῦδος,
317 2179 391 2228 καὶ
418 2175 579 2243 ὥσπερ
605 2200 650 2228 τι
673 2182 767 2228 τῶν
793 2179 1088 2243 δηλητηρίων
1114 2177 1375 2246 φαρμάκων
1398 2179 1693 2250 ἐνεστάλαξεν
1709 2210 1731 2234 a
1767 2201 1848 2235 414
1860 2200 1909 2235 A.

119 2259 212 2328 οἴνῳ
237 2258 322 2323 τὴν
355 2260 634 2324 δαιμονιώδη
660 2259 916 2323 πλάνησιν,
944 2262 1017 2310 καὶ
1049 2265 1148 2314 ταῖς
1183 2265 1244 2314 εἷς
1277 2266 1372 2312 πᾶν
1410 2262 1563 2313 ὁτιοῦν
1600 2268 1694 2314 τῶν

117 2342 382 2409 αἰσχίστων
431 2341 682 2408 ἀκρατέσιν
729 2344 992 2411 ἀποφοραῖς
1048 2345 1295 2411 μονονουχὶ
1346 2345 1696 2408 καταμεθύοντα

119 2423 317 2492 δέδειχεν
351 2423 507 2475 αὐτόν.

168 2616 198 2639 1.
223 2605 264 2639 τὰ
282 2605 377 2640 deest
394 2606 430 2639 in
448 2605 540 2640 Edd.
742 2617 774 2640 2.
799 2603 820 2639 ἂ
838 2617 901 2651 pro
919 2606 964 2640 ὧν
984 2606 1024 2640 Β.
1230 2618 1263 2652 3.
1288 2607 1398 2641 τοίνυν
1415 2608 1457 2643 Α.
1476 2608 1512 2643 δέ
1530 2609 1583 2643 καὶ
1601 2609 1694 2644 Edd.

119 2664 153 2694 4.
177 2652 297 2687 αὐτοὺς
314 2654 357 2686 A.
375 2653 486 2688 αὐτοῖς
505 2652 596 2686 Edd.
647 2651 772 2686 Statim
791 2654 961 2696 εὐημερεῖν
979 2665 1040 2697 pro
1057 2653 1150 2696 εὐημ.
1169 2654 1334 2687 διατελεῖν
1352 2654 1394 2689 Β.
1550 2667 1583 2700 5.
1608 2672 1695 2690 τετι-

117 2700 242 2743 μηκόσι
259 2699 349 2733 Α.Β.
368 2701 584 2743 τετιμηκότας
602 2699 693 2732 Edd.
881 2708 912 2744 7.
937 2698 976 2733 ἂν
993 2711 1056 2744 pro
1072 2701 1137 2744 γὰρ
1156 2700 1248 2734 Edd.
1297 2716 1333 2735 τε
1351 2709 1572 2746 assumptum
1591 2715 1631 2736 ex
1649 2704 1694 2738 A.

118 2746 222 2779 8-11.
250 2747 379 2780 Οὐκοῦν
395 2746 467 2779 οὐδ.
487 2757 597 2791 usque
614 2745 657 2779 ad
676 2745 735 2779 fin.
753 2745 875 2779 scholii
894 2746 1021 2780 desunt
1038 2747 1074 2780 in
1093 2747 1134 2780 B.
1355 2749 1388 2782 8.
1414 2749 1583 2792 διώξωμεν
1602 2750 1693 2785 Edd.

122 2803 176 2826 11.
201 2790 254 2825 καὶ
272 2794 329 2827 alt.
344 2804 414 2825 om.
431 2793 474 2825 A.
622 2803 674 2826 12.
702 2792 776 2827 ἐστι
793 2804 855 2836 pro
868 2793 994 2836 ἔστησε
1009 2794 1052 2826 A.
1101 2793 1287 2839 ἐστάλαξε]
1303 2794 1331 2828 εἷ
1348 2795 1516 2838 σταλάξαι
1528 2796 1572 2830 A.
1622 2796 1692 2842 καὶ]

123 2843 160 2880 -†-
175 2839 221 2873 εῖς
240 2839 276 2873 F.
297 2839 388 2873 Edd.
408 2837 513 2883 (Co.)
671 2847 723 2883 17.
749 2840 918 2882 λημμάτια
936 2840 979 2873 Α.
997 2838 1155 2883 λήμματα
1173 2840 1264 2875 Edd.
1410 2842 1463 2876 18.
1488 2842 1631 2887 ῥημάτια
1648 2846 1693 2878 Α.

118 2885 249 2929 ῥήματα
268 2885 359 2920 Edd.
598 2896 650 2930 19.
677 2886 712 2919 δέ
730 2886 774 2919 Α.
794 2886 832 2929 δὴ
853 2886 942 2920 Edd.
991 2886 1149 2920 ἀπόλωλε
1168 2887 1207 2920 Β.
1408 2899 1463 2922 20.
1489 2889 1633 2935 ἔστησε]
1654 2895 1690 2931 ἦ-

119 2932 158 2966 τό
175 2933 219 2966 Α.
607 2943 662 2967 21.
688 2933 911 2975 ἐνεστάλαξεν
931 2933 969 2966 Β.
990 2933 1168 2976 ἐνέσταξεν
1185 2934 1228 2968 A.
1247 2933 1475 2980 ἐνέσταλαξαν
1492 2935 1580 2981 (Sic)
1599 2937 1694 2972 Aub.

119 2978 302 3022 ἐνέσταξαν
321 2978 423 3013 Pont.
672 2990 725 3025 23.
751 2980 930 3024 ἀκρατέσιν
949 2980 988 3014 Β.
1007 2981 1152 3016 εὐκόλως
1169 2983 1212 3015 Α.
1231 2981 1393 3026 εὐκαίροις
1411 2981 1503 3018 Edd.
1569 2983 1694 3018 Statim

120 3025 311 3071 ἀποφοραῖς
328 3026 370 3060 Α.
389 3026 559 3071 ἀφορμαῖς
577 3025 667 3060 Edd.
