2021 3434
129 175 215 217 viii.
238 177 336 229 4-6.
599 177 676 218 IN
715 177 914 218 AMOS.
973 176 1127 217 ΤΟΜ.
1169 175 1249 216 IV.
1622 171 1705 212 513

129 291 156 314 (ς
213 284 226 299 ἱ
311 287 322 301 9
465 284 475 300 Ι
702 287 711 301 ›
793 288 802 302 ⁵
936 284 947 299 1
1103 283 1125 301 er
1212 284 1223 298 9
1321 281 1334 298 Ι
1546 278 1569 295 ³!

180 307 262 336 τον
296 288 505 354 αδελφον
537 309 627 337 σου
663 309 745 337 ουκ
777 307 1064 349 απαιτησεις,
1101 306 1170 335 οτι
1201 288 1495 344 επικεκληται
1535 281 1749 346 αφεσιςῐ)

127 372 154 394 “
181 367 341 436 Κυρίῳ
373 372 438 437 τῷ
470 371 578 437 Θεῷ
611 391 718 418 σου.
783 367 865 418 τὸν
901 365 1154 432 ἀλλότριον
1189 362 1464 427 ἀπαιτήσεις
1502 359 1596 411 ὅσα
1626 358 1706 409 ἐάν

127 454 154 477 “
180 471 260 498 σοι
299 451 407 515 παρ’
441 451 565 519 αὐτῷ
605 448 650 518 ᾗ·
697 451 764 517 τῷ
799 451 993 518 ἀδελφῷ
1037 471 1128 499 σου
1166 447 1339 515 ἄφεσιν
1375 442 1587 507 ποιήσεις
1624 446 1707 492 τοῦ

127 535 154 559 “
180 529 340 596 χρέους
377 533 507 584 σου.”
573 534 648 582 καὶ
684 531 787 593 μεθ’
814 532 946 596 ἕτερα
978 529 1125 581 πάλιν
1156 527 1314 579 ((Ἐάν
1354 526 1401 577 δὲ
1438 525 1627 591 γένηται
1660 525 1708 574 ἐν

86 619 109 657 5
131 617 158 640 “
183 615 263 662 σοὶ
288 612 443 677 ἐνδεὴς
469 615 518 664 ἐκ
544 617 638 664 τῶν
666 616 885 682 ἀδελφῶν
912 635 1002 663 σου
1030 615 1077 663 ἐν
1103 615 1188 680 μιᾷ
1213 615 1306 661 τῶν
1331 607 1517 660 πόλεών
1544 630 1634 657 σου
1660 607 1708 656 ἐν

129 692 156 722 ‘⁶
182 697 241 760 Τῇ
269 698 332 762 γῇ
360 694 417 759 ἢν
445 694 616 762 Κύριος
644 696 668 746 ὁ
696 694 815 748 Θεός
840 716 931 744 σου
958 693 1128 744 δίδωσί
1155 715 1248 754 σοι,
1276 691 1358 741 οὐκ
1390 688 1709 757 ἀποστρέψεις·

128 781 155 804 “
178 774 264 838 τὴν
304 777 497 842 καρδίαν
533 800 639 835 σου,
682 777 780 827 οὐδ’
817 777 870 827 οὐ
907 774 972 839 μὴ
1011 773 1292 841 συσφίγξῃς
1329 770 1414 835 τὴν
1451 769 1584 838 χεῖρά
1617 792 1709 821 σου

129 865 155 888 “
180 858 274 911 ἀπὸ
312 867 394 911 τοῦ
429 863 639 930 ἀδελφοῦ
674 883 766 911 σου
809 865 891 911 τοῦ
927 858 1232 920 ἐπιδεομένου·
1275 854 1476 920 ἀνοίγων
1514 854 1709 921 ἀνοίξεις

127 948 156 970 “
179 940 262 996 τὰς
282 942 437 1010 χεῖράς
458 966 548 994 σου
567 943 705 1012 αὐτῷ,
727 941 906 993 δάνειον
933 944 1121 993 δανειεῖς
1142 939 1266 1007 αὐτῷ
1288 936 1382 987 ὅσα
1402 935 1458 986 ἂν
1477 935 1708 998 ἐπιδεήται

61 1034 109 1060 10
129 1029 155 1053 ‘⁶
181 1025 256 1074 καὶ
282 1025 387 1074 καθ’
411 1023 527 1075 ὅσον
547 1022 846 1091 ὑστερεῖται.”
885 1023 1263 1089 προσπαρεγγυᾷ
1289 1019 1336 1070 δὲ
1361 1016 1516 1083 λέγων
1537 1025 1562 1046 “
1580 1015 1708 1083 Πρό-

127 1111 155 1134 “
180 1128 294 1172 σεχε
319 1111 503 1176 σεαυτῷ
530 1105 593 1170 μὴ
629 1106 819 1172 γένηται
855 1106 982 1172 ῥῆμα
1021 1101 1227 1170 κρυπτὸν
1262 1103 1310 1152 ἐν
1343 1103 1400 1168 τῇ
1427 1100 1591 1168 καρδίᾳ
1616 1122 1709 1150 σου

127 1195 154 1218 “
179 1187 409 1252 ἀνόμημα,
447 1190 602 1253 λέγων
638 1187 840 1253 Ἐγγίζει
887 1185 941 1237 τό
987 1186 1087 1239 ἔτος
1131 1183 1185 1235 τὸ
1226 1184 1447 1247 ἕβδομον,
1489 1181 1709 1244 ἔτος-τῆς

126 1276 155 1299 “
178 1269 406 1337 ἀφέσεως,
448 1272 522 1321 καὶ
560 1269 899 1335 πονηρεύσεται
937 1269 962 1319 ὁ
1003 1267 1254 1336 ὀφθαλμός
1284 1289 1375 1316 σου
1412 1268 1478 1333 τῷ
1515 1265 1709 1332 ἀδελφῷ

127 1357 154 1381 “
179 1373 273 1402 σου
321 1356 388 1422 τῷ
439 1353 727 1421 ἐπιδεομένῳ,
779 1353 854 1403 καὶ
903 1352 958 1402 οὐ
1016 1353 1106 1419 δῷς
1157 1350 1296 1418 αὐτῷ,
1352 1349 1427 1398 καὶ
1480 1345 1707 1410 βοήσεται

61 1443 107 1484 15
127 1439 155 1462 “
179 1431 299 1484 κατὰ
328 1440 419 1485 σοῦ
453 1433 573 1501 πρὸς
609 1434 797 1500 Κύριον,
835 1436 909 1485 καὶ
947 1433 1081 1483 ἔσται
1119 1454 1198 1482 σοι
1237 1431 1440 1497 ἁμαρτία
1470 1428 1704 1494 μεγάλη.”

125 1520 209 1566 τοῦ
239 1514 383 1580 νόμου
417 1518 571 1568 τοίνυν
597 1521 748 1584 χρεῶν
775 1514 1016 1569 ἀποκοπὰς
1046 1517 1281 1565 ποιεῖσθαι
1312 1509 1745 1578 προστεταχότος,<3

126 1600 260 1649 οἱονει
283 1598 726 1665 σαββατιζόντων’
704 1603 835 1649 ετῶν·
880 1601 926 1648 ἐν
961 1598 1146 1666 ἑβδόμῳ
1173 1619 1266 1661 γαρ
1292 1617 1379 1646 ετει
1402 1597 1707 1659 πληροῦσθαι

125 1680 459 1748 προστεῌταχεν
515 1679 612 1732 εἶτα
642 1679 1175 1747 προυπομιμνήσκοντος
1208 1677 1272 1742 μὴ
1301 1680 1392 1728 δεῖν
1414 1674 1704 1741 πονηρεύεσ-

128 1766 218 1824 θαι,
245 1765 486 1830 διακιχρᾶν
514 1763 562 1814 δε
585 1768 774 1826 μᾶλλον
806 1767 900 1816 τοῖς
940 1762 1182 1824 δεομενοις,
1209 1758 1295 1811 κᾶν
1328 1782 1363 1809 ει
1399 1756 1463 1822 μὴ
1494 1758 1707 1825 φαινοιτο

59 1866 109 1892 20
127 1843 311 1911 μακρὰν
347 1844 401 1896 τὸ
443 1849 525 1909 τῆς
563 1845 778 1913 ἀφέσεως
817 1847 932 1907 ἔτος,
971 1847 1013 1895 οἱ
1051 1841 1261 1895 πολλοὺς
1300 1843 1374 1891 καὶ
1413 1842 1706 1906 ἀμφιλαφεῖς

128 1926 310 1994 ἔχοντες
345 1926 623 1994 θησαυροὺς,
655 1927 742 1992 τὴν
786 1932 917 1995 χεῖρα
956 1924 1323 1982 συστέλλοντες,
1360 1921 1419 1974 τὰ
1461 1926 1554 1974 τῶν
1591 1923 1707 1973 ἐτῶν

127 2009 358 2070 σάββατα
401 2009 655 2075 περιμένειν
701 2009 991 2075 ἐσπούδαζον
1035 2009 1108 2059 ἐπὶ
1162 2006 1320 2071 θύραις
1363 2004 1474 2056 ὅντα
1523 2002 1706 2066 λοιπὸν,

126 2089 213 2143 εἷθ’
239 2092 384 2146 οὕτως
410 2090 646 2157 ἐδάνειζον,
672 2092 747 2143 ἵνα
776 2091 840 2156 μὴ
871 2095 968 2144 τοῖς
992 2093 1073 2154 τῆς
1099 2089 1313 2158 ἀφέσεως
1339 2087 1521 2155 χρόνοις
1549 2088 1706 2137 ὑπενε-

127 2174 258 2242 χθείη
296 2172 352 2225 τὸ
391 2175 641 2243 ὀφείλημα.
707 2175 837 2225 οὗτοί
871 2178 995 2242 φασι
1031 2171 1141 2224 Πότε
1181 2169 1448 2222 διελεύσεται
1481 2168 1542 2220 rb,
1576 2166 1703 2229 ο-οίβ-

58 2272 108 2312 25
126 2258 289 2317 βατοις
331 2258 476 2320 δῆλον
503 2255 551 2307 δὲ
579 2255 649 2307 ὅτι
675 2255 734 2306 τὰ
754 2255 808 2324 ἐξ
831 2257 961 2306 ἐτῶν·
995 2261 1071 2306 καὶ
1100 2253 1315 2322 ἀνώξομεν
1340 2250 1582 2320 θησαυρούς.
1632 2252 1706 2301 καὶ

127 2338 181 2389 οὐ
215 2337 352 2405 μέχρι
391 2337 555 2388 τούτου
595 2337 648 2388 τὸ
696 2336 996 2399 δυσσέβημα,
1035 2334 1165 2386 ἀλλὰ
1216 2333 1309 2400 γὰρ
1358 2336 1432 2383 καὶ
1477 2338 1574 2386 ταῖς
1612 2337 1707 2383 τῶν

128 2422 302 2476 ἀθλίως
325 2420 635 2489 πεπραχότων
660 2421 907 2489 πτωχείαις
942 2418 1291 2488 ἀφιλαλλήλως
1322 2417 1705 2483 ἐπιθρώσκοντες,

175 2619 207 2642 2.
233 2608 272 2642 ἅν
290 2606 1037 2651 Edd.4—10.⁷.-‹i7xw—1‘1‹rrepe1raa
1056 2605 1205 2640 desunt
1198 2617 1235 2639 ln
1253 2604 1344 2639 Edd.
1549 2604 1582 2638 6.
1604 2603 1643 2648 ἦν
1660 2604 1705 2641 Β.

129 2655 172 2690 de
189 2655 298 2689 Ador.
318 2666 397 2699 273.
416 2666 443 2689 S.
460 2653 523 2688 f.
502 2657 521 2698 ᾐ
541 2655 583 2688 A.
598 2654 662 2698 (A.
672 2654 703 2686 V
708 2653 736 2698 .)
880 2663 912 2696 7.
937 2653 1145 2697 συσφίγξεις
1163 2653 1206 2685 A
1225 2653 1284 2695 (A.
1290 2652 1331 2684 V.
1338 2653 1348 2694 )
1516 2663 1548 2696 9.
1575 2652 1705 2685 δάνειον

128 2714 199 2736 om.
216 2702 260 2736 A.
309 2702 365 2735 ἐὰν
384 2702 424 2735 Β.
440 2701 537 2746 (3...)
705 2711 758 2734 10.
783 2699 859 2734 καθ’
879 2703 950 2733 οἷον
970 2700 1010 2733 Β.
1059 2700 1326 2743 προσπαρεγγυᾷ
1345 2698 1379 2731 δὲ
1399 2698 1441 2731 A.
1459 2701 1704 2743 προπαρεγγυᾷ

131 2750 167 2783 δέ
185 2749 227 2782 Β.
244 2751 418 2793 παρεγγυᾷ
438 2745 1221 2790 Εὼὶ.13.πονηρεύσεται
1239 2746 1282 2779 A.
1287 2745 1327 2778 Β.
1345 2744 1592 2788 πονηρεύσηται
1611 2745 1702 2778 Edd.

132 2807 185 2838 14.
212 2796 278 2841 δῷς
292 2763 337 2828 ρΒ.
357 2795 403 2838 (A
410 2795 458 2828 II.
478 2793 598 2838 X.)de
616 2794 685 2828 A.d
705 2803 746 2827 2*
733 2806 772 2839 4
789 2805 819 2827 a.
839 2793 959 2827 δώσεις
979 2793 1068 2826 Edd.
1087 2792 1181 2835 (ΑΥ
1185 2794 1208 2836 .)
1395 2802 1446 2834 15.
1473 2790 1586 2836 ἔσται]
1610 2795 1647 2831 -Ι-
1669 2791 1704 2824 ἐν

128 2830 345 2934 Ε7(1ἀ.ἷῃνὶῐο
362 2842 406 2876 A.
425 2841 468 2875 cf.
487 2840 529 2874 de
547 2840 656 2875 Ad.1.
675 2852 704 2874 c.
906 2839 958 2874 16.
984 2842 1043 2874 τοῦ
1061 2845 1283 2883 assumptum
1301 2850 1342 2872 ex
1362 2838 1404 2872 B.
1452 2840 1591 2882 ποιῆσαι
1610 2838 1702 2872 Edd.

154 2900 185 2934 7.
212 2890 397 2928 σαββάτων
413 2888 456 2922 A
504 2889 570 2932 γὰρ
588 2899 656 2921 om.
676 2888 719 2921 A.
1073 2897 1128 2930 23.
1153 2885 1348 2930 ὑπενεχθείη
1366 2886 1409 2919 A.
1426 2885 1592 2929 ὑπενεχθῇ
1611 2884 1703 2919 Edd.

129 2947 184 2978 24.
211 2935 382 2980 ὀφείλημα
400 2936 444 2969 A.
462 2934 602 2980 ὄφλημα
621 2933 714 2968 Edd.
1070 2933 1124 2967 26.
1150 2932 1276 2967 τούτων
1292 2931 1351 2966 iid.
1398 2932 1464 2977 γὰρ
1481 2938 1705 2977 assumptum

126 2994 169 3016 ex
186 2983 228 3017 A
236 2982 277 3016 B.

184 3053 276 3082 VOL.
303 3054 328 3080 1.
864 3053 888 3096 3
915 3053 937 3079 L'

1768 524 1867 555 Deut.
1875 534 1930 556 xv.

1770 1029 1819 1062 Ib.
1839 1039 1870 1071 9.
