2021 3434
327 168 411 208 280
716 168 768 208 B.
813 167 1087 208 CYRILLI
1128 169 1506 210 ALEXANDR.
1691 169 1770 209 xiv.
1794 180 1833 222 5,
1856 170 1895 209 6.
2017 113 2021 302 ἓ

325 278 519 341 τούτοις,
563 278 634 329 ὅτι
671 281 746 329 καὶ
786 281 869 342 τῆς
913 281 973 332 εἷς
1017 277 1182 333 αὐτοὺς
1224 280 1478 348 κατέληξεν
1516 280 1671 346 ὀργῆς,
1707 281 1782 329 καὶ
1815 283 1897 342 τῆς

325 364 449 432 αὐτῷ
498 365 700 431 φιλητῆς
751 363 833 413 οὐκ
883 362 1177 427 ἀποδημήσει
1229 363 1602 430 φιλανθρωπίας.
1686 362 1801 413 ἔοικε
1849 362 1898 413 δὲ

323 444 471 495 πάλιν
503 445 528 495 ὁ
561 443 704 510 λόγος
738 445 848 509 ἡμῖν
885 446 934 495 ἐν
966 443 1159 507 τούτοις,
1189 446 1242 496 οὐ
1274 444 1420 510 μόνης
1451 447 1792 509 διαμεμνῆσθαι
1817 448 1898 509 τῆς

323 530 418 576 τῶν
467 526 524 595 ἐξ
570 526 763 590 αἵματος
811 525 1014 593 Ἰσραὴλ
1062 528 1367 596 ἐπιστροφῆς,
1420 527 1788 593 συνεισκομίζειν
1850 526 1899 578 δὲ
2015 518 2019 629 Ι

101 615 197 688 §0111
217 615 259 645 ³³<-
283 612 512 671 ομᾶλλον
563 610 639 659 καὶ
679 607 764 672 τὴν
812 613 906 660 τῶν
943 610 1088 660 ἐθνῶν
1138 612 1324 673 κλῆσιν·
1377 608 1447 660 ὅτι
1491 609 1555 674 μὴ
1599 607 1812 661 66πάντες
1856 612 1938 667 οὶ5

125 683 131 689 ι
322 697 348 720 “
375 690 431 759 ἐξ
451 689 665 757 Ἰσραὴλ,
692 691 816 742 οῦτοι
842 690 1088 757 Ἰσραήλ·”
1130 691 1512 758 καταλογίζονται
1545 690 1592 742 δὲ
1622 695 1811 754 μᾶλλον
1836 694 1897 744 εἰς

100 783 259 814 Μὶν-12·
319 773 456 824 τέκνα
494 777 536 824 οἱ
569 775 932 827 ἀκολουθοῦντες
958 781 984 803 “
1000 778 1095 828 τοῖς
1120 773 1272 841 ἴχνεσι
1303 777 1385 838 τῆς
1415 775 1463 824 ἐν
1495 772 1788 841 ἀκροβυστίᾳ
1811 773 1893 824 πί-

318 861 349 883 “
373 878 522 908 στεως
554 861 636 906 τοῦ
666 854 843 922 πατρὸς
877 856 1007 919 ἡμῶν
1031 854 1296 922 Ἀβραάμ.”
1347 857 1513 907 οὐκοῦν
1539 854 1896 923 συνεισφέρεται

317 938 392 987 καὶ
440 936 468 1000 ἡ
512 941 606 987 τῶν
649 938 794 989 ἐθνῶν
838 940 1022 1001 κλῆσις,
1066 939 1141 988 καὶ
1186 937 1214 1001 ἡ
1253 935 1370 1005 πρὸς
1417 935 1541 988 Θεὸν
1586 938 1812 990 οἰκείωσις
1848 938 1897 988 ἐν

318 1021 518 1088 Χριστῷ
544 1018 618 1069 διὰ
643 1020 845 1073 πίστεως
879 1021 953 1070 καὶ
988 1020 1244 1085 ἁγιασμοῦ·
1286 1020 1682 1083 κατασημαίνεται
1705 1018 1753 1070 δὲ
1778 1017 1896 1086 πρὸς
1919 1046 1965 1071 10

2012 847 2017 992 ζ

2012 997 2016 1035 Ι

316 1101 466 1171 τούτῷ
497 1103 572 1152 καὶ
608 1102 636 1165 ἡ
673 1106 766 1152 τῶν
804 1106 1125 1166 πνευματικῶν
1155 1103 1366 1169 χορηγία,
1392 1104 1466 1153 καὶ
1503 1104 1586 1165 τῆς
1619 1100 1808 1169 χάριτος
1841 1098 1894 1152 τὸ

316 1183 603 1252 ἀμφιλαφὲς,
633 1187 779 1248 δῆλον
804 1183 853 1235 δὲ
879 1183 949 1235 ὅτι
974 1187 1056 1248 τῆς
1080 1185 1127 1234 ἐν
1153 1188 1364 1254 Χριστῷ.

274 1401 295 1438 5
720 1388 901 1437 Ἔσομαι
938 1390 997 1429 ὡς
1035 1389 1188 1445 ὃρόοοε
1226 1389 1495 1446 τῴἸοραήλ.

97 1514 177 1547 193
197 1512 248 1548 A.
278 1522 299 1545 a
408 1492 604 1546 Πάντως
643 1516 734 1544 που
782 1495 1152 1545 καταπιαίνουσα
1196 1496 1271 1544 καὶ
1321 1494 1619 1560 κατάρδουσα
1659 1492 1741 1544 τὸν
1786 1498 1894 1545 νοῦν

316 1579 410 1625 τῶν
450 1575 743 1640 κεκλημένων
794 1579 854 1629 εἷς
905 1575 1215 1641 μετάγνωσιν,
1254 1580 1311 1644 τῇ
1355 1576 1532 1627 ἄνωθεν
1580 1574 1892 1641 παρακλήσει,
1916 1601 1961 1639 15

316 1661 462 1722 δῆλον
500 1657 548 1708 δὲ
587 1657 656 1708 ὅτι
693 1661 751 1725 τῇ
790 1657 864 1708 διὰ
903 1657 1191 1721 Πνεύματος·
1233 1657 1409 1710 ἄνωθεν
1439 1657 1530 1724 γὰρ
1561 1658 1590 1722 ἡ
1625 1655 1786 1729 δρία-ος.

859 1831 1056 1873 Ἀνθύσει
1092 1832 1152 1873 ὡς
1191 1831 1345 1889 κρίνον.

390 1926 619 1977 Ἐκδώσει
663 1928 786 1996 φησὶ
827 1926 880 1977 τὸ
923 1928 1085 1981 εὑῶδες
1129 1928 1177 1978 ἐν
1214 1931 1431 1997 Χριστῷ,
1471 1930 1545 1978 καὶ
1582 1930 1664 1992 τῆς
1702 1929 1893 1994 εὑαγοῦς

315 2011 552 2063 πολιτείας
574 2009 660 2074 τὴν
685 2011 922 2074 εὐοσμίαν,
948 2013 1022 2061 καὶ
1049 2010 1311 2062 ἀπόλεκτον
1337 2011 1476 2065 ἄνθος
1500 2011 1634 2063 ἔσται
1659 2010 1841 2064 λοιπόν.

275 2224 296 2258 6
320 2213 393 2255 Καὶ
435 2213 553 2264 βαλεῖ
595 2216 669 2257 τὰς
713 2215 824 2273 ῥίζας
863 2217 990 2258 αὐτοῦ
1034 2217 1094 2258 ὡς
1132 2216 1314 2268 λίβανοε,
1352 2218 1632 2274 Πορεύσονται
1669 2215 1708 2258 οἰ
1745 2216 1892 2258 κλάδοι
1913 2232 1962 2258 20
1999 2218 2004 2232 “

384 2298 528 2339 αὐτοῦ.

270 2420 295 2460 b
379 2405 493 2457 “On
541 2406 605 2471 μὴ
655 2406 1014 2461 εὐκατάσειστος
1058 2412 1152 2459 τῶν
1202 2407 1518 2459 πιστευόντων
1563 2409 1588 2459 ὁ
1627 2413 1746 2470 νοῦς,
1787 2406 1891 2459 οὐδὲ

313 2487 409 2540 οἷον
442 2489 620 2551 ἕτοιμος
657 2493 719 2543 εἷς
754 2489 808 2541 τὸ
844 2494 1062 2541 νικᾶσθαι
1093 2490 1328 2554 πνεύμασι
1360 2495 1592 2557 πονηροῖς,
1620 2489 1695 2541 διὰ
1724 2489 1891 2541 τούτου

313 2573 460 2635 δηλοῖ.
526 2571 659 2622 ἔσται
696 2571 788 2637 γὰρ
823 2573 968 2626 οὕτως
1003 2572 1229 2641 ἀσφαλὴς
1265 2575 1340 2624 καὶ
1377 2571 1711 2639 ἐρηρεισμένος,
1747 2570 1892 2623 καθά-

312 2674 400 2717 περ
439 2652 598 2717 ἀμέλει
639 2656 714 2704 καὶ
755 2653 808 2705 τὸ
850 2660 933 2706 τοῦ
975 2654 1160 2715 λιβάνου
1201 2654 1364 2723 φυτὸν,
1406 2654 1431 2706 ὃ
1471 2655 1661 2719 καθίησι
1702 2653 1787 2718 μὲν
1829 2657 1891 2708 εἷς
1911 2676 1958 2715 25

314 2734 461 2793 βάθος
498 2735 623 2787 πολὺ
660 2735 745 2800 τὴν
783 2737 914 2807 ῥίζαν·
956 2741 1051 2790 τοῖς
1089 2735 1236 2803 γεμὴν
1271 2737 1448 2788 ἄνωθεν
1489 2733 1688 2800 κλάδοις,
1720 2737 1773 2788 οὐ
1809 2759 1889 2801 με-

362 2889 394 2921 5,
413 2879 445 2912 6.
471 2880 528 2914 Ab
545 2883 677 2924 μᾶλλον
693 2881 737 2916 ad
753 2884 886 2925 μᾶλλον
903 2883 1053 2917 transilit
1071 2883 1118 2918 D.
1323 2895 1355 2929 9.
1383 2882 1401 2927 ἡ
1420 2884 1478 2918 alt.
1496 2887 1717 2927 assumptum
1733 2893 1775 2916 ex
1792 2881 1885 2916 B.D.

321 2937 371 2967 14.
398 2927 626 2973 κατάρδουσα]
645 2929 896 2972 καταρδεύουσα
915 2929 1005 2965 Edd.
1022 2930 1140 2966 invitis
1160 2929 1251 2965 B.D.
1265 2929 1299 2965 b.
1452 2939 1503 2975 15.
1530 2929 1733 2974 κεκτημένων
1751 2928 1831 2972 (sic)
1848 2927 1882 2963 b.

319 2983 370 3004 Ξῖ.
399 2972 500 3006 αὐτοῦ
523 2973 614 3008 B.D.
634 2990 697 3009 σου
717 2976 753 3010 F.
774 2976 864 3011 Edd.
