2021 3434
320 179 404 218 382
707 182 754 221 B.
799 182 1071 222 CYRILLI
1114 180 1489 221 ALEXANDR.
1742 180 1769 218 i.
1792 190 1886 233 3—5.

320 295 346 318 ‘⁶
375 290 399 339 ὁ
437 289 592 356 πατὴρ
632 293 685 342 οὐ
721 291 785 355 μὴ
823 293 1029 362 λήψεται
1066 292 1151 357 τὴν
1189 293 1416 359 ἁμαρτίαν
1445 297 1527 342 τοῦ
1566 294 1662 341 υἱοῦ
1700 289 1887 341 αὐτοῦ.”

317 374 415 422 πῶς·
446 369 539 436 γὰρ
575 372 639 423 ε”τι
673 375 970 440 μακρόθυμος
1004 376 1078 425 καὶ
1108 374 1363 426 πολυέλεος
1392 375 1466 423 καὶ
1497 371 1716 436 ἀληθινὸς
1744 373 1768 421 ὁ
1793 376 1887 422 τῶν

319 450 445 501 ὅλων
471 453 740 519 Δεσπότης,
769 460 804 506 εἰ
841 456 904 520 μὴ
943 457 1127 520 ἀνίησιν
1165 456 1402 520 ἁμαρτίας,
1442 455 1516 505 καὶ
1554 453 1781 519 καθαρίζει
1805 451 1887 503 τὸν

316 532 490 599 ἔνοχον,
529 538 788 600 παρατείνει
829 537 875 588 δὲ
919 542 1108 601 μᾶλλον
1142 535 1226 600 τὴν
1261 536 1582 606 ἀγανάκτησιν
1619 537 1690 586 ἐπὶ
1728 536 1886 600 τρίτην

277 635 298 660 c
317 615 391 663 καὶ
425 615 650 681 τετάρτην
685 619 876 683 γενεάν;
916 618 984 672 τίς
1010 620 1091 670 οὖν
1126 621 1150 670 ὁ
1191 617 1366 684 λόγος;
1411 618 1512 669 ε”στι
1537 618 1634 680 μὲν,
1661 619 1721 671 ὡς
1752 616 1883 684 ἔφην,

315 695 585 763 ἀνεξίκακός
623 721 671 749 τε
709 702 784 750 καὶ
828 701 1120 766 ἀσυγκρίτως
1165 699 1353 766 ἀγαθὸς,
1388 701 1463 750 καὶ
1503 700 1584 750 οὐκ
1621 696 1752 751 εὐθὺς
1790 703 1885 752 τοῖς

314 776 636 843 ἡμαρτηκόσιν
675 780 836 847 ἐπάγει
881 781 966 847 τὴν
1007 781 1219 834 κόλασιν.
1285 780 1571 848 ὑπερτίθεται
1608 780 1671 839 δὲ,
1711 781 1785 830 καὶ
1823 783 1885 834 εἷς

313 859 529 926 δευτεραν
554 860 730 927 γενεὰν,
756 864 830 914 ἵνα
856 863 978 931 τάχα
1002 887 1071 918 τις
1093 861 1268 932 μεταξὺ
1293 861 1722 929 παρεισβάλλουσα
1747 860 1885 925 μετά-

312 961 490 1004 γνωσις
531 943 782 1013 ἀνακόψειε
822 945 906 1010 τὴν
950 946 1111 1012 ὀργήν.
1179 946 1288 996 ἀλλ’
1333 949 1370 996 εἰ
1409 943 1474 1009 μὴ
1517 950 1654 996 τοῦτο
1697 944 1884 1010 γένηται

311 1022 466 1090 τυχὸν,
494 1028 536 1076 οἱ
561 1024 609 1076 δὲ
640 1028 689 1076 ἐκ
718 1033 800 1078 τοῦ
831 1027 1017 1094 πρώτου
1043 1029 1185 1094 τρίτοι
1213 1051 1260 1078 τε
1292 1029 1366 1078 καὶ
1396 1027 1603 1093 τέταρτοι
1630 1030 1724 1079 τοῖς
1749 1025 1883 1089 ’lo-otc,

310 1101 339 1167 ἦ
365 1108 439 1155 καὶ
470 1111 565 1161 τοῖς
600 1107 663 1158 ε”τι
693 1110 901 1176 χείροσιν
926 1112 1133 1161 ἐναλοῖεν
1160 1114 1325 1172 κακοῖς,
1353 1110 1428 1160 καὶ
1459 1111 1738 1175 προγονικῆς·
1769 1110 1883 1159 δυσ-

309 1188 498 1245 σεβείας
529 1190 814 1255 εὑρίσκοιντο
844 1194 1051 1257 μιμηταὶ,
1077 1190 1180 1243 τότε
1212 1190 1267 1256 δὴ
1294 1191 1396 1242 τότε
1421 1190 1589 1242 λοιπὸν
1615 1189 1774 1255 ἐπάγει
1799 1189 1884 1245 τὰς

264 1270 292 1310 d
310 1268 451 1332 δίκας,
489 1271 779 1339 ἀποχρῶσαν
809 1277 875 1343 τῷ
904 1274 1024 1340 γένει
1062 1272 1147 1337 τὴν
1180 1275 1253 1325 ἐπὶ
1291 1278 1385 1327 τοῖς
1423 1275 1510 1339 ἤδη
1548 1270 1884 1341 παρῳχηκόσιν

307 1349 602 1418 ἀνεξικακίαν
643 1354 882 1408 ἐπιδιδούς·
937 1353 1073 1406 τοῦτό
1125 1356 1227 1406 ἐστι
1271 1354 1324 1406 τὸ
1375 1355 1606 1423 ἐπιφέρειν
1656 1354 1882 1421 ἁμαρτίας

306 1431 520 1497 πατέρων
546 1435 619 1484 ἐπὶ
643 1435 780 1486 τέκνα
806 1437 880 1487 ἐπὶ
904 1437 1064 1503 τρίτην
1087 1439 1161 1488 καὶ
1187 1436 1410 1503 τετάρτην
1435 1436 1612 1502 γενεάν.

353 1510 459 1579 ςΑρ’
483 1515 563 1565 οὖν
586 1519 720 1585 φησὶ,
740 1518 1109 1585 μακροθυμήσας
1134 1523 1192 1587 τῇ
1218 1525 1466 1589 Δοιμοισκῷ
1489 1518 1777 1582 πλειστάκις,
1799 1520 1881 1570 οὐκ

305 1595 682 1661 ἀγανακτήσαιμι
709 1600 890 1664 λοιπὸν,
911 1602 985 1651 καὶ
1010 1599 1202 1670 σφόδρα
1228 1600 1425 1664 εἰκότως,
1447 1602 1518 1652 ἐπὶ
1548 1605 1655 1669 τρισὶ
1683 1602 1757 1651 καὶ
1783 1600 1880 1652 τέσ-

304 1699 457 1745 σαρσιν
492 1679 764 1746 ἀμαρτίαις;
804 1682 854 1733 τί
882 1681 974 1749 γὰρ
1005 1682 1255 1750 δεδράκασι
1272 1706 1285 1746 ;
1328 1681 1491 1734 πολλὰ
1520 1682 1604 1746 μὲν
1629 1684 1702 1733 καὶ
1734 1683 1878 1750 ἕτερα.

301 1756 432 1822 πλὴν
465 1763 546 1824 τῆς
578 1762 698 1827 ἄγαν
728 1763 965 1828 ὠμότητος
998 1767 1245 1817 ἀποτιοῦσι
1284 1765 1426 1818 δίκας·
1471 1765 1878 1835 ἀποστραφησομοιι

302 1838 396 1905 γὰρ
416 1841 580 1904 αὐτοὺς,
597 1843 687 1895 ἀνθ’
710 1844 762 1896 ὦν
789 1845 950 1917 ἕπριζον
970 1848 1112 1916 πρίοσι
1135 1845 1314 1916 σιδηροῖς
1333 1845 1417 1902 τοις
1436 1847 1473 1898 ἐν
1498 1852 1658 1917 γαστρὶ
1686 1847 1878 1910 ἑχούσοις

263 1947 284 1973 e
304 1921 380 1973 τῶν
417 1923 453 1974 ἐν
486 1925 699 1977 samnia
762 1927 864 1978 e''o·7·t
901 1928 986 1992 μὲν
1024 1929 1104 1979 οὖν
1138 1925 1396 1992 firma&
1421 1929 1626 1995 πολίχνη
1656 1931 1738 1993 τῆς
1762 1930 1878 1981 Ἰου-

303 2005 446 2068 δαίας,
471 2007 518 2056 ἐν
543 2008 742 2079 μεθορίῳ
765 2012 848 2074 τῆς
874 2014 1213 2062 Παλαιστινῶν
1238 2011 1434 2075 κειμένη.
1476 2010 1648 2076 ταύτην
1674 2014 1716 2062 οἱ
1737 2011 1877 2078 Σύροι

300 2087 728 2154 προκατελάβοντο,
756 2093 829 2142 καὶ
867 2094 1166 2162 πανωλεθρίᾳ
1202 2092 1476 2161 διέφθειραν,
1504 2095 1648 2161 πρίοσι
1680 2092 1871 2156 τέμνον-

300 2190 375 2221 τες
413 2166 593 2241 σιδηροῖς
632 2171 716 2228 τέις
752 2174 789 2224 ἐν
825 2178 988 2244 ’γαστρὶ
1029 2174 1235 2238 ἑχούσοις,
1275 2176 1350 2226 καὶ
1392 2176 1507 2238 ὁμοῦ
1551 2177 1728 2239 νηπίοις
1772 2174 1877 2239 ὠμὰ

300 2256 531 2315 γυναικῶν
568 2252 833 2319 ἐκτήκοντες
871 2256 1067 2323 ἔμβρυα.
1126 2260 1302 2326 πρίονοις
1336 2255 1383 2307 δὲ
1416 2253 1604 2326 σιδηροῦς
1641 2256 1748 2311 τοὺς
1781 2261 1876 2308 τῶν

351 2430 380 2454 1.
406 2420 446 2454 οὐ
470 2421 514 2465 μὴ
540 2423 774 2468 suprascripta
798 2423 835 2458 in
857 2424 900 2457 A.
920 2423 1013 2458 unde
1039 2431 1230 2470 assumpta.
1278 2423 1427 2471 λήψεται
1451 2425 1510 2469 τὴν
1534 2424 1697 2471 ἁμαρτίαν
1720 2437 1872 2461 accesse-

300 2471 382 2500 runt
400 2479 441 2500 ex
458 2468 549 2502 AB.
599 2470 700 2504 αὐτοῦ
718 2471 861 2504 accessit
879 2483 919 2505 ex
937 2471 1028 2505 A.B.
1048 2471 1167 2516 (Alex.
1187 2471 1293 2516 XII.)
1476 2483 1507 2506 2.
1536 2472 1632 2506 Haec
1650 2473 1702 2506 καὶ
1719 2472 1876 2516 ἀληθινὸς

300 2521 519 2548 accesserunt
533 2527 573 2548 ex
592 2517 682 2551 A.B.
702 2517 778 2551 Cat.
798 2517 876 2551 Nic.
1219 2528 1252 2564 5.
1278 2517 1354 2564 μὲν]
1378 2522 1414 2559 -†-
1432 2518 1490 2553 οὖν
1507 2518 1597 2552 Edd.
1616 2519 1724 2553 invito
1739 2520 1781 2553 A.
1831 2520 1874 2555 ὡς

299 2559 386 2603 ἔφην
403 2559 592 2604 ἅνεξίκακός
609 2578 644 2597 τε
662 2564 705 2598 Α.
724 2564 914 2608 ἀνεξίκακος
931 2565 974 2600 ὡς
991 2565 1078 2608 ἔφην
1095 2564 1186 2599 Edd.
1497 2574 1528 2610 7.
1554 2566 1764 2609 ὑπερτίθεται
1781 2566 1873 2601 Α.Β.

300 2606 491 2641 ὑποτίθεται
511 2608 601 2642 Edd.
791 2611 823 2644 8.
850 2609 902 2645 ’ἵνα
919 2610 1022 2657 τάχα]
1043 2612 1138 2646 A.D.
1160 2611 1210 2658 [id
1229 2615 1328 2655 (=ut
1345 2611 1414 2646 vid.
1432 2610 1499 2655 ἵνα)
1517 2613 1790 2657 suprascriptum
1808 2611 1871 2658 A.]

299 2650 409 2687 εἵπου
429 2653 470 2688 Β.
488 2656 575 2701 τάχα
593 2656 621 2690 εἷ
637 2656 680 2700 μὴ
701 2656 776 2691 Cat.
796 2657 1014 2692 abbrevians.
1032 2658 1060 2691 εἰ
1079 2660 1166 2704 τάχα
1184 2658 1274 2693 Edd.
1323 2659 1449 2703 μεταξὺ
1465 2659 1610 2693 accessit
1626 2671 1667 2692 ex
1684 2659 1774 2693 A.B.
1794 2659 1872 2694 Cat.

301 2698 424 2733 Statim
442 2704 728 2742 παρεισβαλοῦσα
746 2703 838 2737 Edd.
856 2704 972 2738 invitis
991 2706 1033 2738 A.
1054 2704 1130 2739 Cat.
1523 2718 1556 2749 9.
1581 2705 1714 2750 γένηται
1731 2706 1775 2740 Α.
1795 2705 1871 2740 Cat.

297 2745 428 2795 γένοιτο
447 2747 538 2782 Edd.
744 2760 796 2784 11.
824 2750 1044 2796 δυσσεβείας]
1064 2752 1223 2792 ἀσεβείας
1242 2752 1283 2786 Β.
1519 2763 1572 2786 12.
1599 2752 1809 2796 εὑρίσκονται
1826 2753 1871 2787 Α.

298 2792 405 2825 Invita
424 2793 500 2828 Cat.
740 2808 792 2840 14.
823 2797 955 2834 ἐπιδούς
973 2798 1063 2833 Α.Β.
1083 2798 1250 2834 ἐπιδιδούς
1268 2798 1344 2833 Cat.
1364 2798 1454 2833 Edd.
1694 2810 1746 2841 14.
1772 2801 1872 2833 τοῦτό

298 2836 372 2870 ἐστι
390 2839 478 2874 A.ss.
497 2842 652 2877 τουτέστι
671 2842 762 2877 Edd.
1153 2854 1205 2891 15.
1233 2845 1330 2880 Haec
1348 2846 1401 2880 ἐπὶ
1418 2845 1513 2879 τέκνα
1531 2852 1750 2879 accesserunt
1766 2857 1807 2879 ex
1826 2846 1868 2879 B.

301 2882 351 2917 16.
377 2887 639 2932 μακροθυμήσας
657 2902 725 2923 om.
744 2891 787 2924 A.
945 2900 997 2937 17.
1023 2891 1229 2938 τέσσαρσιν]
1248 2892 1406 2937 τέτρασιν
1423 2904 1451 2926 e.
1618 2903 1670 2937 19.
1695 2892 1867 2936 ἀποστρα-

296 2928 450 2973 φῆσομσι
469 2934 610 2969 A.B.D.
629 2936 687 2969 οὐκ
705 2936 1018 2982 ἀποστραφήσομαι
1036 2939 1127 2973 Edd.
1477 2949 1531 2981 24.
1558 2938 1647 2984 ὠμὰ]
1667 2941 1804 2984 σώματα
1822 2940 1865 2972 Α.

298 2986 351 3019 25.
379 2979 558 3016 κτείνοντες
576 2993 637 3026 pro
656 2982 846 3026 ἐκτήκοντες
866 2984 955 3019 Edd.
976 2985 1092 3019 invitis
1111 2985 1199 3020 A.B.

1904 636 1926 674 5

1906 1049 1956 1074 10

1900 1875 1918 1899 2
1925 1874 1948 1900 0
2011 1848 2014 1887 Ι
