2021 3434
0 3366 17 3434 ..kf-
14 3280 17 3302 Α,
14 3256 17 3264 -

138 227 190 267 iv.
219 239 251 275 1,
277 238 313 267 2.
602 227 673 268 IN
716 227 953 268 OSEAM.
1015 226 1158 267 TOM.
1194 225 1284 266 ΙΙΙ.
1664 223 1714 262 91

136 339 291 392 αὐτοῖς
328 344 583 409 συμφορᾶς
627 343 799 407 ἐναργῆ
842 344 1077 393 ποιεῖσθαι
1119 340 1204 404 τὴν
1249 339 1509 408 πρόφασιν,
1545 338 1620 388 καὶ
1658 335 1716 387 τὰ

133 421 207 489 ἐφ’
242 420 309 475 οἷς
347 423 610 488 λελύπηται
646 423 779 486 Θεὸς,
815 424 864 474 εὖ
899 421 1031 485 μάλα
1069 425 1357 489 διατρανοῦν,
1396 422 1453 472 ἵν’
1482 423 1635 472 εἰδεῖεν
1673 423 1714 470 οὶ

134 502 436 570 κολαζόμενοι
460 505 688 559 παθόντες
723 508 771 557 ἐν
806 507 909 573 δίκῃ
935 503 994 556 τὰ
1019 504 1202 570 ὅσαπερ
1227 503 1284 554 ἂν
1310 504 1523 567 συμβαίη
1549 507 1715 554 παθεῖν
1732 519 1752 544 θ

134 585 314 639 αὐτούς.
381 587 535 652 ἐπειδὴ
576 588 670 654 γὰρ
712 587 913 651 ε”μελλον
953 587 1234 637 ἁλώσεσθαι
1277 585 1363 649 μὲν
1407 587 1479 637 ὑπ’
1521 587 1715 653 ἐχθρῶν,

91 685 113 723 5
134 670 197 721 εἰς
230 667 417 733 γέλωτα
453 669 501 721 δὲ
537 675 814 736 προκεῖσθαι
852 668 1019 721 λοιπὸν
1053 673 1147 722 τοῖς
1181 670 1380 734 ἀρίστην
1417 668 1578 735 ἔχουσι
1612 672 1715 735 περὶ

134 749 287 800 αὐτῶν
330 750 417 815 τὴν
457 751 616 821 δόξαν,
659 754 733 803 καὶ
776 756 870 803 τῶν
913 751 1079 802 ἄλλων
1129 749 1351 802 ἁπάντων
1398 752 1544 801 ἐθνῶν
1592 753 1711 802 δυσ-

133 830 380 883 αλώτατον
416 833 640 901 ὑπάρχειν
677 835 899 898 οἰομένοις
933 832 1016 884 τὸν
1041 831 1256 898 Ἰσραὴλ,
1283 832 1357 882 ἵνα
1383 831 1448 896 μὴ
1476 833 1716 896 νομίσειαν

134 912 252 965 κατὰ
302 919 436 982 σφᾶς
485 915 652 970 αὐτοὺς
713 916 798 981 τὴν
860 914 1194 980 ἐπαμύνουσάν
1240 938 1289 966 τε
1339 917 1413 966 καὶ
1464 915 1716 981 σώζουσαν

132 997 361 1060 ἀτονῆσαι
395 1002 541 1065 χεῖρα,
567 1000 960 1065 μεταγινώσκοιεν
992 997 1041 1049 δὲ
1075 1002 1278 1061 μᾶλλον,
1306 996 1487 1048 ἕλοιντό
1518 1020 1567 1048 τε
1597 996 1716 1064 πρὸς

68 1104 113 1128 10
131 1076 191 1128 τὰ
242 1079 413 1141 ἀμείνω
457 1084 806 1147 παλινδρομεῖν,
852 1083 1114 1134 ἐννοοῦντες
1166 1080 1236 1131 ὅτι
1278 1078 1717 1146 προσκεκρούκασιν

131 1161 465 1222 ἀμαθαίνοντες
507 1167 575 1233 τῷ
619 1164 786 1231 σώζειν
829 1163 980 1225 εἰδότι,
1025 1162 1245 1231 ταύτῃτοι
1286 1164 1361 1213 καὶ
1411 1161 1718 1213 πεπτώκασιν

134 1241 222 1294 ὑπὸ
256 1244 385 1295 θείαν
418 1244 578 1312 ὀργὴν,
607 1247 868 1312 ἀναγκαίως
899 1247 1052 1298 αὐτοῖς
1086 1247 1162 1295 καὶ
1195 1243 1288 1311 πρό
1314 1268 1367 1310 γε
1393 1248 1487 1294 τῶν
1521 1244 1718 1295 ἔσεσθαι

132 1327 538 1392 προσδοκωμένων
586 1328 974 1395 προαπαγγέλλει
1022 1326 1082 1379 τὰ
1120 1326 1411 1392 ἐγκλήματα,
1450 1328 1531 1378 καί
1565 1331 1756 1395 φησινᾶ
1789 1337 1846 1370 64
1866 1335 1917 1369 Α·

133 1408 378 1461 Ἀκούσατε
441 1412 573 1477 λόγον
638 1414 787 1480 Κυρίου
853 1418 886 1463 οἱ
951 1415 1025 1462 υἱοὶ
1084 1408 1275 1476 Ἰσραὴλ
1338 1409 1401 1461 ’ὅτι
1461 1411 1600 1479 κρίσις
1656 1409 1715 1479 Tc}

68 1520 112 1558 15
135 1493 271 1561 Κυρίῳ
320 1493 428 1562 προς
478 1492 574 1549 τοὺς
628 1495 939 1549 κατοικοῦντας
982 1491 1051 1553 τῆν
1092 1491 1186 1558 γῆν.
1258 1493 1458 1559 κρίνεται
1502 1491 1549 1544 δὲ
1597 1492 1716 1559 πρὸς

131 1574 406 1639 ἀνθρώπους
447 1574 582 1639 Θεὸς,
624 1576 846 1644 ἐλέγχων,
890 1577 943 1626 οὐ
987 1574 1292 1640 δικαζόμενος,
1334 1580 1408 1626 καὶ
1446 1578 1715 1641 παρατιθεὶς

130 1661 226 1710 τοῖς
270 1660 332 1710 εἰς
375 1656 517 1708 αὐτὸν
561 1658 939 1722 δεδυσσεβηκόσι
988 1657 1146 1724 γυμνὰ
1186 1657 1246 1708 τὰ
1288 1657 1574 1723 ἐγκλήματα,
1615 1657 1713 1708 κατ’

132 1738 275 1790 ἐκεῖνό
312 1762 405 1790 που
438 1741 561 1808 τάχα
600 1740 653 1791 τὸ
688 1743 736 1792 ἐν
776 1744 990 1810 ψαλμοῖς
1026 1740 1310 1805 ὑμνούμενον
1350 1740 1610 1809 “Ἐλέγξω
1644 1763 1714 1802 σε,
1778 1761 1922 1792 Psxlix.

132 1828 159 1850 ‘⁴
185 1824 261 1872 καὶ
286 1823 588 1888 παραστήσω
617 1822 737 1874 κατὰ
761 1822 1021 1889 πρόσωπόν
1045 1822 1167 1875 σου”
1191 1822 1273 1876 τὰς
1304 1823 1497 1887 ἀνομίας
1516 1846 1621 1884 σου,
1642 1823 1717 1873 ἵνα
1778 1815 1828 1835 ²¹'

67 1928 114 1952 20
132 1901 197 1967 μὴ
228 1902 380 1968 μάτην
414 1906 568 1959 αὐτοῖς
602 1905 898 1974 ἐπενηνέχθαι
933 1904 1162 1974 φάσκωσι
1197 1904 1282 1970 τὴν
1320 1904 1480 1972 ὀργὴν,
1517 1906 1626 1956 ἀλλ’
1655 1908 1716 1959 ὡς

132 1986 181 2036 ἐν
205 1985 484 2054 ὀφλήματος
508 1988 638 2056 τάξει
663 1987 845 2051 λοιπὸν,
873 1990 947 2038 καὶ
974 1993 1069 2042 τοῖς
1100 1987 1160 2039 τὰ
1189 1988 1392 2054 μέγιστα
1417 1993 1714 2052 πλημμελεῖν
1733 1994 1758 2035 b

132 2069 349 2121 εἰωθόσιν
374 2072 436 2123 ὡς
457 2071 514 2139 ἐξ
536 2071 741 2137 ἀνάγκης
761 2072 1139 2132 συμβαίνουσαν.
1193 2072 1242 2122 τί
1263 2070 1317 2122 δέ
1336 2075 1488 2138 φησιν
1513 2072 1537 2121 ὁ
1565 2070 1716 2137 κρινό-

130 2175 280 2216 μενος,
320 2153 421 2217 ἤτοι
457 2154 740 2222 διελέγχων,
797 2158 899 2206 Οὐκ
942 2153 1051 2205 ἔστιν
1098 2152 1283 2214 ἀλήθεια
1330 2151 1419 2205 οὐδὲ
1465 2153 1584 2208 ἕλεος
1626 2151 1717 2204 οὐὸὲ

132 2235 370 2301 ἐπίγνωσις
403 2238 513 2288 Θεοῦ
547 2238 620 2288 ἐπὶ
659 2236 732 2296 τῆς
766 2235 867 2303 γῆς.
934 2235 988 2287 τὸ
1019 2235 1103 2300 μὲν
1142 2237 1223 2287 οὖν
1261 2235 1467 2297 ἀλήθειαν
1506 2235 1570 2298 μὴ
1603 2233 1715 2286 εἶναι

66 2338 113 2377 25
132 2317 298 2384 λέγειν,
338 2318 646 2388 ὑπεμφήνειεν
683 2317 741 2370 ἂν
779 2322 854 2370 καὶ
891 2317 1024 2383 μάλα
1061 2318 1258 2381 εἰκότως,
1287 2319 1357 2369 ὅτι
1390 2316 1552 2381 πολλὴ
1587 2317 1715 2385 παρὰ

131 2405 253 2453 πᾶσι
279 2401 376 2452 κατ’
405 2403 547 2452 ἐκεῖνο
581 2407 742 2468 καιροῦ
776 2402 967 2468 γέγονεν
993 2401 1021 2465 ἡ
1047 2401 1356 2469 συκοφαντία,
1383 2400 1640 2468 ψευδορκία
1664 2423 1714 2451 τε

133 2485 207 2534 καὶ
242 2482 398 2548 ἀπάτη
433 2485 509 2534 καὶ
543 2483 696 2546 δόλος,
722 2484 782 2535 τὰ
814 2482 1005 2535 πάντων
1039 2483 1269 2550 α’ίσχιστα
1306 2487 1400 2533 τῶν
1438 2486 1603 2532 κακῶν·
1645 2481 1715 2533 ὅτι

134 2564 183 2616 δὲ
220 2563 347 2629 ἦσαν
387 2564 727 2633 ἀφιλάλληλοί
762 2589 812 2617 τε
853 2568 930 2616 καὶ
968 2566 1364 2634 ἀφιλικτίρμονες,
1404 2562 1629 2630 ἄτεγκτοί
1662 2588 1711 2615 τε

134 2650 209 2700 καὶ
249 2646 539 2714 ἀτεράμονες,
585 2650 659 2699 καὶ
696 2647 778 2699 τὸν
823 2654 929 2699 νοῦν
971 2645 1334 2711 ἀπεσκληκότες,
1374 2645 1714 2711 ὑποσημήνειεν

185 2820 214 2843 1.
255 2809 356 2853 αὐτῆς
374 2809 453 2851 (sic)
474 2809 519 2842 D.
709 2819 742 2852 3.
770 2808 937 2852 συμβαίνῃ
959 2806 1003 2842 D.
1165 2818 1197 2853 5.
1222 2808 1299 2853 περὶ
1317 2815 1538 2854 assumptum
1557 2821 1597 2843 ex
1618 2809 1712 2844 B.1).

135 2855 168 2890 6.
194 2855 436 2890 δυσαλώτατον
453 2856 577 2899 ὑπάρχ,
597 2854 683 2898 οἶομ.
702 2856 760 2889 τὸν
777 2855 902 2898 ἷσραὴλ
920 2860 952 2888 et
969 2856 1013 2898 μὴ
1031 2866 1100 2889 orn.
1123 2854 1168 2888 D.
1402 2864 1432 2901 7.
1460 2856 1590 2900 νομίσει
1607 2855 1647 2890 ἂν
1665 2857 1710 2890 D.

136 2914 169 2947 9.
194 2901 492 2947 μεταγινώσκοιεν]
512 2903 773 2946 μεταγινώσκειν
791 2901 881 2935 Edd.
931 2902 984 2935 καὶ
1002 2908 1080 2946 post
1097 2916 1132 2935 τε
1150 2901 1230 2935 add.
1251 2901 1310 2936 iid.
1543 2915 1594 2937 12.
1621 2904 1713 2937 θείαν

136 2960 204 2982 om.
227 2949 271 2983 D.
321 2949 462 2983 ἕπεσθαι
481 2961 542 2993 pro
560 2948 702 2982 ἔσεσθαι
722 2949 767 2982 D.
899 2959 950 2992 13.
976 2948 1280 2994 προσαπαγγέλλει
1300 2949 1390 2983 Edd.
1517 2961 1571 2984 20.
1597 2951 1712 2993 ἐπενη-

136 2995 268 3041 νέχθαι]
288 2995 510 3040 ἁπενηνέχθιιι
528 2995 585 3029 iid.
605 3001 683 3030 ante
703 2995 834 3040 Migne.
891 2994 1016 3029 Statim
1034 2996 1210 3038 φάσκουσι
1232 2996 1275 3030 D.
1375 3007 1428 3030 22.
1457 2996 1614 3032 εἰώθασιν
1632 2998 1712 3037 (ἥς)

138 3042 182 3076 D.
234 3042 357 3077 Statim
377 3043 419 3079 ὡς
441 3043 484 3076 D.
504 3043 554 3076 καὶ
576 3042 664 3076 Edd.
857 3053 910 3085 25.
937 3043 1068 3085 πολλὴν
1085 3041 1143 3076 iid.

898 3111 971 3140 ΝΕ),
