2021 3434
90 214 114 254 i.
140 216 178 265 8,
201 230 239 269 9.
556 217 628 257 IN
669 217 902 258 OSEAM.
962 217 1111 258 TOM.
1145 216 1180 257 I.
1602 215 1653 254 35

89 327 174 392 μὲν
213 326 306 394 γὰρ
347 328 589 381 ἀσθενείας
627 329 655 392 ἡ
699 328 816 394 γυνὴ
858 330 933 379 καὶ
972 325 1268 397 φρονήματος
1310 324 1538 390 ἀνάνδρου
1583 327 1657 372 καὶ

91 408 411 473 κεκλασμένου
454 409 599 464 τύπος
648 409 707 461 ἂν
749 416 912 473 νοοῖτο,
951 413 1025 462 καὶ
1062 409 1195 474 μάλα
1233 412 1415 477 σαφῶς.
1491 404 1656 457 τοιοίδε
1676 424 1697 450 c

92 491 138 543 δὲ
162 491 342 553 πάντες,
370 491 475 542 ὅσοι
505 490 590 556 τὴν
623 491 698 542 διὰ
732 496 945 559 Χριστοῦ
968 491 1033 556 μὴ
1058 491 1374 560 παρεδέξαντο
1399 489 1658 549 παίδευσιν,

91 572 208 637 μήτε
249 572 342 637 μὴν
390 573 646 641 ἠνέσχοντο
687 573 882 625 κατόπιν
932 575 1043 625 ἰέναι
1093 579 1186 625 τῶν
1231 574 1364 625 θείων
1406 573 1545 622 αὐτοῦ
1584 571 1660 620 καὶ

51 671 72 710 5
94 657 241 722 ἁγίων
280 655 635 720 θεσπισμάτων.
701 659 775 707 καὶ
808 662 923 722 γοῦν
957 659 981 707 ὁ
1015 655 1260 723 προφήτης
1287 655 1444 719 Ὠσηέ
1471 653 1654 703 αἘπι-
1721 661 1821 736 {35³1

94 745 121 768 ‘⁶
146 738 400 807 στράφηθι,
446 741 608 808 φησὶν,
641 737 842 804 Ἰσραὴλ
891 737 1008 804 πρὸς
1051 738 1227 804 Κύριον
1264 737 1346 788 τὸν
1390 735 1513 788 Θεόν
1556 757 1660 797 σου,
1781 730 1787 736 ’
1828 728 1835 736 ’

94 826 122 849 “
148 819 261 871 διότι
304 821 570 886 ἠσθένησας
611 822 658 871 ἐν
692 825 791 874 ταῖς
831 821 1024 873 ἀδικίαις
1065 819 1202 870 σου·”
1262 821 1336 870 καὶ
1373 819 1520 871 πάλιν
1557 819 1663 883 περὶ

1030 900 1040 916 Ι

95 906 189 953 τῶν
208 908 289 953 τοῦ
310 905 526 968 Σωτῆρος
551 902 853 965 ἐνταλμάτων
877 903 901 952 ὁ
929 903 1065 957 αὐτος
1093 909 1119 931 “
1136 901 1272 952 Διότι
1297 902 1478 963 εὐθεῖαι,
1499 901 1661 968 φησὶν,
1724 915 1775 946 Ib.
1795 924 1825 955 9·

96 992 123 1013 “
150 989 196 1036 αὶ
228 986 324 1036 ὁδοὶ
354 989 436 1035 τοῦ
461 985 648 1050 Κυρίου,
676 986 750 1035 καὶ
785 985 948 1035 δίκαιοι
981 984 1293 1051 πορεύσονται
1327 986 1374 1034 ἐν
1405 985 1578 1036 αὐταῖς·
1623 986 1665 1032 οἱ

32 1086 77 1110 10
97 1073 124 1096 “
147 1066 195 1118 δὲ
227 1069 411 1127 ἀσεβεῖς
445 1068 795 1130 ἀσθενήσουσιν
826 1067 875 1117 ἐν
913 1065 1115 1120 αὐταῖς.”
1180 1073 1255 1117 καὶ
1282 1068 1306 1117 ὁ
1334 1065 1472 1119 αὐτὸς
1504 1064 1556 1117 δέ
1574 1087 1666 1116 που

96 1150 245 1216 φησὶν
269 1147 416 1213 Ὠσηὲ
453 1150 555 1215 περὶ
592 1153 686 1199 τῶν
724 1148 1044 1200 ἀπεκτονότων
1083 1147 1163 1199 τὸν
1196 1148 1425 1214 Ἰεσροῖελ,
1452 1148 1667 1199 τουτέστι
1685 1152 1711 1192 d

94 1229 307 1296 Χριστόν
346 1232 484 1282 “Καῖ
529 1230 925 1295 ταπεινωθήσεται
968 1231 996 1294 ἡ
1049 1232 1181 1298 ὕβρις
1231 1237 1313 1282 τοῦ
1356 1230 1559 1297 Ἰσραὴλ
1605 1234 1667 1284 εἷς
1730 1243 1780 1274 Ib-
1797 1252 1826 1273 v.
1848 1250 1877 1281 5-

95 1320 124 1342 “
147 1312 405 1380 πρόσωπον
439 1314 595 1364 αὐτοῦ·
639 1316 715 1364 καὶ
737 1312 939 1379 Ἰσραὴλ
971 1317 1045 1365 καὶ
1070 1313 1283 1383 Ἐφραὶμ
1316 1313 1670 1378 ἀσθενήσουσιν

95 1402 124 1424 ιι
159 1397 168 1411 ’
279 1400 299 1409 ’“
362 1397 372 1411 ’
460 1396 471 1412 ¹
606 1396 616 1410 ²
665 1400 684 1408 Α
737 1396 762 1411 ”

146 1419 194 1446 εν
219 1418 317 1449 ταις
346 1398 537 1449 αδικιαις
564 1419 731 1446 αυτων.

32 1581 76 1620 15
100 1569 173 1611 Καὶ
215 1569 527 1617 ἀΠεΓαλόικτισε
568 1571 644 1612 τὴν
689 1571 774 1612 Οὐκ
818 1572 1071 1622 ἐιλεΗμένΗν,
1111 1573 1179 1613 καὶ
1217 1574 1443 1621 συνέλαβεν
1487 1571 1560 1620 ἔτι,
1602 1570 1711 1611 καὶὸ

162 1654 305 1696 ἔτεκεν
338 1653 441 1697 υἱόν.
504 1655 577 1695 Καὶ
611 1651 704 1696 εἶπε
733 1656 918 1698 Κάλεσον
952 1656 999 1698 τό
1033 1656 1166 1705 ὄνομα
1203 1657 1329 1697 αὐτοῦ
1355 1655 1413 1696 Οὐ
1449 1655 1552 1696 λαός
1579 1669 1672 1703 μου,
1695 1670 1716 1705 9

163 1737 269 1779 ὃιότι
295 1736 412 1787 ὑμεῖς
439 1738 485 1780 οὐ
512 1740 615 1781 λαός
642 1754 733 1789 μου,
763 1740 830 1780 καὶ
855 1739 940 1787 ἐΓὼ
966 1740 1041 1781 οὐκ
1068 1738 1151 1788 εἰμί
1177 1740 1311 1788 ὑμῶν.

171 1853 388 1905 Τίκτεται
415 1853 534 1905 κατὰ
558 1854 706 1909 πόδας
732 1857 806 1906 καὶ
833 1856 915 1906 οὐκ
942 1860 1003 1909 εἷς
1029 1855 1213 1922 μακρὰν
1232 1859 1290 1923 τῇ
1312 1853 1465 1920 Γόμερ
1491 1852 1674 1904 παιδίον
1694 1871 1715 1897 e

98 1933 266 2002 ἕτερον,
317 1935 341 1988 ὃ
393 1939 486 1988 δεῖν
530 1938 620 2006 ε”φη
671 1942 920 1989 καλεῖσθαι
965 1938 1083 1991 Θεὸς
1135 1939 1210 1989 Οὐ
1261 1937 1375 1991 λαός
1418 1960 1522 1999 μου.
1599 1937 1674 1985 καὶ

32 2045 79 2070 20
98 2019 262 2084 γείτων
303 2019 435 2074 εὐθὺς
481 2023 539 2088 τῇ
589 2023 743 2089 τοιᾷδε
793 2020 964 2085 κλήσει
1011 2020 1185 2071 τίθεται
1225 2019 1373 2071 πάλιν
1410 2018 1671 2085 πρόφασις.

97 2103 245 2170 Ὑμεῖς
286 2102 392 2169 γὰρ,
435 2105 597 2170 φησὶν,
644 2107 687 2153 οὐ
731 2106 845 2157 λαός
889 2127 990 2171 μου,
1039 2108 1116 2154 καὶ
1162 2101 1251 2169 ἐγὼ
1293 2105 1367 2153 οὐκ
1409 2103 1497 2169 εἰμὶ
1542 2098 1673 2166 ὑμῶν.

99 2190 265 2251 Δῆλον
307 2187 344 2236 δ’
382 2183 439 2235 ἂν
483 2184 549 2248 ε’ίη
595 2186 682 2254 κᾴκ
730 2188 863 2236 τοῦδε
902 2183 1084 2248 λοιπὸν,
1130 2187 1191 2238 ὡς
1234 2188 1296 2238 εἰς
1346 2183 1543 2249 ἔλεγχον
1583 2183 1677 2230 τῶν

99 2266 444 2335 ἡμαρτηκότων,
472 2269 547 2318 καὶ
573 2270 633 2320 εἷς
659 2266 982 2334 ἐπανόρθωσιν
1013 2268 1216 2335 ἀσφαλῆ
1243 2270 1336 2316 τῶν
1368 2266 1677 2331 καταφρονεῖν

98 2351 339 2419 ᾑρημένων
382 2352 458 2400 καὶ
499 2353 561 2404 εἷς
603 2349 845 2413 πλάνησιν
889 2347 1262 2400 ἀπονενευκότων
1303 2346 1553 2413 ε’πράττετο
1594 2343 1679 2408 μὲν

34 2462 78 2499 25
101 2436 344 2498 ἱστορικῶς
387 2431 446 2482 τά
494 2430 662 2483 τοιάδε.
738 2432 874 2482 τύποι
913 2431 961 2482 δὲ
1005 2430 1131 2496 ἦσαν
1167 2434 1260 2480 τῶν
1298 2428 1679 2492 συμβησομένων

101 2513 221 2565 κατὰ
261 2513 445 2581 καιροὺς
494 2519 588 2567 τοῖς
632 2515 688 2583 ἐξ
725 2514 938 2580 Ἰσραὴλ,
985 2510 1432 2578 ἐνανθρωπήσαντος
1471 2511 1558 2575 ἤδη
1597 2515 1679 2560 τοῦ

103 2600 421 2661 Μονογενοῦς,
451 2598 526 2646 καὶ
560 2595 641 2646 τὸν
664 2597 815 2659 τίμιον
846 2595 959 2661 ὑπὲρ
984 2595 1115 2658 ἡμῶν
1142 2592 1430 2646 ἀνατλάντος
1457 2592 1678 2660 σταυρόν.
1699 2621 1721 2645 a
1753 2612 1808 2645 26
1832 2611 1883 2645 A.

102 2677 207 2729 εἰδὲ
235 2676 290 2741 δὴ
311 2676 401 2743 χρὴ
421 2675 512 2743 πρὸ
531 2682 624 2727 τῶν
649 2681 970 2741 πνευματικῶν
996 2675 1344 2744 ἀφηγήσασθαι
1368 2675 1426 2726 τὰ
1452 2675 1679 2743 ἱστορικὰ,

103 2759 272 2828 φαμὲν,
312 2758 382 2809 ὅτι
423 2758 794 2823 μετοικισθέντος
837 2764 920 2809 τοῦ
954 2756 1154 2823 Ἰσραὴλ
1194 2759 1243 2808 ἐκ
1281 2760 1362 2821 τῆς
1404 2759 1681 2824 Σαμαρείας,

37 2874 85 2910 30
104 2845 165 2896 εἰς
196 2841 255 2893 τὰ
294 2841 397 2908 ὅρια
425 2844 630 2907 Περσῶν
656 2842 731 2891 καὶ
757 2840 939 2905 Μήδων
964 2838 1054 2890 ὑπό
1089 2862 1138 2890 τε
1167 2845 1250 2890 τοῦ
1276 2840 1681 2910 Θεγλαφαλασάρ

156 2974 185 2998 Ι.
211 2963 385 2999 ἀσθενείας
403 2961 547 2998 accessit
564 2974 605 2996 ex
625 2961 666 2995 B.
870 2970 923 3006 17.
949 2960 1056 3007 ὑμῶν]
1081 2965 1117 3002 -f-
1138 2961 1213 2997 θεὸς
1231 2961 1269 2996 F.
1462 2974 1516 2997 20.
1544 2961 1680 3006 κλήσει]

106 3009 206 3045 λύσει
224 3010 315 3045 Edd.
505 3020 561 3054 30.
588 3009 663 3053 ὅρια
681 3008 722 3043 Β.
744 3007 923 3042 Edebatur
938 3007 1024 3053 ὅρια.
1074 3009 1138 3043 ὑπό
1155 3023 1191 3043 τε
1212 3008 1279 3043 Hic
1300 3009 1367 3043 inc.
1388 3009 1433 3043 D.

853 3076 921 3105 F2
