2021 3434
135 170 189 209 vi.
211 172 309 221 4—6.
601 173 673 213 IN
715 173 908 215 AMOS.
968 173 1119 214 TOM.
1165 173 1251 214 III.
1629 175 1710 212 485

134 275 401 336 βλέπεσθαι
439 282 531 328 τῶν
573 281 746 342 δεινῶν,
789 279 904 343 μήτε
953 278 1045 343 μὴν
1096 279 1276 330 οἴεσθαι
1325 278 1406 329 τὸν
1450 283 1542 330 τῶν
1588 277 1715 329 ὅλων

135 357 259 408 Θεὸν
292 364 387 413 τοῖς
421 361 540 411 οὕτω
579 361 874 423 διακειμένοις
919 360 1231 425 ἐπιθήγεσθαί
1267 384 1394 424 ποτε,
1434 363 1508 412 καὶ
1550 360 1715 414 ποινὰς

133 440 320 504 ἐπάγειν
362 447 456 495 τοῖς
507 442 942 510 φιλαμαρτήμοσιν.
1024 441 1256 509 ἐξηγεῖται
1307 443 1355 493 δὲ
1406 445 1611 509 ἀκριβῶς
1660 442 1714 493 τὸ

133 522 370 585 ἀνειμένον
419 525 571 575 αὐτῶν
615 527 689 575 καὶ
739 525 915 592 ἄφετον
958 529 1020 578 εἷς
1064 525 1258 593 τρυφάς.
1332 526 1482 576 κλῖναί
1527 548 1576 575 τε
1622 524 1714 590 γὰρ

90 603 286 663 5αὐτοῖς
324 605 382 674 ἐξ
418 605 678 674 ἐλέφαντος,
714 607 877 674 φησὶν,
914 610 960 656 αἱ
997 611 1272 661 πολυτελεῖς
1306 630 1354 657 τε
1393 609 1468 657 καὶ
1506 609 1715 669 μαλακαὶ

130 684 216 748 μὲν
250 688 387 749 εὐναὶ,
415 686 472 738 τὰ
506 687 554 738 δὲ
589 688 828 739 ἀπόλεκτα
862 692 956 739 τῶν
991 690 1164 751 ἀμνῶν,
1191 690 1358 756 μόσχοι
1393 712 1441 739 τε
1475 687 1714 740 ὑπότιτθοι

131 765 190 817 τὰ
228 769 440 832 ἐδώδιμα,
479 770 598 839 ᾠδαί
632 793 682 820 τε
726 772 802 821 καὶ
845 770 982 833 με’λη,
1030 772 1106 819 καὶ
1146 769 1301 821 πάντα
1339 770 1399 820 τὰ
1438 771 1492 819 δι’
1531 770 1714 838 ὀργάνων

131 851 467 902 συνεισθεόντα
500 856 600 904 ταῖς
632 855 845 920 τρυφαῖς,
872 852 1022 914 κῶμοί
1052 874 1101 901 τε
1140 854 1215 901 καὶ
1257 854 1414 920 κρότοι,
1445 853 1520 901 καὶ
1558 851 1612 902 τὸ
1648 852 1714 902 ἔτι

131 933 486 999 φορτικώτερον,
533 933 603 984 ὅτι
650 933 709 984 τὰ
756 932 908 984 τοιάδε
952 937 1046 984 τῶν
1091 937 1246 983 κακῶν
1291 936 1348 987 ὡς
1394 932 1568 984 ἑστῶτα
1608 934 1707 984 ἐλο-
1731 961 1752 985 a
1783 953 1860 987 316
1882 951 1934 986 A.

65 1035 112 1060 10
130 1016 315 1079 γίσοιντο
346 1018 420 1066 nor.)
450 1019 531 1079 οὐχ
556 1018 613 1071 ὡς
639 1014 876 1084 φεύγοντα.
942 1013 1149 1065 καθόλου
1183 1014 1267 1077 μὲν
1304 1014 1397 1080 γὰρ
1427 1014 1715 1081 παρίπταται

129 1095 189 1145 τὰ
213 1096 376 1159 τοιάδε,
404 1099 479 1148 καὶ
505 1095 659 1162 ἀπάτη
686 1096 887 1161 κοσμικὴ
923 1095 976 1147 τὸ
1010 1096 1250 1164 ἱδρυμένον
1277 1098 1359 1147 οὐκ
1385 1096 1490 1164 ἔχει.
1554 1097 1715 1148 λύεται

752 1181 766 1197 X

129 1175 222 1243 γὰρ
266 1179 313 1228 ἐν
353 1178 444 1249 ἴσῳ
482 1184 649 1242 σκιαῖς,
692 1202 768 1230 και
810 1186 836 1209 “
853 1178 1053 1245 παράγει
1099 1177 1153 1230 τὸ
1198 1182 1366 1246 σχῆμα
1403 1184 1486 1229 τοῦ
1528 1177 1714 1242 κόσμου
1779 1186 1789 1205 ¹
1812 1176 1884 1207 0⁰*

1775 1230 1828 1250 vn.
1849 1228 1901 1259 31.

130 1266 157 1288 ‘⁶
181 1260 393 1321 τούτου,”
421 1260 541 1312 κατὰ
575 1260 628 1312 τὸ
654 1261 997 1326 γεγραμμένον·
1051 1262 1409 1327 συγκαταλήγει
1444 1260 1492 1311 δὲ
1525 1259 1715 1315 πάντως

128 1347 223 1396 τοῖς
261 1346 512 1394 τεθνεῶσιν
549 1343 577 1407 ἡ
611 1343 784 1411 τρυφή.
851 1344 924 1394 ἐπὶ
960 1343 1016 1393 δέ
1046 1366 1100 1409 γε
1139 1347 1231 1393 τῶν
1271 1345 1318 1394 ἐν
1358 1343 1600 1411 Σαμαρείᾳ
1638 1345 1715 1394 καὶ

62 1445 108 1484 15
128 1426 234 1476 καθ’
262 1425 417 1492 ἕτερον
452 1423 509 1476 ἂν
541 1430 691 1476 νοοῖτο
725 1425 901 1492 τρόπον
924 1429 1018 1476 τῶν
1044 1425 1294 1492 εἰρημένων
1321 1426 1345 1475 ὁ
1374 1431 1492 1479 νοῦς.
1558 1424 1713 1488 ἐπειδὴ

126 1506 220 1574 γὰρ
254 1507 455 1571 ἔμελλον
493 1507 786 1570 ἁλώσεσθαι,
825 1509 900 1558 καὶ
941 1508 1023 1558 οὐκ
1063 1511 1124 1561 εἰς
1165 1507 1362 1574 μακρὰν,
1402 1507 1626 1577 φεύγοντά
1663 1530 1713 1558 τε

126 1591 202 1640 καὶ
229 1593 308 1653 οὐχ
332 1590 504 1642 ἑστῶτα
528 1591 653 1656 λέγει
686 1589 745 1640 τὰ
777 1594 839 1643 εἰς
873 1588 1058 1656 τρυφὴν
1085 1590 1239 1643 αὐτοῖς
1265 1589 1492 1659 ἐξιτήλως
1517 1590 1712 1658 ἐξηυρη-
1730 1596 1756 1637 b

126 1675 253 1739 μένα,
272 1678 333 1730 ὡς
354 1675 470 1726 ὅσον
486 1675 665 1727 οὐδέπω
680 1674 1080 1741 παρελευσόμενα.
1121 1676 1399 1744 ἐπικροτοῦσι
1427 1674 1482 1739 δὴ
1510 1676 1591 1725 οὖν
1617 1679 1713 1729 τοῖς

128 1757 337 1828 ὀργάνοις,
365 1757 459 1810 οἶνον
498 1760 683 1813 πίνοντες
718 1757 840 1825 τάχα
877 1781 969 1809 που
1003 1755 1086 1808 τὸν
1120 1758 1400 1821 ἀνθοσμίαν,
1427 1759 1503 1808 καὶ
1530 1761 1715 1810 λεπτῶς

60 1841 176 1891 εοεῧ
200 1841 334 1905 μάλα
365 1837 642 1908 ὃιυλιο-μένον·
683 1841 1010 1909 καταχρίονται
1045 1839 1092 1891 δὲ
1130 1842 1205 1890 καὶ
1243 1840 1379 1909 μύρῳ,
1419 1838 1713 1892 συντιθέντες

126 1921 185 1973 τὰ
228 1922 451 1991 ἐξαίρετα,
494 1924 569 1973 καὶ
619 1921 766 1989 λόγον
811 1922 974 1972 οὐδένα
1017 1922 1292 1985 πεποίηνται
1334 1926 1580 1975 παντελῶς
1629 1927 1713 1973 τοῦ

128 2005 444 2074 συντρίβεσθαι
487 2002 684 2068 με’λλειν
725 2003 807 2055 τὸν
851 2005 1034 2073 Ἰωσήφ.
1107 2006 1168 2058 ὡς
1215 2003 1309 2070 γὰρ
1359 2004 1479 2073 ε”φην
1530 2004 1712 2070 ἀρτίως,

126 2086 274 2138 καίτοι
316 2085 659 2152 προεγνωκότες
705 2085 790 2150 τὴν
834 2085 951 2137 ὅσον
992 2085 1171 2136 οὐδέπω
1219 2085 1547 2152 παρεσομένην
1590 2108 1714 2148 συμ-

127 2170 294 2239 φορὰν,
340 2173 415 2222 καὶ
461 2173 544 2234 τῆς
593 2171 854 2237 Σαμαρείας
898 2168 983 2234 τὴν
1028 2168 1226 2232 ἅλωσιν,
1278 2172 1353 2221 καὶ
1395 2169 1480 2234 τὴν
1522 2175 1618 2224 τοῖς
1660 2169 1718 2239 ἐξ

59 2252 291 2323 25Ἰωσ-ἢφ
329 2252 647 2319 γενησομένην
685 2250 914 2323 συντριβῆν,
957 2254 1039 2316 τῆς
1079 2253 1232 2306 αὐτοῖς
1270 2251 1621 2316 κατειθισμένης
1656 2253 1710 2302 οὐ

126 2334 423 2400 κατημέλουν
459 2337 652 2403 τρυφῆς.

201 2417 458 2469 Πάνδεινον
483 2418 564 2468 οὖν
590 2418 652 2470 ὡς
678 2417 866 2480 ἀληθῶς
891 2415 945 2466 τὸ
973 2418 1243 2479 σωματικῆς
1270 2416 1505 2480 ἡττᾶσθαι
1527 2419 1710 2485 τρυφῆς
1727 2434 1749 2460 0

173 2568 206 2598 4.
232 2555 348 2589 ἄνετον
365 2554 457 2589 Edd.
744 2562 777 2596 5.
803 2568 839 2587 τε
857 2560 1077 2598 assumptum
1097 2565 1137 2587 ex
1156 2554 1199 2588 A.
1252 2553 1377 2587 Statim
1396 2554 1449 2587 καὶ
1466 2554 1559 2597 μάλα
1576 2554 1629 2587 καὶ
1646 2565 1711 2598 pro

127 2603 180 2636 καὶ
195 2603 344 2646 μαλακαὶ
361 2601 452 2636 Edd.
644 2602 677 2634 6.
701 2599 779 2644 μὲν]
798 2600 863 2644 μὴν
879 2601 1026 2635 correxit
1048 2600 1183 2645 Migne,
1201 2601 1261 2642 μὲν
1279 2601 1369 2634 εὐναὶ
1388 2612 1457 2634 om.
1477 2601 1519 2634 A.
1540 2600 1647 2634 invito
1670 2600 1710 2635 B.

127 2650 284 2683 ἐπίλεκτα
302 2648 394 2683 Edd.
443 2646 616 2682 ὑπότιτθοι
635 2646 677 2681 Β.
695 2647 880 2681 ὗποτίτθιοι
901 2647 942 2681 Α.
960 2647 1123 2681 ε’πίτιτθοι
1142 2646 1234 2681 Edd.
1469 2647 1502 2681 8.
1529 2649 1647 2691 κρότος
1665 2648 1709 2681 A.

125 2696 366 2740 ἐπιφορτικὼτ.
386 2706 448 2739 pro
466 2695 514 2727 ἔτι
531 2697 635 2739 φορτ.
656 2694 700 2727 A.
891 2704 945 2727 10.
972 2693 1173 2737 περίπταται
1191 2694 1234 2727 Α.
1428 2704 1481 2727 11.
1510 2696 1647 2728 τοιαῦτα
1664 2694 1708 2728 Α.

130 2754 183 2787 13.
209 2741 418 2787 γεγραφέναι
437 2740 525 2785 (Sic)
547 2739 638 2773 Edd.
796 2748 847 2784 17.
874 2739 1079 2784 ἐξηυρημένα
1096 2740 1139 2773 A.
1159 2740 1267 2784 ἐξευρ.
1288 2739 1380 2774 Edd.
1536 2741 1589 2774 18.
1617 2743 1709 2774 οὔπω

125 2789 186 2822 iid.
205 2789 321 2822 invitis
339 2788 430 2821 A.B.
498 2787 623 2821 Statim
640 2788 855 2831 παρεσόμενα
872 2788 915 2820 Α.
976 2787 1012 2820 δέ
1037 2798 1098 2831 pro
1121 2787 1161 2829 δὴ
1180 2786 1238 2821 οὖν
1255 2787 1299 2821 A.
1446 2798 1497 2831 19.
1523 2787 1710 2831 ἀντοσμίαν

126 2835 320 2869 Aubertus.
910 2843 964 2867 22.
991 2834 1034 2868 ὡς
1050 2834 1116 2878 γὰρ
1133 2834 1220 2877 ἔφην
1236 2833 1357 2879 ἀρτίως
1375 2833 1499 2879 καίτοι]
1519 2834 1625 2868 καίτοι
1642 2834 1708 2879 γὰρ

126 2881 220 2916 Edd.
498 2892 552 2925 23.
578 2881 832 2926 προεγνωκότας
849 2880 892 2914 Α.
943 2882 1035 2914 οὔπω
1053 2879 1145 2914 Edd.
1439 2891 1495 2923 24.
1521 2882 1591 2916 τοῖς
1608 2881 1645 2924 ἐξ
1664 2881 1708 2915 Β.

126 2928 164 2972 ἐξ
182 2929 226 2962 A.
245 2928 279 2962 ἐν
296 2929 341 2973 τῷ
362 2927 453 2962 Edd.
683 2937 737 2972 25.
765 2926 942 2972 γενομένην
960 2926 1003 2961 Α.
1054 2926 1153 2970 αὐτῆς
1172 2927 1214 2960 A.
1432 2938 1487 2973 27.
1513 2927 1558 2963 ὡς
1574 2939 1644 2963 om.
1663 2928 1707 2962 A.

127 2974 291 3020 ἡττῆσθαι
311 2973 401 3009 Edd.
