2021 3434
136 201 191 244 ix.
219 216 282 258 15.
592 212 667 253 ΙΝ
707 214 944 258 OSEAM.
1013 218 1161 261 TOM.
1200 221 1252 262 V.
1631 225 1711 266 201

134 313 199 377 μὴ
234 317 640 386 ἀνατρεφέτωσαν,
673 326 899 390 τουτέστι,
931 329 1320 382 δαπανάσθωσαν
1349 331 1442 400 πρὸ
1477 331 1611 400 ὥρας,
1638 338 1714 386 καὶ

133 398 244 460 πρὶν
269 403 331 453 εἱς
356 400 478 467 ἥβην
502 405 666 469 ἐλθεῖν,
693 409 900 460 πιπτέτω
925 409 978 461 τὸ
1005 411 1149 477 γένος.
1205 416 1591 482 περιτεμνομένης
1620 416 1713 484 γὰρ

133 479 254 530 οὕτω
297 485 378 546 τῆς
420 484 616 551 ἐνούσης
659 490 812 544 αὐτοῖς
855 494 1062 544 ἐντεῦθεν
1105 496 1380 565 ὑπεροψίας,
1425 501 1500 549 καὶ
1543 499 1713 551 λοιπὸν

133 561 419 629 ἀνῃρημένης
446 570 527 631 τῆς
560 571 633 621 ἐπὶ
667 575 734 641 τῷ
767 573 938 638 πλήθει
969 580 1063 627 τῶν
1096 579 1374 646 μαχομένων
1400 580 1600 644 ἐλπίδος,
1626 581 1711 647 τὴν
1730 609 1751 633 a
1781 600 1863 634 140
1878 599 1930 634 A.

90 654 112 692 5
132 641 226 706 σὴν
275 646 648 713 ὑποδραμοῦνται
694 655 852 721 φειδὼ,
892 657 972 707 καί
1009 681 1068 708 σε
1106 663 1306 727 Σωτῆρα
1347 664 1421 712 καὶ
1467 664 1711 730 λυτρωτὴν

130 724 489 795 ἐπιγράψονται.
546 734 594 784 ἐκ
627 736 869 802 φιλοθείας
899 738 948 790 δὲ
982 739 1042 789 τὰ
1075 741 1228 792 τοιάδε
1262 744 1338 793 καὶ
1366 748 1448 794 νῦν
1474 745 1498 794 ὁ
1523 745 1709 815 προφή-

128 828 211 870 της
243 811 408 876 φησίν.
471 815 519 864 ἐν
552 817 705 886 τάυτῲ
739 818 787 869 δὲ
821 818 946 884 ζητεῖ
971 823 1046 872 καὶ
1078 829 1161 874 τοῦ
1193 825 1309 874 ἰδίου
1339 826 1593 878 Δεσπότου
1624 826 1709 891 τὴν

127 888 285 958 δόξαν,
331 895 406 944 καὶ
449 900 543 946 τῶν
585 898 642 966 ἐξ
681 899 875 963 αἵματος
917 903 1118 970 Ἰσραὴλ
1161 904 1246 970 τὴν
1296 908 1358 960 ὡς
1406 907 1463 976 ἐξ
1502 908 1707 975 ἀνάγκης

126 972 434 1044 ἐπιστροφὴν,
479 982 516 1028 εὶ
559 978 625 1044 μὴ
669 983 983 1049 προαιρέσεως
1028 987 1208 1052 ἀγαθῆς
1253 989 1415 1057 ε”χουσι
1457 988 1511 1041 τὸ
1549 995 1708 1058 χρῆμα

60 1069 108 1096 10
125 1055 317 1121 καρπόν.

197 1140 460 1193 Ἀτεκνοῧσ-οι
489 1142 538 1194 δὲ
566 1147 710 1216 μήτρα
742 1150 817 1199 καὶ
850 1148 1014 1217 μασθαι
1051 1151 1158 1222 ξηροὶ
1190 1153 1411 1219 πρέποιεν
1440 1153 1498 1206 ἂν
1529 1161 1704 1221 νοητῶς

124 1221 199 1270 καὶ
246 1226 341 1276 τοῖς
391 1228 484 1275 τῶν
529 1227 726 1295 φαύλων
770 1230 996 1297 ἐργάταις,
1041 1236 1117 1285 καὶ
1160 1238 1301 1286 παντὶ
1344 1241 1586 1289 πλανῶντι
1627 1241 1703 1290 καὶ
1722 1247 1747 1287 b

123 1302 405 1371 ἀποφεροντι
444 1310 526 1372 τῆς
565 1311 740 1366 εὐθείας
778 1314 887 1364 ὀδοῦ
921 1313 1028 1370 τοὺς
1072 1317 1347 1383 ὀρθοποδεῖν
1386 1318 1616 1383 εἰωθότας,
1655 1323 1703 1372 ἐν

121 1384 277 1436 πίστει
312 1386 368 1452 δὴ
407 1389 546 1456 λέγω,
575 1395 687 1444 ζ(καὶ
725 1396 1089 1452 κατευθύνοντας
1121 1401 1169 1450 ἐν
1202 1405 1302 1454 ταῖς
1341 1402 1463 1455 ὁδοῖς
1502 1403 1699 1454 αὐτῶν.”
1762 1412 1862 1486 iPXmIVJ

56 1479 101 1518 Ῑ5
121 1466 252 1518 οὐδὲν
288 1468 380 1537 γὰρ
414 1473 566 1528 αὐτοῖς
603 1477 851 1543 τικτούσης
885 1482 966 1543 τῆς
999 1483 1213 1545 διανοίας,
1253 1484 1307 1534 οὐ
1344 1482 1493 1550 λόγον
1530 1488 1698 1554 ψευδῆ,
1799 1479 1806 1486 ’
1845 1476 1874 1497 ὓ·

120 1550 174 1600 οὐ
214 1551 430 1618 θεώρημα
474 1554 626 1620 νόθον,
672 1560 769 1611 οὐδ’
808 1559 865 1612 ἂν
908 1563 1183 1632 ἐκθρέψειαν
1220 1567 1268 1616 ἐν
1313 1566 1473 1635 πλάνῃ
1511 1567 1569 1618 τὰ
1608 1569 1697 1619 ’ίδια

118 1633 266 1695 τέκνα,
318 1634 378 1685 τὰ
427 1637 544 1689 κατὰ
595 1640 804 1706 μάθησιν
853 1643 991 1710 λέγω,
1035 1649 1109 1697 καὶ
1157 1645 1297 1718 impe&
1347 1648 1542 1716 ἔχουσαι
1592 1650 1699 1704 τοὺς

117 1713 315 1781 μασθοῖις
353 1721 400 1769 αἱ
437 1724 531 1772 τῶν
561 1725 940 1790 πονηρευομένων
977 1729 1235 1793 ἐκκλησίαι,
1274 1731 1356 1781 οὐκ
1396 1730 1452 1782 ἂν
1490 1731 1697 1796 γένοιντο

118 1797 308 1863 μητέρες
344 1804 437 1851 τῶν
474 1803 794 1870 ἠπατημένων.

49 2001 99 2027 20
117 1993 257 2036 Πᾶσαι
294 1994 336 2037 αἱ
374 1997 514 2040 κακίαι
551 2001 692 2043 αὐτῶν
723 2001 783 2045 εἷς
813 2003 990 2056 ΓαλΓὰΛ,
1018 2007 1082 2048 ὅτι
1111 2004 1198 2048 ἐκεῖ
1233 2008 1386 2050 αὐτοὺς
1417 2009 1596 2058 ὲμίσΗσα
1624 2011 1691 2053 διὰ
1716 2023 1761 2061 15

181 2077 257 2119 τὰς
301 2080 448 2122 κακίας
487 2083 572 2125 τῶν
616 2085 964 2136 ὲΠιτΗὸευμάτων
1013 2090 1169 2132 αὐτῶν·
1246 2092 1292 2133 ἐκ
1331 2095 1404 2134 τοῦ
1444 2091 1563 2135 οἴκου
1610 2110 1730 2144 noue

181 2160 351 2211 ἐκβαλῶ
386 2164 550 2218 αὐτοὺς,
594 2168 642 2209 οὐ
677 2169 733 2218 μή
773 2173 1006 2228 Προσθύσω
1042 2176 1115 2214 τοῦ
1150 2174 1365 2222 ἀΓαΠῆσαι
1403 2176 1568 2218 αὐτούς.

177 2259 405 2331 ’Άρχεται
438 2266 585 2319 πάλιν
618 2272 643 2321 ὁ
677 2275 770 2322 τῶν
809 2272 935 2324 ὅλων
968 2275 1087 2329 Θεὸς
1124 2278 1490 2344 ἀπαριθμεῖσθαι
1520 2279 1578 2330 τὰ
1613 2282 1689 2346 ε’γ-

112 2341 344 2409 κλήματα,
386 2350 461 2398 καὶ
509 2352 808 2418 διαμέμνηται
850 2357 932 2420 τῆς
984 2357 1204 2424 Γαλγάλ.
1281 2359 1420 2414 πόλις
1465 2360 1513 2412 δὲ
1556 2364 1686 2428 αὕτη,

45 2434 92 2472 25
110 2426 216 2476 καθ’
262 2425 319 2490 ἢν
359 2428 429 2480 ὅτι
471 2431 686 2494 μάλιστα
729 2439 884 2491 δεινῶς
923 2440 998 2489 καὶ
1041 2439 1246 2494 ἐκτόπως
1284 2442 1588 2506 ἐθρησκεύετο
1627 2445 1686 2496 τὰ

109 2506 405 2574 χειρόκμητα.
472 2513 574 2565 ε”στι
605 2515 653 2567 δὲ
687 2517 712 2568 ὅ
747 2523 870 2585 φησι
901 2522 1131 2573 τοιουτονί
1159 2545 1204 2573 τι
1236 2523 1396 2576 πάλιν.
1462 2530 1685 2594 βδελυροὶ

108 2590 192 2653 μὲν
230 2591 323 2660 γὰρ
361 2595 480 2647 κατὰ
509 2600 720 2654 πολλοὺς
750 2601 950 2669 τρόπους
988 2608 1029 2655 οὶ
1068 2605 1124 2674 ἐξ
1151 2606 1370 2674 Ἰσραήλ·
1422 2609 1510 2661 ’ίδοι
1547 2612 1585 2662 δ’
1626 2611 1685 2662 ἄν

158 2742 187 2765 1.
213 2731 393 2778 ἀνατρέφει
411 2748 476 2768 σαν
492 2746 553 2779 per
568 2747 725 2770 rasuram
742 2743 774 2771 et
793 2745 876 2774 cast.
893 2739 937 2774 D.
986 2742 1071 2785 πρὸς
1088 2754 1150 2786 pro
1167 2744 1233 2787 πρὸ
1251 2744 1442 2780 Aubertus.
1537 2756 1571 2792 5.
1596 2748 1679 2783 ὑπο-

107 2778 579 2825 δραμοῦντα-ἐπιγράψοντα
597 2783 676 2826 (sio)
695 2784 742 2819 D.
922 2798 974 2820 ΙΙ.
999 2789 1127 2831 μασθοὶ
1145 2789 1191 2823 D.
1209 2793 1334 2834 μαστοὶ
1353 2792 1444 2828 Edd.
1465 2793 1521 2828 Sic
1539 2807 1679 2842 quoque

107 2825 241 2859 correxi
259 2837 327 2860 ver.
346 2828 398 2861 18.
416 2828 506 2861 infra
522 2840 563 2862 ex
581 2829 628 2863 D.
772 2842 827 2866 20.
854 2833 900 2868 εἷς
917 2835 1055 2878 Γαλγὰλ
1075 2835 1119 2869 D.
1140 2836 1280 2883 (Alex.)
1300 2839 1342 2872 cf.
1366 2840 1429 2884 176
1447 2852 1477 2874 a.
1495 2841 1596 2876 infra.
1631 2844 1678 2879 εἷς

106 2872 264 2917 γάλγαλα
277 2872 318 2906 Β.
331 2873 389 2919 (49
401 2875 460 2918 al.)
474 2875 508 2908 ἐν
525 2876 661 2920 γαλγὰλ
676 2877 767 2912 Edd.
780 2879 893 2923 (Vat.)
942 2880 1009 2914 ἐκεῖ
1024 2882 1143 2918 αὐτοὺς
1160 2884 1309 2927 ἐμίσησα
1324 2885 1364 2919 Β.
1378 2886 1498 2932 (Alex.
1514 2888 1620 2934 XII.)
1634 2891 1676 2924 ef.

105 2918 195 2952 infra
211 2921 287 2963 176.
331 2921 450 2957 αὐτοὺς
467 2921 534 2956 ἐκεῖ
551 2922 699 2967 ἐμίσησα
718 2925 764 2959 D.
778 2926 898 2962 αὐτοὺς
914 2934 994 2972 post
1011 2928 1161 2973 ἐμίσησα
1174 2936 1217 2965 tr.
1232 2931 1324 2966 Edd.
1338 2932 1457 2979 (Vat.)
1544 2947 1599 2970 21.
1619 2938 1676 2971 αὐ-

105 2968 171 2998 τῶν
189 2965 284 2999 deest
301 2966 335 3000 in
355 2967 446 3001 Edd.
699 2982 754 3007 22.
779 2975 839 3007 τοῦ
857 2973 953 3008 deest
969 2975 1005 3009 in
1024 2975 1115 3011 Edd.
1370 2980 1424 3016 26.
1450 2984 1616 3018 τοιουτονί
1633 2984 1675 3019 Β,

104 3014 256 3047 τοιοῦτον
274 3013 319 3047 D.
341 3013 431 3049 Edd.

165 3083 255 3113 voL.
279 3086 306 3111 1.
844 3092 869 3118 D
892 3079 918 3120 d
