2021 3434
0 2632 7 2864 ἕ

73 213 98 254 i.
127 226 161 263 1,
186 227 223 256 2.
695 215 769 256 IN
812 215 1051 256 IONAM.
1573 211 1654 251 567

74 322 325 392 διαθρέψαι
365 330 485 388 νοῦν,
511 327 584 376 καὶ
620 328 868 377 ἀναπεῖσαι
902 329 1066 389 μαθεῖν
1098 323 1157 375 τὰ
1192 324 1244 374 δι’
1280 320 1344 373 ὧν
1383 319 1438 372 ἂν
1476 319 1705 385 γε’νοιτοᾰ

74 404 244 472 σοφός.
312 406 492 475 ἄκουσῃ
533 406 580 458 δὲ
624 407 843 474 λέγοντος
883 406 1001 472 πρὸς
1038 404 1275 471 Ἱερεμίαν,
1313 402 1426 455 ποτὲ
1465 401 1548 466 μὲν
1587 400 1658 451 ὅτι

77 493 104 516 “
129 485 251 537 Ἰδοὺ
276 488 452 539 δέδωκα
486 487 592 542 τοὺς
627 488 800 555 λόγους
833 512 925 551 μου
958 492 1020 541 εἷς
1054 487 1108 538 τὸ
1144 487 1302 549 στόμα
1327 509 1418 536 σου
1443 491 1554 551 πῦρ,
1583 485 1658 533 καὶ

78 574 104 597 “
129 567 212 618 τὸν
256 568 376 620 λαὸν
416 577 581 622 τοῦτον
624 572 762 640 ξύλα,
802 573 876 621 καὶ
917 569 1237 638 καταφάγεται
1283 568 1489 621 αὐτούς“”
1545 564 1658 619 ποτὲ

191 651 210 671 5*

36 662 58 700 5
78 649 127 701 δὲ
152 674 210 700 αυ
236 658 263 680 “
284 653 408 720 Οὐχὶ
436 656 477 703 οἱ
502 653 638 718 λόγοι
665 677 755 716 μου
780 651 942 719 ὥσπερ
974 658 1069 717 πῦρ
1095 651 1290 718 φλέγον,
1318 651 1442 713 λέγει
1473 648 1659 715 Κύριος,

79 742 106 765 “
132 737 206 785 καὶ
245 738 306 789 ὡς
343 738 540 791 πέλεκυς
575 737 762 789 κόπτων
795 738 970 803 πέτραν
989 738 1026 796 ;”
1079 737 1308 798 ἐπέμπετο
1344 734 1399 798 δὴ
1433 734 1513 784 οὖν
1543 731 1662 799 πρὸς

80 819 324 872 Νινευίτας
358 821 411 870 οὐ
445 819 597 883 μάτην
624 821 648 870 ὁ
675 819 926 871 θεσπέσιος
950 820 1124 880 Ἰωνᾶς,
1150 816 1259 867 ἀλλ’
1288 817 1363 867 ἵνα
1386 839 1454 869 τις
1479 815 1661 881 γένοιτο

78 899 408 970 προαπόδειξις
440 904 521 965 τῆς
556 901 752 965 ἐνούσης
785 900 1067 966 ἡμερότητος
1104 903 1170 968 τῷ
1197 902 1320 967 Θεῷ,
1347 900 1421 948 καὶ
1456 899 1661 960 δοθησο-

79 983 218 1046 μένης
259 983 377 1034 κατὰ
415 983 600 1050 καιροὺς
641 987 714 1034 καὶ
757 984 910 1036 αὐτοῖς
949 987 1044 1035 τοῖς
1082 981 1138 1049 ἐξ
1174 980 1374 1042 ἀμαθίας
1412 986 1662 1042 πεπλανη-

16 1087 63 1112 10
81 1063 246 1128 μένοις.
308 1066 423 1128 ὁμοῦ
450 1065 497 1117 δὲ
524 1068 598 1116 καὶ
634 1069 696 1118 εἷς
727 1063 1004 1130 κατάκρισιν
1035 1067 1100 1132 τῷ
1125 1061 1328 1128 Ἰσραὴλ
1352 1061 1405 1112 τὸ
1432 1060 1668 1127 δρώμενον
1687 1081 1708 1107 e

81 1147 153 1212 ἧν·
206 1146 430 1214 ἠλέγχετο
472 1147 565 1214 γὰρ
610 1149 671 1199 ὡς
712 1145 1008 1212 δυσάγωγος,
1053 1148 1115 1197 ὡς
1157 1144 1368 1207 ἀπειθὴς,
1418 1145 1480 1196 ὡς
1528 1142 1671 1207 ὀλίγα

81 1229 402 1298 πεφροντικὼς
436 1234 530 1281 τῶν
564 1235 647 1280 τοῦ
675 1232 799 1279 Θεοῦ
836 1227 1004 1292 νόμων.
1072 1231 1309 1278 Νινευῖται
1344 1225 1427 1289 μὲν
1451 1224 1543 1291 γὰρ
1570 1222 1671 1276 ἑνὸς

82 1311 330 1379 προφήτου
365 1311 729 1379 διακηρύξαντος
763 1312 996 1374 ἀμελλητὶ
1030 1306 1442 1373 μεταπλάττονται
1467 1304 1586 1372 πρὸς
1616 1304 1671 1356 τὸ

84 1397 177 1445 δεῖν
200 1393 392 1445 ἑλέσθαι
417 1398 671 1457 μετανοεῖν,
699 1393 846 1443 καίτοι
870 1393 1105 1456 πλείστην
1130 1391 1252 1455 ὅσην
1278 1388 1673 1457 κατηῤῥωστηκό-

18 1490 65 1529 15
84 1500 157 1530 τες
197 1475 282 1540 τὴν
326 1475 587 1540 πλάνησιν·
629 1479 671 1526 οὶ
705 1474 753 1526 δὲ
794 1474 1040 1528 Μωυσέως
1079 1476 1154 1524 καὶ
1191 1476 1452 1541 προφητῶν
1487 1469 1666 1535 ἀλογή-

84 1582 267 1621 σαντες,
295 1562 367 1609 καὶ
408 1558 548 1608 αὐτοῦ
587 1556 1034 1626 καταπεφρονήκασι
1065 1562 1147 1607 τοῦ
1185 1555 1375 1607 πάντων
1408 1554 1539 1618 ἡμῶν
1566 1556 1670 1603 Σω-

85 1644 224 1707 τῆρος
248 1644 478 1706 Χριστοῦ,
507 1639 652 1690 καίτοι
689 1643 786 1692 ταῖς
823 1639 1149 1692 διδασκαλίαις
1174 1636 1563 1704 προσεπάγοντος
1589 1633 1672 1688 τὰς

85 1724 426 1789 τερατουργίας,
453 1721 507 1773 δι’
535 1720 598 1773 ὧν
624 1721 682 1786 ἧν
709 1721 826 1776 εἰκὸς
851 1722 1199 1782 ἀναπείθεσθαι,
1226 1723 1299 1770 καὶ
1331 1719 1464 1783 μάλα
1489 1717 1670 1786 ῥᾳδίως,

1721 493 1814 523 Hier.
1831 503 1861 523 v.

1725 547 1772 574 14·

1722 655 1773 686 Ib.
1788 654 1880 685 xxiii.

1725 709 1776 740 29.

87 1806 158 1856 ὅτι
185 1805 306 1858 Θεὸς
341 1803 407 1855 ὧν
444 1806 599 1873 φύσει,
629 1804 820 1870 γέγονεν
856 1804 1115 1869 ἄνθρωπος,
1145 1801 1338 1853 ἅπασαν
1369 1800 1452 1863 μὲν
1483 1799 1668 1850 ἀνασώ-
1688 1825 1710 1849 a
1735 1816 1821 1850 369
1840 1816 1891 1850 A.

21 1908 69 1934 20
88 1910 190 1938 σων
214 1887 299 1951 τὴν
324 1888 397 1938 ὑπ’
425 1887 634 1953 οὐρανὸν,
660 1887 753 1953 πρὸ
778 1886 834 1937 δέ
851 1910 903 1952 γε
929 1890 1023 1936 τῶν
1049 1885 1214 1935 ἄλλων
1238 1882 1459 1935 ἁπάντων
1485 1881 1667 1935 αὐτούς.

89 1969 159 2020 ὅτι
184 1969 231 2020 δὲ
257 1968 310 2020 τὸ
338 1972 497 2036 χρῆμα
521 1975 616 2022 τοῖς
642 1969 698 2038 ἐξ
719 1968 921 2035 Ἰσραὴλ
953 1972 1014 2021 εἷς
1049 1966 1248 2034 ἐλέγχου
1280 1965 1473 2027 δύναμιν
1497 1964 1563 2028 ε’ίη
1600 1962 1669 2026 ἂν,

89 2054 164 2102 καὶ
190 2051 322 2114 μάλα
347 2052 542 2113 εἰκότως,
563 2056 790 2119 σαφηνιεῖ
811 2051 964 2117 λέγων
989 2049 1126 2103 αὐτὸς
1154 2050 1178 2099 ὁ
1199 2047 1410 2114 Χριστός
1432 2044 1671 2113 ίί”Ανδρες

89 2141 117 2163 “
144 2138 381 2185 Νινευῖται
431 2134 783 2198 ἀναστήσονται
828 2135 875 2184 ἐν
925 2137 981 2201 τῇ
1033 2133 1183 2198 κρίσει
1230 2130 1346 2195 μετὰ
1390 2133 1471 2193 τῆς
1514 2133 1673 2195 γενεᾶς

91 2223 118 2245 “
143 2217 314 2281 ταύτης
353 2220 426 2266 καὶ
471 2222 829 2282 κατακρινοῦσιν
871 2215 1027 2279 αὐτὴν,
1074 2214 1143 2265 ὅτι
1187 2212 1476 2278 μετενόησαν
1515 2216 1576 2266 εἷς
1620 2211 1674 2262 τὸ

25 2305 120 2351 25“
145 2297 361 2364 κήρυγμα
393 2297 542 2359 Ἰωνᾶ,
582 2301 654 2348 καὶ
691 2297 789 2348 ἰδοῦ
826 2302 990 2348 πλεῖον
1022 2296 1158 2347 Ἰωνᾶ
1197 2293 1328 2346 ὧδε.”
1393 2299 1493 2348 πῶς
1533 2293 1581 2344 δὲ
1621 2293 1674 2344 τὸ

91 2385 256 2432 πλεῖον
293 2381 341 2430 ἐν
378 2384 576 2449 Χριστῷ
613 2379 741 2445 παρὰ
777 2379 857 2429 τὸν
887 2380 1080 2438 Ἰωνᾶν;
1122 2379 1146 2428 ὁ
1185 2377 1268 2440 μὲν
1309 2376 1402 2443 γὰρ
1444 2377 1673 2441 ἠπείλησε

92 2461 237 2527 μόνον
278 2463 536 2516 Νινευίταις
577 2461 663 2526 τὴν
707 2460 1058 2529 καταστροφὴν,
1095 2461 1119 2511 ὁ
1162 2460 1215 2510 δέ
1245 2482 1297 2524 γε
1339 2459 1510 2523 Κύριος
1544 2459 1676 2523 ἡμῶν

143 2612 175 2635 2.
201 2601 298 2634 ἄκουε
317 2599 408 2634 Edd.
459 2599 510 2634 ὅτι
527 2604 748 2644 assumptum
766 2611 806 2632 ex
828 2598 920 2632 B.D.
1085 2607 1118 2642 5.
1145 2596 1202 2643 δὴ]
1223 2597 1257 2631 δέ
1279 2597 1324 2630 D.
1492 2605 1524 2640 7.
1551 2596 1674 2631 θεσπέ-

96 2663 171 2683 σιος
189 2647 284 2681 deest
302 2648 337 2681 in
356 2647 448 2681 Edd.
654 2658 705 2680 10.
731 2645 784 2690 δὲ]
803 2661 839 2679 τε
860 2646 905 2679 D.
1122 2656 1134 2678 1
1146 2656 1174 2678 Ι.
1200 2644 1329 2687 ἀπαθὴς
1346 2655 1409 2688 pro
1425 2643 1564 2687 ἀπειθὴς
1581 2643 1674 2678 Edd.

99 2706 152 2739 13.
177 2693 356 2740 προφήτου
378 2693 636 2738 διακηρὺξαντος
657 2693 747 2726 B.D.
765 2693 960 2736 προδιακηρ.
980 2690 1071 2726 Edd.
1120 2692 1409 2733 μεταπλάττονται
1429 2690 1470 2724 Β.
1487 2692 1674 2733 μετεπλάτ-

96 2756 195 2776 τοντο
215 2741 261 2775 D.
281 2741 373 2775 Edd.
780 2751 833 2781 14.
859 2741 979 2783 χρῆναι
996 2750 1059 2783 pro
1076 2739 1145 2772 δεῖν
1161 2737 1301 2771 ἑλέσθαι
1320 2737 1362 2771 Β.
1381 2737 1497 2770 invitis
1516 2737 1563 2771 D.
1583 2737 1674 2772 Edd.

104 2798 156 2833 15.
173 2787 374 2833 προφητῶν]
391 2789 500 2833 προφ.
519 2787 599 2831 (Sic)
618 2786 712 2820 Aub.
730 2789 910 2831 προφητοῦ
932 2786 1030 2819 Pont.
1132 2785 1183 2818 16.
1207 2784 1301 2818 Haec
1318 2786 1377 2818 τοῦ
1393 2799 1430 2818 π.
1449 2783 1504 2827 ἡμ.
1523 2786 1676 2828 Σωτῆρος

100 2842 281 2879 assumpta
298 2847 339 2868 ex
359 2835 453 2868 B.D.
652 2844 707 2867 21.
732 2834 845 2878 χρῆμα
866 2832 957 2866 B.D.
975 2834 1113 2877 πρᾶγμα
1132 2831 1223 2865 Edd.
1414 2841 1469 2864 22.
1496 2829 1673 2876 σαφηνιεῖ]

102 2883 280 2926 σαφηνίζει
299 2881 391 2915 Edd.
442 2881 567 2915 Statim
585 2880 683 2915 αὐτὸς
701 2882 718 2913 ὁ
737 2885 799 2923 Χρ.
817 2879 928 2925 λέγων
944 2879 1081 2913 inverso
1100 2878 1219 2912 ordine
1237 2878 1277 2911 B.
1388 2888 1513 2922 23-25.
1530 2877 1675 2921 ἀναστή-

102 2928 354 2973 σονται-ἰδοὺ]
374 2927 639 2972 μετανοήσαντες
662 2927 708 2962 εἷς
732 2930 768 2960 τὸ
792 2927 944 2971 κήρυγμα
959 2926 1064 2968 Ἰωνᾶ,
1083 2927 1319 2970 κατακρινοῦσι
1344 2924 1403 2968 τὴν
1419 2926 1536 2969 γενεὰν
1556 2923 1678 2968 ταύτην

102 2975 175 3009 ἰδοὺ
191 2977 256 3020 ’γὰρ
276 2975 367 3009 Edd.
450 2984 504 3019 25.
524 2975 580 3008 Ab
597 2973 691 3008 Ἰωνᾶ
708 2974 751 3007 ad
768 2974 862 3007 Ἰωνα
880 2973 1028 3007 transilit
1048 2973 1093 3006 D.
1188 2972 1242 3006 26.
1270 2972 1347 3016 περὶ
1365 2974 1423 3005 τοῦ
1439 2971 1555 3012 Ἰωνᾶ;
1583 2971 1675 3006 Edd.

104 3033 159 3067 27.
187 3023 281 3057 Haec
301 3022 420 3067 Κύριος
440 3021 529 3065 ἡμῶν
544 3021 581 3055 Ἰ.
602 3023 618 3054 ὁ
636 3027 816 3066 assumpta
834 3033 873 3054 ex
897 3020 986 3054 BD.
1007 3021 1023 3051 ὁ
1043 3019 1318 3064 suprascriptum
1339 3018 1383 3052 l).

1732 2053 1893 2103 S3Matth.

1733 2108 1788 2128 ΧΠ.
1809 2107 1861 2137 41.
