2021 3434
276 189 359 228 468
664 191 713 231 B.
759 192 1033 232 CYRILLI
1075 193 1453 233 ALEXANDR.
1631 190 1846 231 v.18—20.

341 316 503 372 ὲμῐτὲσῌ
529 317 645 370 αὐτῷ
673 318 695 357 ἡ
724 318 866 374 ἄρκος,
894 319 962 359 καὶ
989 316 1223 376 εἰσΠΗὸήῡῌ
1262 317 1321 360 εἰς
1358 320 1430 360 τὸν
1468 314 1583 358 οἶκον
1622 318 1748 358 αὐτοῦ
1781 315 1848 356 καὶ

344 397 549 455 ἀπερείσῌ
586 399 660 440 τὰς
699 397 842 457 χεῖρας
885 402 1012 442 αὐτοῦ
1051 402 1120 443 ἐπὶ
1161 402 1233 443 τὸν
1274 399 1427 457 τοῖχον,
1468 400 1535 441 καὶ
1574 400 1680 456 ὃόικῌ
1721 398 1849 440 αὐτὸν

210 495 257 519 20
343 480 455 536 ὄφις.
516 482 605 537 οὐχὶ
655 486 803 526 σκότος
852 485 875 525 ιῗι
922 486 1057 542 ἡμέρα
1107 489 1179 527 τοῦ
1228 485 1374 542 Κυρίου
1415 485 1483 525 καὶ
1525 485 1572 524 οὐ
1612 483 1732 538 φῶο;
1783 481 1849 522 καὶ

347 566 502 620 Γνόφοο
540 565 615 605 οὐκ
652 567 761 622 ἔχων
798 569 951 623 φὲΠ-ος
989 569 1123 625 αὐτξι;

56 698 144 732 306
158 696 206 730 A·
238 706 259 729 a
350 692 460 739 Τῶν
502 689 647 754 ἁγίων
695 695 953 759 προφητῶν
995 688 1407 757 προαγορευόντων
1449 690 1602 742 αὐτοῖς
1644 686 1704 738 τὰ
1746 685 1893 743 ε’σό-5

275 779 404 833 μενα,
431 773 505 821 καὶ
532 771 602 822 ὅτι
627 778 810 838 πικραῖς
844 775 918 823 καὶ
953 774 1154 826 ἀνιάτοις
1184 777 1545 838 περιπεσοῦνται
1568 773 1852 836 συμφοραῖς,

277 851 608 906 διανενευκότες
659 854 870 922 ἀσχέτως
913 856 986 906 ἐπὶ
1027 854 1086 905 τὰ
1128 857 1210 917 τῆς
1260 852 1541 918 πλανήσεως
1585 851 1711 917 ἔργα,
1757 854 1855 901 δια-

275 935 504 1000 γελῶντές
535 958 585 986 τε
616 939 691 986 καὶ
726 935 1030 999 ὑπτιούμενοι,
1056 935 1168 987 ποτὲ
1201 935 1285 999 μὲν
1315 935 1540 1004 ἔφασκον,
1569 938 1630 986 εἷς
1662 930 1851 998 ὑπερθέ-

56 1028 215 1061 Cszek-
277 1039 376 1070 σεις
415 1019 489 1067 καὶ
523 1015 718 1085 χρόνους
755 1021 1033 1084 δραμεῖσθαι
1067 1016 1151 1071 τὰς
1194 1018 1497 1085 προφητείας“
1538 1013 1651 1067 ποτὲ
1691 1013 1739 1064 δὲ
1779 1015 1854 1064 καὶ

55 1074 111 1104 xii.
133 1080 183 1113 27.

55 1194 150 1245 Higr.
276 1181 495 1246 Ἱερεμίου
540 1183 702 1249 φωνήν
745 1190 771 1211 ‘⁶
793 1186 897 1233 Ποῦ
937 1183 1066 1232 ἐστὶν
1109 1183 1134 1232 ὁ
1181 1181 1322 1247 λόγος
1377 1180 1582 1246 Κυρίου;
1635 1177 1852 1229 ἐλθέτω.”

55 1249 133 1270 xvn.
157 1247 205 1279 1⁵⁸
277 1260 424 1332 ᾤοντο
457 1262 562 1329 γὰρ,
591 1262 661 1314 ὅτι
696 1266 768 1314 καὶ
809 1267 1155 1332 ψευδοεποῦσιν
1182 1268 1223 1314 οἱ
1248 1266 1502 1331 προφῆται,
1529 1264 1602 1313 καὶ
1629 1259 1856 1324 δειμάτων

231 1342 442 1397 ὔαύτους
476 1346 810 1408 ἀναπιμπλᾶσι
848 1350 1004 1396 κενῶν·
1044 1346 1190 1411 ἤγουν
1224 1350 1260 1396 εἱ
1305 1346 1384 1395 καί
1417 1368 1485 1397 τις
1523 1346 1712 1407 ἀληθῶς
1746 1344 1853 1394 κατ’

278 1427 431 1477 αὐτῶν
479 1427 536 1478 'loc
587 1426 806 1491 πόλεμος,
857 1428 1070 1490 ἀμείνους
1113 1428 1301 1478 ε”σονται
1346 1430 1426 1490 τῆς
1472 1427 1653 1477 ἐκείνων
1691 1423 1855 1492 χειρὸς,

279 1507 498 1575 σκληρὰν
539 1511 613 1559 καὶ
664 1509 955 1573 δυσάντητον
1004 1509 1364 1562 ἀντανιστάντες
1414 1510 1568 1562 αὐτοῖς
1612 1508 1762 1571 ἀλκήν
1805 1530 1854 1558 τε
1878 1530 1923 1570 15

56 1603 154 1635 Prov.
279 1593 354 1642 καὶ
392 1590 655 1657 προθυμίαν
733 1591 902 1655 ἀληθὲς
942 1590 1034 1657 γὰρ
1078 1591 1146 1642 ὅτι
1190 1589 1390 1641 ““Omv
1427 1589 1544 1654 ἐ’λθη
1582 1588 1759 1652 ἀσεβὴς
1793 1592 1855 1643 εἰς

69 1658 76 1663 .
659 1634 668 1643 ·
1518 1643 1527 1658 ,,

56 1658 145 1678 mu.
162 1659 191 1688 δ’
279 1680 307 1702 “
331 1672 479 1734 βάθος
511 1678 678 1736 κακῶν,
711 1675 1031 1742 καταφρονεῖ,”
1060 1673 1177 1723 κατὰ
1208 1672 1262 1724 τὸ
1288 1673 1624 1738 γεγραμμένον.
1677 1670 1786 1722 ἀλλ’
1815 1675 1857 1722 οἱ

276 1756 440 1806 τοιοίδε
475 1754 560 1820 τὴν
591 1756 704 1824 ἕξιν,
734 1755 942 1821 καθάπερ
973 1754 1032 1806 τὰ
1066 1760 1160 1805 τῶν
1191 1754 1469 1821 τραυμάτων
1502 1754 1855 1819 ἀπεγνωσμένα,

276 1839 524 1905 μονονουχὶ
573 1840 647 1888 καὶ
696 1838 994 1905 κεκράγασιν,
1042 1837 1110 1889 ὅτι
1163 1837 1309 1903 πυρὸς
1353 1838 1531 1888 δεόνται
1575 1837 1650 1887 καὶ
1698 1838 1856 1900 τομῆς,

278 1921 354 1970 καὶ
390 1923 484 1970 τῶν
521 1920 742 1971 τοιούτων
781 1922 900 1971 εἰσὶν
940 1921 988 1970 ἐν
1025 1919 1259 1988 ἐπιθυμίᾳ.
1329 1922 1510 1988 διψῶσι
1549 1917 1642 1984 γὰρ
1683 1916 1857 1984 τρόπον
1877 1933 1925 1971 20'

278 2001 381 2052 τινὰ
425 2001 478 2052 τὸ
519 2005 688 2069 χρῆναι
729 2002 1024 2069 κολάζεσθαι,
1068 2004 1142 2053 καὶ
1193 2006 1230 2052 εἰ
1279 2001 1343 2065 μὴ
1387 2004 1445 2069 τῇ
1490 2004 1644 2069 τοιᾷδε
1690 2000 1858 2052 λοιπὸν

279 2083 522 2151 κέχρηνται
551 2087 704 2152 φωνῇ.

241 2189 262 2214 ο
353 2169 471 2217 Οὐαὶ
510 2166 676 2228 τοίνυν,
711 2167 875 2234 φησὶν,
906 2170 1001 2220 τοῖς
1041 2164 1173 2216 οὐδὲν
1211 2166 1365 2232 ἕτερον
1406 2163 1668 2233 ἐπιθυμοῦσί
1700 2187 1750 2215 τε
1784 2166 1859 2215 καὶ

278 2248 592 2315 ἐκδεχομένοις
636 2251 672 2298 εἰ
713 2246 778 2312 μὴ
820 2247 889 2308 τὴν
937 2251 1018 2311 τῆς
1059 2247 1301 2301 κολάσεως
1345 2247 1517 2318 ἡμέραν·
1575 2245 1632 2311 ἣν
1673 2247 1747 2297 καὶ
1788 2248 1859 2298 τοῧ

281 2333 427 2400 Κυρίου
452 2331 616 2398 φησίν·
657 2329 876 2396 ἐπάγεται
902 2329 995 2396 γὰρ
1028 2329 1158 2396 παρὰ
1184 2333 1324 2381 Θεοῦ.
1386 2330 1458 2381 ἵνα
1490 2332 1534 2380 τί
1556 2329 1709 2380 τοίνυν
1735 2327 1856 2392 αὐτὴ,
1876 2349 1924 2388 25

330 2500 359 2522 1.
385 2488 404 2532 ἡ
422 2500 491 2523 om.
509 2489 545 2523 F.
566 2488 656 2523 Edd.
669 2490 704 2534 (3
711 2489 779 2533 ΙΙ.)
827 2488 927 2534 ἄρκος
946 2489 1029 2523 B.F.
1050 2489 1155 2532 (A.V.
1174 2489 1254 2532 ἃς.)
1272 2488 1392 2534 ἵίρκτος
1408 2488 1452 2522 Α.
1471 2487 1562 2522 Edd.
1612 2489 1714 2523 αὐτοῦ
1731 2501 1801 2524 om.
1818 2490 1856 2525 F.

281 2535 460 2579 Edd.(22.
477 2537 538 2580 al.)
662 2548 693 2570 2.
719 2536 881 2580 ἀπερείσῃ
899 2536 942 2570 A.
949 2536 991 2571 B.
1009 2535 1114 2581 (XII.
1133 2536 1278 2580 ἀπερισῃ
1297 2535 1416 2580 Alex.)
1433 2535 1651 2580 ἀπερείσηται
1669 2535 1761 2570 Edd.
1811 2537 1858 2573 εἷς

280 2594 344 2627 pro
361 2582 416 2617 επὶ
432 2583 477 2617 Α.
496 2582 567 2626 (26.
583 2583 643 2626 al.)
664 2582 765 2628 [πρὸς
782 2584 881 2616 Alex
886 2581 900 2627 ]
1072 2594 1105 2627 3.
1131 2585 1190 2617 τοῦ
1207 2594 1277 2616 orn.
1296 2584 1338 2616 A.
1358 2582 1463 2627 (Co.)
1620 2595 1653 2625 4.
1678 2583 1760 2627 αὐτῇ
1778 2583 1818 2617 Β.
1827 2595 1856 2618 e.

280 2628 362 2672 αὐτή
380 2630 423 2663 Α.
442 2628 523 2673 αὕτη
543 2629 633 2663 Edd.
656 2629 772 2675 [αὐτῆς
790 2629 875 2663 XII.
878 2629 892 2675 ]
913 2629 1012 2663 Nihil
1029 2629 1133 2663 habet
1152 2630 1188 2663 F.
1209 2628 1298 2673 (86.)
1480 2637 1512 2674 7.
1529 2628 1684 2674 ἀσχετως
1702 2630 1744 2663 Α.
1765 2629 1855 2664 Edd.

281 2675 428 2712 ἐκτόπως
447 2676 488 2710 Β.
597 2677 630 2711 8.
655 2692 691 2711 τε
709 2684 930 2722 assumptum
947 2688 988 2709 ex
1004 2676 1101 2710 Β.δέ
1119 2688 1182 2721 pro
1199 2691 1235 2709 τε
1252 2676 1297 2709 Α.
1403 2687 1437 2721 9.
1462 2678 1520 2711 τὰς
1536 2675 1760 2732 προφητείας]
1780 2677 1857 2712 τοὺς

280 2722 458 2767 προφήτας
477 2722 567 2757 Edd.
864 2734 917 2757 ΙΙ.
942 2725 1008 2757 ποῦ
1026 2723 1120 2758 ἐστιν
1140 2723 1181 2757 Β.
1198 2724 1280 2757 πότε
1297 2738 1392 2757 εστιν
1408 2723 1452 2756 Α.
1470 2725 1534 2756 ποῦ
1551 2722 1636 2757 ποτέ
1651 2737 1746 2757 εστιν
1763 2722 1855 2757 Edd.

285 2779 338 2802 12.
364 2769 415 2803 ὅτι
433 2770 485 2803 καὶ
505 2769 547 2803 Β.
566 2769 616 2803 ὅτι
634 2768 677 2803 A.
696 2769 773 2813 ὡςῆ
794 2769 1519 2814 Εάᾶ.13.ἀναπιμπλῶσι
1538 2769 1629 2803 Edd.
1678 2769 1706 2803 εἶ
1723 2781 1792 2804 om.
1811 2770 1854 2804 A.

281 2815 415 2858 ἀληθῶς
432 2823 652 2862 assumptum
670 2828 711 2850 ex
729 2817 772 2850 A.
980 2828 1032 2859 14.
1059 2815 1108 2860 εἰη
1127 2827 1188 2861 pro
1204 2815 1248 2850 ἰὀι
1266 2816 1309 2850 Α.
1517 2825 1569 2860 15.
1596 2816 1856 2851 ἀντανιστῶντες

283 2861 375 2896 Edd.
623 2872 676 2908 17.
701 2863 789 2907 βάθη
808 2863 851 2896 Α.
870 2863 946 2908 (23,
965 2862 1065 2908 296.)
1114 2862 1364 2908 καταφρονήσει
1384 2863 1424 2897 Β.
1475 2862 1600 2897 Statim
1617 2863 1701 2896 haec
1719 2863 1800 2896 κατὰ
1816 2863 1855 2895 τὸ

282 2909 511 2952 γεγραμμένον
528 2915 709 2955 assumpta
726 2922 767 2944 ex
784 2910 875 2944 AB.
1248 2921 1301 2955 19.
1327 2910 1380 2944 καὶ
1397 2909 1494 2954 prius
1511 2913 1734 2955 assumptum
1751 2921 1792 2942 ex
1811 2908 1852 2942 B.

285 2964 339 2988 21.
365 2957 403 2998 τῇ
422 2962 642 3000 assumptum
660 2968 702 2990 ex
721 2957 764 2990 A.
813 2957 934 2991 λοιπὸν
951 2968 1020 2991 om.
1039 2956 1083 2990 A.
1239 2967 1294 2999 24.
1320 2956 1409 3000 εἰμὴ
1427 2956 1469 2990 A.
1487 2955 1506 2999 ἢ
1526 2955 1616 2990 Edd.
1665 2956 1856 2999 Assumpta

282 3000 336 3034 καὶ
353 3012 394 3034 ex
412 3001 501 3036 AB.
520 3005 579 3035 τοῦ
597 3014 637 3036 ex
657 3002 698 3036 Α.
937 3013 991 3048 25.
1017 3003 1099 3047 αὐτὴ
1118 3015 1186 3037 om.
1206 3003 1248 3037 A.

278 1097 549 1165 ὁλοτρόπως
593 1100 924 1164 ἀπεγνωκότες,
969 1099 1249 1163 ἀπετόλμων
1293 1098 1456 1165 λέγειν,
1502 1097 1620 1149 κατά
1668 1119 1723 1162 γε
1770 1094 1855 1159 τὴν
1878 1122 1925 1146 10
