2021 3434
116 228 156 254 v.
182 229 218 258 2.
502 219 571 259 IN
613 218 998 259 MICHAEAM.
1059 217 1211 258 TOM.
1245 215 1306 257 II.
1609 214 1688 255 675

117 327 403 394 ἀνακομίζων
434 326 597 394 ὥσπερ
627 328 709 380 τὸν
740 326 941 393 Ἰσραὴλ
976 328 1049 377 ἐπὶ
1087 326 1141 377 τὸ
1178 327 1226 376 ἐν
1265 327 1442 392 ἀρχαῖς,
1476 326 1597 392 φημὶ
1636 323 1692 387 δὴ
1713 331 1738 371 b

115 407 170 459 τὸ
197 410 270 460 ὑπ’
299 411 439 461 αὐτοῦ
470 410 812 471 βασιλεύεσθαι
845 414 927 459 τοῦ
955 412 1093 470 Θεοῦ,
1119 406 1201 459 τὸν
1235 409 1284 458 ἐκ
1319 404 1513 472 Βηθλεέμ
1539 405 1694 458 αὐτοῖς

115 490 339 553 ἐσόμενον
366 494 564 557 Σωτῆρα
589 493 664 542 καὶ
691 489 934 556 λυτρωτὴν
959 488 1354 555 προανακεκράγει
1380 487 1610 553 Χριστόν.

181 570 272 623 ’Ίοι
297 574 335 622 δ’
358 572 415 623 ἀν
441 574 523 624 οὐκ
549 572 642 624 ἀπὸ
667 578 851 623 σκοποῦ
876 569 964 622 κάν
988 571 1028 622 εἴ
1050 593 1114 640 τῳ
1141 571 1297 638 δοκοίῃ
1323 568 1504 635 γενικὸν
1531 567 1694 635 ὥσπερ

75 667 98 705 5
116 653 220 704 τινὰ
253 658 486 705 ποιεῖσθαι
522 654 604 705 τὸν
643 653 803 720 λόγον.
861 652 1014 717 ἐπειδὴ
1046 652 1138 719 γὰρ
1173 652 1576 714 ἀποπεπτώκαμεν
1612 654 1694 714 τῆς

117 734 206 786 ὑπὸ
234 739 342 805 Θεῷ
377 737 627 797 βασιλείας
666 740 707 787 οἱ
733 738 807 787 ἐπὶ
832 738 914 799 τῆς
941 738 1039 801 γῆς,
1067 736 1246 785 ὀθνεῖον
1272 735 1344 802 ἐφ’
1374 734 1551 786 ἑαυτοῖς
1576 755 1688 783 κατ-

116 816 374 883 αρτίζοντες
405 816 560 884 ζυγὸν,
590 819 665 868 καὶ
691 815 928 882 δεσπότην
954 815 1330 885 ἐπιγραψάμενοι
1361 815 1442 866 τὸν
1470 816 1522 866 οὐ
1549 815 1693 882 φύσει

117 898 367 962 δεσπότην,
394 904 583 959 μᾶλλον
608 898 656 950 δὲ
685 898 891 966 ἀλαζόνα
929 900 1002 949 καὶ
1040 897 1329 962 ἀποστάτην,
1357 900 1477 965 φημὶ
1516 896 1572 960 δὴ
1610 895 1693 947 τὸν

115 982 391 1043 σατανᾶν,’
369 1004 417 1031 εν
454 984 592 1032 παντὶ
632 981 890 1047 γεγόναμεν
928 984 1071 1049 κακειῖν
1114 981 1242 1042 ἀλλ’,
1270 982 1332 1033 ὡς
1358 979 1477 1047 ἔφην
1511 979 1690 1045 ἀρτίως,
1712 1003 1733 1029 ο

51 1090 97 1116 10
116 1060 367 1127 εὐδόκησεν
418 1064 443 1113 ὁ
495 1062 616 1117 Gens·
668 1066 743 1114 καὶ
795 1062 1032 1129 Πατὴρί
1036 1060 1582 1160 (ἀνακεφαλαιώσασθαι
1634 1059 1694 1110 τὰ

133 1142 324 1195 ίπάντα
360 1147 407 1195 ἐν
438 1148 503 1214 τῶ
528 1148 739 1214 Χριστῷ,
775 1143 835 1196 τά
872 1167 920 1195 τε
959 1146 1006 1195 ἐν
1043 1147 1139 1197 τοῖς
1177 1145 1387 1210 οὐρανοῖς
1425 1145 1499 1193 καὶ
1530 1141 1589 1192 τὰ
1620 1143 1694 1192 ἐπὶ

115 1229 252 1291 “τῆς
289 1228 415 1292 γῆς,”
451 1196 526 1278 κιαὶ
561 1235 588 1256 “

115 1315 143 1339 “
167 1307 378 1372 σκότους,
420 1332 682 1374 μετεστησε
721 1309 770 1360 δὲ
811 1312 872 1363 εὶς
912 1307 998 1372 τὴν
1035 1308 1290 1369 βασιλείαν
1330 1312 1413 1358 τοῦ
1455 1309 1573 1356 Υὶοῦ
1612 1307 1695 1369 τῆς

605 1227 835 1294 ε’ῤῥυσατο
873 1225 958 1290 μὲν
992 1226 1114 1290 ἡμᾶς
1155 1226 1203 1276 ἐκ
1236 1227 1318 1288 τῆς
1352 1224 1571 1293 ἐξουσίας
1611 1228 1694 1274 τοῦ

117 1397 144 1420 “
170 1390 355 1457 ἀγάπης
387 1392 528 1442 αὑτοῦ
562 1393 610 1442 ἐν
641 1394 707 1461 τῷ
741 1392 907 1460 φωτί.”

49 1501 96 1539 15
191 1476 397 1524 Ποιεῖται
439 1473 494 1537 δὴ
536 1474 616 1524 οῦν
654 1473 736 1524 τὸν
771 1473 919 1538 λόγον
953 1472 1071 1539 πρὸς
1105 1471 1189 1535 τὴν
1223 1469 1432 1539 Βηθλεέμ,
1470 1469 1571 1533 ἤτοι
1612 1468 1695 1520 τὸν

117 1554 226 1607 οἷκον
257 1580 326 1606 του
351 1554 569 1625 Εφραθῖι.
637 1558 712 1606 καὶ
742 1560 950 1606 καλεῖται
984 1577 1071 1617 μεν
1105 1555 1130 1605 ὁ
1162 1558 1314 1621 χῶρος
1340 1551 1556 1622 Εφραθᾶ,
1585 1549 1688 1611 Βηθ-

116 1636 232 1706 λεέμ
269 1637 317 1689 δὲ
354 1661 409 1689 το
446 1638 704 1705 πολίχνιον,
731 1637 876 1703 ἠγουν
910 1637 938 1701 ἡ
973 1638 1020 1687 ἐν
1055 1641 1112 1703 τῇ
1147 1636 1279 1704 χώρα
1316 1635 1463 1698 κώμη,
1498 1633 1604 1685 ὅθεν
1636 1630 1695 1696 ἦν

115 1718 299 1770 Ἰεσσαι
337 1723 412 1770 καὶ
436 1721 624 1782 Δαυειδ,
651 1721 727 1770 καὶ
765 1718 881 1783 αυτὴ
920 1717 968 1770 δε
1007 1718 1154 1769 πάλιν
1184 1718 1211 1782 ἡ
1244 1718 1355 1782 ἁγία
1392 1717 1636 1782 παρθενος,
1664 1713 1693 1779 ἢ
1714 1726 1741 1766 (1

115 1824 170 1852 το
208 1805 331 1853 θεῖον
368 1802 477 1865 ἡμῖν
515 1802 724 1852 ἐκτετοκε
762 1803 939 1870 βρεφος
976 1799 1058 1851 τὸν
1096 1800 1211 1850 ιδιον
1251 1798 1350 1850 υιὸν
1387 1797 1469 1850 τὸν
1505 1799 1693 1862 Ἰησοῦν

49 1902 98 1928 20
118 1890 144 1912 ‘⁶
171 1883 297 1934 Οῦ
271 1907 299 1948 η
330 1883 452 1951 ἀρχὴ
483 1883 725 1949 ἐγενήθη’
703 1907 776 1934 επι
813 1888 896 1933 τοῦ
933 1880 1062 1946 ὤμου
1100 1882 1253 1944 αὐτοῦ,
1281 1903 1355 1931 και
1393 1884 1601 1931 καλεῖται
1639 1878 1693 1930 τὸ

117 1972 144 1994 “
170 1964 317 2029 ὄνομα
342 1967 483 2017 αὐτοῦ
503 1964 736 2031 Μεγάλης
762 1967 940 2028 βουλῆς
966 1964 1211 2030 ἅγγελος.”
1262 1963 1575 2024 βεβασίλευκε
1602 1960 1694 2027 γὰρ

117 2046 192 2098 διὰ
216 2054 299 2099 τοῦ
325 2053 546 2114 σταυροῦ,
574 2049 650 2098 καὶ
673 2046 827 2111 ἐπειδὴ
852 2046 1041 2112 γέγονεν
1068 2053 1095 2075 “
1114 2044 1349 2108 ’Υπήκοος
1380 2043 1514 2111 μέχρι
1545 2041 1689 2094 θανά-

0 2190 2 2199 ,
117 2136 145 2159 “
170 2152 265 2192 του,
293 2130 495 2181 θανάτου
534 2129 581 2181 δὲ
619 2130 868 2195 σταυροῦ,”
896 2127 1129 2196 ταύτῃτοι,
1150 2126 1270 2178 καθά
1296 2135 1446 2195 φησιν
1472 2127 1496 2176 ὁ
1523 2124 1693 2176 θεσπέ-

0 2210 15 2351 ὖ
117 2234 221 2266 σιος
248 2215 454 2274 Παῦλος,
483 2219 509 2241 “
525 2213 601 2262 καὶ
629 2212 653 2262 ὁ
681 2211 802 2265 Θεὸς
829 2209 968 2262 αὐτὸν
994 2209 1301 2278 ὑπερύψωσε,
1332 2210 1407 2259 καὶ
1440 2208 1694 2275 ἐχαρίσατο

77 2312 98 2351 5
118 2300 145 2323 “
172 2295 296 2363 αὐτῷ
327 2292 473 2356 ὄνομα
503 2292 557 2344 τὸ
588 2292 703 2359 ὑπὲρ
728 2298 823 2345 πᾶν
850 2293 1011 2356 ὄνομα,
1043 2292 1118 2343 ἵνα
1151 2294 1198 2342 ἐν
1222 2294 1287 2359 τῷ
1318 2290 1510 2354 ὀνόματι
1533 2291 1694 2353 Ἰησοῦ

117 2383 145 2405 “
169 2380 385 2442 Χριστοῦ
424 2380 520 2427 πᾶν
558 2375 673 2441 γόνυ
716 2374 886 2444 κάμψῃ
925 2373 1209 2440 ἐπουρανίων
1250 2375 1325 2424 καὶ
1365 2371 1577 2438 ἐπιγείων
1617 2374 1693 2422 καὶ

119 2467 146 2489 “
171 2459 505 2527 καταχθονίων,
556 2460 632 2509 καὶ
681 2462 817 2509 πᾶσα
875 2461 1087 2522 γλῶσσα
1146 2454 1570 2525 ἐξομολογήσηται,
1621 2454 1690 2505 ὅτι
1712 2480 1733 2504 e

164 2615 198 2645 4.
223 2602 251 2635 εἶ
267 2602 333 2636 ἅπο
351 2613 414 2646 pro
431 2602 491 2635 οὐκ
508 2601 573 2635 ἀπὸ
591 2601 634 2635 A.
683 2598 795 2644 δοκοίῃ
814 2600 856 2633 A.
876 2600 955 2643 δοκῇ
976 2598 1067 2632 Edd.
1269 2606 1302 2641 5.
1327 2596 1498 2631 ποιεῖσθαι
1515 2597 1573 2630 τὸν
1589 2597 1694 2641 λόγον

116 2648 184 2683 hoc
202 2648 323 2682 ordine
340 2649 384 2681 A.
728 2647 758 2681 6.
785 2648 843 2690 τῆς
859 2658 929 2680 om.
947 2647 991 2679 A.
1057 2645 1185 2679 ὀθνεῖον
1202 2643 1257 2689 ἐφ’
1276 2645 1405 2678 ἑαυτοῖς
1421 2644 1465 2677 A.
1483 2643 1547 2677 ὑπὸ
1565 2640 1694 2676 οθνεῖον

118 2696 254 2731 εαυτοὺς
281 2695 323 2729 Β.
344 2694 473 2729 ὀθνεῖον
501 2695 630 2730 ἑαυτοῖς
657 2693 748 2728 Edd.
810 2692 932 2727 Statim
961 2693 1211 2735 καταρτίζοντες
1235 2690 1279 2724 A
1304 2689 1575 2733 καταστήσαντες
1599 2689 1692 2724 Edd.

122 2753 176 2776 10.
201 2743 309 2776 πάντα
324 2742 388 2776 τὰ
381 2753 518 2776 1nverso
536 2741 656 2774 ordine
674 2741 717 2774 A.
862 2750 915 2773 11.
941 2741 986 2772 τῶ
1004 2750 1073 2772 om.
1091 2740 1134 2772 A.
1300 2747 1353 2770 12.
1379 2736 1440 2780 μὲν
1472 2742 1692 2780 assumptum

118 2800 161 2823 ex
178 2789 222 2823 A.
445 2798 498 2832 15.
523 2786 580 2833 δὴ]
602 2788 637 2821 δέ
657 2787 733 2831 Mig
736 2798 788 2820 ne.
999 2793 1052 2829 17.
1079 2785 1113 2818 ἐν
1129 2786 1175 2829 τῷ
1192 2785 1291 2830 χώρῳ
1309 2795 1373 2827 pro
1389 2782 1407 2826 ἡ
1427 2783 1462 2816 ἐν
1477 2785 1516 2826 τῇ
1535 2784 1628 2827 χώρα
1646 2783 1691 2817 A.

118 2834 158 2879 ἦν
175 2847 244 2869 om.
261 2834 305 2869 A.
461 2835 514 2869 18.
540 2834 621 2878 αὐτὴ
639 2834 682 2868 A.
688 2799 733 2867 Bg.
748 2831 829 2876 αὕτη
848 2831 939 2865 Edd.
992 2831 1118 2865 Statim
1136 2831 1172 2864 δὲ
1189 2836 1408 2874 assumptum
1428 2841 1466 2863 ex
1486 2830 1530 2870 A.
1537 2829 1577 2863 Β.
1625 2828 1692 2873 ἡ-

119 2882 308 2916 ἐκτετοκυῖα
324 2882 368 2916 A.
740 2891 793 2924 19.
819 2879 876 2913 τὸν
891 2877 976 2912 ἰ’διον
992 2878 1064 2912 υἱὸν
1081 2878 1122 2911 A.
1144 2879 1181 2912 τὸ
1198 2877 1332 2912 παιδίον
1350 2875 1441 2910 Edd.
1492 2876 1617 2909 Statim
1635 2877 1692 2910 τὸν

117 2927 252 2973 Ἰησουν
268 2940 338 2962 om.
357 2929 400 2962 A.
644 2937 699 2961 20.
726 2924 863 2971 εγενὴθη
881 2936 950 2958 om.
970 2925 1013 2958 A.
1032 2924 1137 2958 habet
1158 2924 1198 2958 Β.
1262 2924 1300 2958 τὸ
1318 2922 1421 2966 ὅνομα
1438 2923 1539 2956 αὐτοῦ
1559 2934 1627 2956 om.
1646 2923 1691 2956 A.

121 2986 176 3020 ²-3
202 2975 309 3010 καθώς
325 2974 417 3009 Edd.
573 2985 627 3016 24-
653 2973 706 3006 καὶ
724 2973 820 3017 prius
837 2977 1058 3015 assumptum
1076 2983 1117 3005 ex
1137 2971 1179 3005 B.
1333 2979 1388 3013 25.
1413 2968 1465 3004 ἵνα
1483 2968 1555 3004 Β.”
1541 2968 1579 3004 ιν’
1598 2969 1690 3004 Edd.

118 3020 233 3066 Ἰησοῦ
251 3024 402 3066 Χριστοῦ
419 3021 464 3056 A.
481 3020 596 3065 Ἰησοῦ
615 3020 656 3054 Β.
675 3022 734 3054 τοῦ
751 3020 901 3064 Χριστοῦ
919 3017 1010 3052 Edd.

873 3088 901 3127 4
922 3089 949 3116 R
974 3088 997 3118 2

1757 1079 1844 1120 Eph.
1862 1079 1884 1109 i.

1761 1133 1809 1154 10.

1758 1233 1828 1264 Col.
1845 1233 1867 1263 i.

1762 1286 1810 1317 13,
1832 1287 1879 1308 12.

1758 1898 1813 1929 Es.
1829 1897 1871 1928 ix.
1886 1894 1916 1927 6.

1759 2058 1844 2089 Phil.
1863 2058 1896 2089 ii.

1759 2103 1838 2133 8-1
1849 2112 1873 2133 1.
