2021 3434
289 151 372 192 266
678 152 727 191 B.
771 150 1048 191 CYRILLI
1088 151 1467 192 ALEXANDR.
1711 150 1798 191 xiii.
1820 150 1860 189 6.

288 264 384 314 τοῖς
421 259 677 324 καθήκουσι
712 261 1014 327 περιστέλλει
1051 259 1314 330 φαρμάκοις
1359 259 1443 311 τὸν
1485 259 1864 327 ἀῤῥωστήσαντα

290 347 412 392 νοῦν.
481 345 679 393 αἰτιᾶται
721 343 876 394 τοίνυν
919 341 1025 397 τοὺς
1069 343 1125 411 ἐξ
1166 341 1379 409 Ἰσραὴλ,
1424 344 1486 396 ὡς
1526 343 1575 392 ἐκ
1616 344 1698 405 τῆς
1743 342 1864 407 ἄγαν

289 423 527 489 εὐημερίας
563 423 682 490 πρὸς
719 423 872 489 λήθην
908 425 1230 490 ἐνηνεγμένους
1256 429 1338 475 τοῦ
1360 421 1516 475 πάντα
1541 424 1694 478 αὐτοῖς
1718 446 1862 491 χορη-

289 510 484 569 γοῦντος
533 505 593 556 τὰ
643 506 824 572 ζωαρκῆ
885 508 960 557 καὶ
1010 505 1070 557 τὰ
1119 506 1303 572 ὅσαπερ
1353 504 1412 556 ἂν
1463 506 1675 574 φαίνοιτο
1726 527 1866 555 κατα-

251 606 272 632 c
291 586 577 653 λαμπρύνειν
608 587 775 639 εἰδότα·
818 589 965 640 καίτοι
996 587 1393 655 προηγορευκότος
1418 593 1500 639 τοῦ
1529 585 1671 651 νόμου
1697 587 1866 651 σαφῶς
1887 600 1908 637 5

70 672 219 746 Efffflil-
291 675 317 697 “
345 667 564 737 Πρόσεχε
590 672 786 740 σεαυτῷ,
806 670 871 734 μὴ
898 670 1099 738 ἐπιλάθῃ
1122 670 1297 736 Κυρίου
1320 676 1402 721 τοῦ
1422 673 1546 721 Θεοῦ
1571 692 1675 731 σου,
1696 674 1778 719 τοῦ
1802 668 1866 733 μὴ

75 768 122 799 ¹5·
292 757 318 779 ‘⁴
345 750 557 820 φυλάξαι
582 751 664 806 τὰς
691 752 884 807 ἐντολὰς
911 753 1051 803 αὐτοῦ
1077 756 1152 803 καὶ
1185 751 1244 803 τὰ
1276 753 1476 818 κρίματα
1500 753 1574 802 καὶ
1600 750 1658 802 τὰ
1685 750 1867 801 δικαιώ-

291 838 318 861 “
341 855 466 896 ματα
505 835 658 897 αὐτοῦ,
688 834 781 885 ὅσα
811 834 904 900 ἐγὼ
934 834 1218 898 ἐντέλλομαί
1236 857 1314 885 σοι
1341 834 1565 900 σήμερον·
1606 832 1670 897 μὴ
1698 832 1867 901 φαγὼν

291 920 317 944 “
344 916 419 965 καὶ
444 916 746 980 ἐμπλησθεὶς,
771 919 846 967 καὶ
884 917 1027 970 οἰκίας
1065 915 1215 971 καλὰς
1253 915 1578 980 οἰκοδομήσας,
1605 917 1680 966 καὶ
1706 937 1864 965 κατοι-

291 1004 318 1027 “
343 996 495 1062 κήσας
532 1000 580 1049 ἐν
624 1000 796 1062 αὐταῖς,
836 1001 911 1050 καὶ
942 1003 1036 1051 τῶν
1069 1001 1323 1066 προβάτων
1364 1021 1455 1049 σου
1496 1000 1570 1049 καί
1610 1001 1703 1048 τῶν
1740 1000 1868 1058 βοῶν
1893 1019 1937 1045 ιο

291 1086 318 1108 “
345 1102 435 1130 σου
476 1081 839 1146 πληθυνθέντων
883 1104 976 1144 σοι,
1026 1082 1247 1148 ἀργυρίου
1293 1083 1369 1132 καὶ
1415 1081 1613 1148 χρυσίου
1653 1082 1865 1143 πληθυν-

292 1168 319 1191 “
345 1161 515 1213 θέντων
558 1186 650 1225 σοι,
695 1165 770 1214 καὶ
807 1163 996 1215 πάντων
1040 1163 1169 1215 ὅσων
1212 1186 1291 1214 σοι
1335 1163 1469 1214 ε”σται
1506 1160 1868 1227 πληθυνθέντων

292 1250 319 1273 “
344 1266 436 1306 σοι,
464 1245 659 1313 ὑψωθῇς
684 1250 742 1313 τῇ
767 1247 932 1315 καρδίᾳ
963 1269 1066 1309 σου,
1093 1247 1167 1296 καὶ
1198 1243 1398 1313 ἐπιλάθῃ
1427 1245 1602 1311 Κυρίου
1632 1249 1715 1294 τοῦ
1743 1246 1868 1294 Θεοῦ

247 1332 273 1373 d
293 1333 318 1355 ‘⁶
344 1349 436 1377 σου
472 1332 554 1378 τοῦ
588 1327 902 1396 ἐξαγαγόντος
934 1351 992 1378 σε
1030 1330 1078 1379 ἐκ
1112 1331 1199 1394 γῆς
1226 1327 1481 1393 Αἰγύπτου,
1509 1327 1565 1395 ἐξ
1594 1325 1720 1376 οἴκου
1754 1328 1861 1376 δου-
2019 1349 2021 1378 ε

291 1415 317 1437 “
343 1409 486 1462 λείας·
529 1414 611 1459 τοῦ
637 1408 896 1475 ἀγαγόντος
929 1432 987 1460 σε
1023 1408 1097 1460 διὰ
1134 1412 1216 1473 τῆς
1247 1408 1417 1476 ἐρήμου
1442 1411 1524 1472 τῆς
1555 1407 1765 1473 μεγάλης
1791 1408 1866 1457 καὶ
1892 1426 1936 1464 15
2011 1420 2021 1484 ,ξ

291 1498 317 1520 “
343 1493 424 1554 τῆς
463 1495 672 1560 φοβερᾶς
709 1492 893 1555 ἐκείνης,
925 1491 978 1542 οῦ
1016 1491 1123 1560 ὄφις
1162 1490 1361 1553 δάκνων,
1401 1493 1475 1542 καὶ
1514 1490 1753 1556 σκορπίος,
1792 1491 1867 1539 καὶ
2011 1522 2021 1546 .

292 1579 318 1602 ‘⁶
344 1573 479 1640 δίψα,
506 1572 559 1623 οῦ
597 1573 678 1623 οὐκ
711 1572 768 1638 ἧν
808 1573 976 1638 ὕδωρ.”
1041 1573 1133 1640 ἔχει
1170 1572 1263 1639 γὰρ
1302 1573 1383 1623 οὐκ
1422 1571 1645 1625 ἀνικάνως
1671 1565 1752 1622 ἀεί>
1768 1594 1867 1624 πως
2012 1574 2013 1582 “

291 1654 319 1718 ἡ
364 1653 532 1722 τρυφὴ,
578 1658 652 1705 καὶ
700 1654 754 1705 τὸ
801 1653 1043 1719 ἀδοκήτοις
1091 1660 1243 1718 τιμαῖς
1286 1654 1637 1722 ἐναβρύνεσθαι,
1688 1654 1763 1703 καὶ
1807 1656 1869 1706 εἰς

291 1734 444 1800 λήθην
493 1736 613 1800 ἡμᾶς
657 1736 909 1806 ἀποφέρειν
960 1740 1097 1799 Θεοῦ,
1145 1739 1220 1788 καὶ
1268 1736 1386 1804 πρὸς
1435 1741 1530 1788 πᾶν
1581 1737 1733 1787 ὁτιοῦν
1775 1739 1869 1786 τῶν

290 1818 498 1869 ἐκτόπων
524 1819 785 1870 κατασείειν
819 1818 1048 1870 δύνασθαι
1081 1817 1163 1870 τὸν
1194 1819 1485 1885 ἀνθρώπινον
1512 1824 1633 1871 νοῦν.
1683 1817 1868 1885 ἀρκέσει
1889 1844 1938 1868 20

292 1899 340 1951 δὲ
371 1898 497 1964 οἶμαι
523 1900 640 1967 πρὸς
678 1900 879 1968 ἔλεγχον
914 1900 1270 1968 ἀποσκιρτήσας
1297 1903 1322 1951 ὁ
1347 1900 1560 1967 Ἰσραὴλ,
1587 1902 1662 1951 καὶ
1695 1899 1750 1952 τὸ
1786 1903 1869 1964 τῆς

254 1982 531 2048 Θεύημερίας
553 1981 734 2036 πλάτος
765 1986 847 2046 τῆς
882 1987 943 2036 εἰς
976 1989 1113 2034 τοῦτο
1147 1986 1294 2047 δεινῆς
1329 1984 1593 2050 ἀῤῥωστιάς
1623 1982 1870 2049 εὑράμενος

293 2063 529 2132 ἀφορμήν·
582 2068 658 2115 καὶ
702 2065 855 2128 ἐπειδὴ
898 2066 1131 2131 κρείττους
1181 2064 1307 2130 ἦσαν
1355 2067 1513 2128 ἐθνῶν,
1554 2065 1869 2129 ἐπαμύνοντος

291 2145 509 2210 δηλονότι
539 2152 621 2198 τοῦ
655 2146 808 2198 πάντα
835 2147 1080 2214 ἰσχύοντος
1107 2151 1244 2209 Θεοῦ,
1273 2147 1555 2211 νενοσήκασι
1581 2146 1667 2212 τὴν
1692 2147 1863 2214 ἀλαζο-

293 2228 429 2291 νείαν,
468 2229 643 2283 ἑαυτοῖς
681 2252 773 2280 που
811 2228 934 2297 τάχα
968 2230 1043 2279 καὶ
1081 2230 1133 2280 οὐ
1168 2233 1234 2299 τῷ
1271 2230 1609 2296 προασπίζοντι
1640 2233 1747 2300 Θεῷ
1783 2229 1869 2294 τὴν
1889 2249 1937 2288 25

292 2311 342 2360 ἐκ
364 2314 458 2361 τῶν
483 2310 856 2378 κατορθωμάτων
881 2311 1168 2365 ἀνατιθέντες
1193 2310 1520 2378 λαμπρότητα.

367 2391 620 2460 Σφαλερὸν
656 2394 737 2444 οῦν
774 2393 865 2460 ἄρα
900 2395 974 2444 καὶ
1016 2394 1338 2458 δυσδιοίκητον
1379 2394 1406 2458 ἡ
1445 2394 1613 2463 τρυφὴ,
1653 2396 1728 2445 καί
1765 2395 1870 2445 λεία

291 2497 359 2527 τις
397 2472 560 2541 ὥσπερ
598 2474 702 2530 ὁδὸς
738 2478 799 2528 εἰς
830 2475 1102 2527 ἀπόστασιν
1139 2474 1224 2540 τὴν
1261 2474 1354 2527 ἀπὸ
1382 2480 1522 2527 Θεοῦ·
1579 2474 1708 2543 παρὰ
1743 2474 1870 2528 πολὺ

293 2554 340 2606 δὲ
390 2556 587 2620 ἀμείνων
629 2557 657 2621 ἡ
708 2557 974 2624 σύμμετρος
1023 2559 1206 2626 θλίψις.
1285 2558 1610 2609 πιστώσονται
1656 2558 1705 2610 δὲ
1751 2557 1871 2626 πρὸς

293 2643 430 2688 τοῦτο
468 2640 587 2704 ἡμᾶς
631 2643 676 2690 αἱ
720 2644 814 2690 τῶν
848 2640 994 2705 ἁγίων
1033 2639 1199 2709 φωναί.
1271 2641 1296 2690 ὁ
1334 2640 1418 2704 μὲν
1456 2639 1548 2707 γάρ
1584 2664 1653 2695 τις
1690 2640 1870 2710 ε”φασκε
1889 2656 1938 2693 30

77 2731 232 2806 {36³va
298 2726 323 2747 ‘⁶
350 2719 504 2787 Κύριε,
548 2723 595 2772 ἐν
646 2723 809 2791 θλίψει
853 2721 1150 2786 ἐμνήσθημέν
1201 2741 1304 2773 σου·
1359 2725 1407 2774 ἐν
1451 2723 1614 2792 θλίψει
1658 2727 1802 2794 μικρᾷ
1840 2724 1868 2787 ἡ

342 2917 374 2946 4.
400 2906 572 2948 φαίνοιντο
592 2907 681 2941 Edd.
828 2920 880 2942 11.
908 2923 973 2943 σου
990 2920 1059 2942 om.
1080 2908 1126 2944 D.
1270 2920 1321 2944 12.
1346 2909 1413 2944 ὅσα
1432 2909 1478 2944 D.
1615 2909 1740 2955 23-26.
1768 2907 1864 2942 Haec

296 2952 347 2985 καὶ
366 2951 742 2998 ἐπειδὴ-λαμπρότητα
760 2963 979 2990 acc-esserunt
996 2968 1037 2990 ex
1057 2956 1103 2990 D.
