2021 3434
110 224 164 265 vi.
190 235 225 277 7.
538 224 610 264 IN
652 222 887 264 OSEAM.
949 222 1099 263 TOM.
1142 221 1219 261 IV.
1608 222 1689 260 143

108 340 191 385 τοῦ
216 335 503 401 παραδείσου
530 340 727 404 τρυφαῖς
751 333 1104 402 ἐναβρύνεσθαι,
1133 332 1430 399 κατημέλησε
1455 336 1537 397 τῆς
1565 333 1690 387 θείας

106 418 310 482 ἐντολῆς·
351 416 448 469 εἶτα
473 417 724 468 διώλισθεν
757 419 832 469 ἐπὶ
867 416 925 468 τὰ
952 418 1137 484 αἰσχίω,
1164 421 1257 468 τῶν
1282 416 1488 484 ἀρχαίων
1515 415 1681 480 ἀδοκή·
1707 424 1735 466 d

107 522 197 552 τως
230 500 549 566 ἐστερημένος.
613 501 734 550 οὕτω
771 502 846 550 καὶ
878 502 1011 550 αὐτοί·
1053 501 1174 568 φημὶ
1210 498 1258 549 δὲ
1293 498 1349 562 δὴ
1383 497 1546 561 πάλιν,
1573 501 1614 549 οἱ
1637 499 1695 567 ἐξ

105 581 323 646 Ἰσραήλ·
381 583 544 646 εὐμενῆ
584 583 659 632 καὶ
704 583 850 650 φίλον
890 581 972 632 τὸν
1011 586 1105 632 τῶν
1150 580 1277 632 ὅλων
1326 581 1508 648 ἔχοντες
1550 579 1689 644 Θεὸν,

65 680 88 719 5
107 662 320 730 σώζοντα
356 666 430 715 καὶ
464 663 805 730 προεστηκότα,
842 665 917 714 καὶ
949 663 1227 729 προτιθε’ντα
1264 662 1318 713 τὸ
1358 661 1489 716 ἐ’λεος
1521 664 1687 726 αὐτοῖς,

109 747 170 799 ὡς
209 746 411 814 νεφέλην
447 745 668 812 πρωῖνὴν,
694 748 769 796 καὶ
803 747 865 799 ὡς
897 743 1072 810 δρόσον
1110 742 1328 810 ὀρθρινὴν
1364 744 1687 811 πορευομένην,
1751 760 1858 802 Supra

109 827 341 896 ἐξάγοντα
365 828 412 880 δὲ
438 831 512 879 καὶ
544 831 604 882 ὡς
633 832 733 897 φῶς
768 826 821 878 τὸ
860 831 1001 893 κρῖμα
1039 827 1194 889 αὐτοῦ,
1219 828 1293 876 καὶ
1321 829 1378 893 τῇ
1406 827 1519 891 ὑπὲρ
1546 826 1689 890 νόμον
1750 815 1863 888 {firm}

107 915 438 979 στεφανοῦντα
464 911 669 979 λατρεία,
694 909 893 978 ῥᾴθυμοι
918 907 1144 974 γεγόνασι
1169 912 1274 975 περὶ
1307 907 1360 958 τὸ
1397 911 1572 976 σφισῖν
1603 910 1685 959 αὑ·
1751 903 1817 923 ver.
1838 902 1867 933 5-

107 998 202 1046 τοῖς
228 995 480 1059 ἀναγκαῖον
505 995 579 1044 καὶ
601 993 836 1059 χρήσιμον
860 994 922 1044 εἷς
948 991 1190 1057 εὐημερίαν
1210 992 1284 1041 καὶ
1310 988 1468 1058 δόξαν,
1489 1013 1688 1041 καταπε-
1707 1015 1728 1041 e

43 1101 89 1126 το
109 1077 375 1147 φρονήκασι
401 1082 476 1129 καὶ
500 1081 618 1129 αὐτοὶ
645 1083 727 1128 τοῦ
750 1075 940 1128 πάντων
966 1082 1245 1143 κρατοῦντος
1272 1079 1413 1138 Θεοῦ,
1437 1076 1584 1126 καίτοι
1611 1076 1689 1126 λε’-

106 1183 273 1226 γοντος
301 1163 505 1227 ἐναργῶς
540 1159 615 1211 διὰ
648 1165 730 1210 τοῦ
763 1157 1018 1228 πανσόφου
1045 1158 1305 1220 Μωυσέως,
1333 1165 1359 1187 “
1377 1159 1453 1209 Οὐ
1477 1157 1687 1222 ποιήσεις
1748 1175 1854 1208 Exod.

108 1251 134 1274 ‘⁵
160 1247 343 1313 σεαυτῷ
375 1243 586 1306 εἴδωλον,
616 1241 718 1292 οὐδὲ
751 1240 927 1295 παντὸς
962 1242 1187 1306 ὁμοίωμα,
1212 1241 1306 1292 ὅσα
1337 1243 1385 1292 ἐν
1415 1245 1481 1309 τῷ
1507 1242 1688 1310 οὐρανῷ
1748 1231 1802 1250 xx.
1820 1232 1852 1262 4·

108 1333 135 1355 ‘⁶
160 1326 255 1377 ὁίνω
287 1328 362 1376 καὶ
398 1325 490 1376 ὅσα
525 1327 573 1376 ἐν
607 1328 664 1392 τῇ
698 1328 761 1392 γῇ
789 1323 914 1375 κάτω
939 1326 1012 1375 καὶ
1042 1323 1137 1374 ὅσα
1168 1325 1216 1374 ἐν
1247 1328 1342 1377 τοῖς
1371 1324 1538 1374 ὕδασιν
1565 1325 1683 1374 ὑπο-

108 1415 135 1438 “
158 1407 283 1459 κάτω
315 1411 396 1472 τῆς
431 1409 558 1473 γῆς.”
623 1409 699 1458 καὶ
732 1406 892 1470 πάλιν,
919 1413 947 1435 “
967 1407 1072 1457 Οὐκ
1105 1406 1297 1457 ε”σονταί
1318 1428 1398 1456 σοι
1424 1407 1516 1456 θεοὶ
1543 1406 1687 1472 ἕτεροι
1748 1425 1799 1456 Ib.
1821 1435 1849 1465 3.

42 1499 134 1556 15⁶⁶
157 1489 285 1556 πλὴν
319 1492 475 1555 ἐμοῦ.”
540 1489 693 1554 ἐπειδὴ
733 1489 780 1541 δὲ
819 1491 866 1540 ἐν
904 1489 994 1559 ἴσῳ
1033 1493 1098 1559 τῷ
1142 1488 1329 1558 πρώτῳ,
1368 1488 1583 1539 τουτέστι
1621 1493 1688 1558 τῷ

106 1573 275 1638 Ἀδὰμ,
309 1573 621 1640 παρώλισθον
659 1576 720 1626 εἰς
763 1571 1078 1634 ἀποστασίαν,
1123 1573 1199 1622 καὶ
1239 1572 1369 1623 αὐτοὶ
1407 1569 1463 1634 δὴ
1501 1569 1688 1625 πάντως

107 1656 197 1726 ἔξω
241 1662 497 1708 πεσοῦνται
540 1660 623 1707 τοῦ
673 1655 1020 1724 κατευφραίνειν
1068 1653 1253 1708 εἰδότος·
1323 1652 1688 1724 παραβεβήκασι

105 1738 198 1806 γὰρ
224 1736 439 1800 διαθήκην.

180 1825 239 1872 Εἰ
288 1819 335 1871 δὲ
383 1820 440 1885 δὴ
489 1825 640 1872 νοοῖτο
702 1819 1063 1885 μυστικώτερον,
1114 1821 1175 1873 ὡς
1227 1820 1302 1870 ἐπὶ
1352 1821 1582 1884 Χριστοῦ,
1633 1815 1726 1870 rba
1756 1838 1840 1873 100
1857 1838 1907 1873 A.

42 1931 89 1957 20
107 1901 450 1973 χρησμῴδημα,
474 1902 622 1955 πάλιν
656 1904 798 1953 ἐκεῖνο
833 1903 1039 1968 ἐροῦμεν,
1074 1903 1258 1969 ἐμφανῆ
1293 1905 1388 1952 τῶν
1421 1899 1688 1965 λεγομένων

108 1986 413 2040 καθιστάντες
447 1985 529 2037 τὸν
574 1991 700 2037 νοῦν·
738 1983 997 2053 ’Έπεμψεν
1042 1983 1098 2052 ἐξ
1138 1984 1347 2050 οὐρανῶν
1389 1983 1413 2033 ὁ
1456 1982 1576 2036 Θεὸς
1612 1985 1688 2033 καὶ

111 2067 278 2134 Πατὴρ
315 2067 397 2119 τὸν
429 2068 547 2119 Υἱὸν
585 2072 849 2137 φωτιοῦντα
886 2064 994 2120 τοὺς
1032 2067 1089 2135 ἐξ
1116 2064 1330 2132 Ἰσραὴλ,
1371 2067 1446 2115 καὶ
1484 2065 1688 2132 φανερὸν

109 2150 474 2216 καταστήσοντα
523 2151 577 2202 τὸ
628 2155 770 2217 κρῖμα
820 2150 976 2211 αὐτοῦ,
1026 2150 1101 2199 καὶ
1165 2149 1239 2199 ἵνα
1291 2147 1556 2215 καταλῆξαι
1604 2146 1688 2210 μὲν

109 2234 337 2302 ἀναπείσῃ
378 2238 555 2284 θυσιῶν
601 2233 808 2300 ἀρχαίων
859 2234 934 2283 καὶ
986 2230 1390 2294 ὁλοκαυτωμάτων
1435 2234 1528 2280 τῶν
1571 2228 1688 2280 κατὰ

43 2341 90 2380 25
111 2315 268 2378 νόμον·
308 2315 483 2384 ἐλεήσῃ
527 2315 575 2366 δὲ
614 2320 818 2379 μᾶλλον,
860 2317 1045 2365 δικαιῶν
1084 2318 1142 2381 τῇ
1182 2314 1353 2374 πίστει,
1393 2313 1468 2362 καὶ
1506 2311 1688 2379 καλέσῃ

108 2397 224 2464 πρὸς
259 2399 514 2464 ἐπίγνωσιν
550 2403 633 2448 τοῦ
676 2396 795 2448 κατὰ
836 2395 1060 2460 ἀλήθειαν
1105 2394 1238 2448 ὄντος
1277 2398 1413 2445 Θεοῦ·
1454 2395 1508 2444 δι’
1546 2394 1687 2444 αὐτοῦ

109 2478 201 2546 γὰρ
227 2483 301 2531 καὶ
333 2482 381 2531 ἐν
414 2481 539 2550 αὐτῷ
568 2479 824 2543 τεθεάμεθα
857 2478 938 2529 τὸν
964 2476 1168 2543 Πατέρα,
1195 2479 1269 2528 καὶ
1301 2474 1568 2543 ἐσχήκαμεν
1603 2475 1729 2540 τὴνῐ)
1751 2490 1886 2531 Eph.ii.

109 2561 445 2630 προσαγωγὴν,
483 2561 545 2617 ὥς
576 2586 669 2614 που
707 2562 782 2612 καὶ
820 2560 1017 2627 γράμμα
1056 2561 1206 2628 φησὶν
1246 2557 1380 2624 ἱερόν.
1444 2557 1573 2608 ἀλλὰ
1606 2581 1684 2624 γε-
1755 2536 1804 2566 18.

109 2645 307 2711 γόνασιν
349 2650 391 2696 οἱ
431 2646 487 2714 ἐξ
522 2643 725 2711 Ἰσραὴλ
769 2645 826 2697 ὡς
876 2641 1093 2709 ἅνθρωπος
1133 2641 1426 2709 παραβαίνων
1470 2637 1682 2701 διαθήκην.

42 2752 92 2788 30
111 2730 266 2788 καὶτί
296 2727 352 2793 δὴ
390 2726 526 2779 τοῦτό
553 2729 696 2789 ἐστιν,
723 2728 809 2793 ε’ρῶ
842 2723 1003 2786 πάλιν,
1028 2723 1154 2777 ὅπως
1184 2721 1241 2773 ἂν
1275 2721 1492 2786 δύνωμαι.
1552 2724 1576 2773 ὁ
1602 2721 1688 2787 τὴν

111 2811 188 2879 ὑφ’
217 2811 370 2877 ἑτερου
406 2809 710 2879 γραφομένην
743 2807 1033 2876 παραβαίνων
1060 2803 1270 2868 διαθήκην,
1297 2803 1326 2869 ἢ
1353 2805 1406 2855 οὐ
1436 2804 1688 2872 πρόσεισιν

159 2955 190 2979 2.
217 2943 413 2990 διώλισθεν]
433 2944 615 2978 διώλλυται
634 2941 726 2976 Edd.
746 2942 855 2976 διόλλ.
876 2941 1010 2986 Nfigne.
1302 2949 1334 2986 7.
1359 2940 1444 2985 ὑπὲρ
1462 2939 1508 2974 D.
1527 2939 1610 2974 κατὰ
1627 2939 1686 2974 iid.

113 3003 147 3036 9.
173 2991 490 3037 καταπεφρονήκασι
517 2991 569 3023 καὶ
594 2990 688 3023 αὐτοὶ
716 2989 761 3023 D.
788 2989 841 3023 καὶ
865 2987 1182 3034 καταπεφρονήκασι
1210 2987 1302 3022 Edd.
1478 2998 1530 3021 10.
1556 2988 1688 3023 πάντως

115 3038 194 3081 (Sic)
219 3039 265 3072 D.
365 3048 417 3080 15.
443 3039 489 3084 τῷ
507 3038 566 3071 alt.
586 3048 655 3071 om.
676 3036 722 3071 D.
820 3046 875 3070 21.
901 3035 955 3081 ἐξ]
975 3036 1011 3069 ἐκ
1028 3039 1094 3070 τῶν
1110 3034 1168 3069 iid.
1266 3046 1322 3080 30.
1349 3036 1367 3069 ὁ
1383 3032 1459 3080 τὴν]
1476 3033 1527 3067 ὅτι.
1544 3034 1604 3068 iid.
