2021 3434
75 207 130 248 iii.
155 207 252 262 6-9.
671 208 745 248 IN
787 207 1026 249 IONAM.
1569 206 1648 245 591

73 317 370 386 φαυλότητος
404 322 464 372 εἰς
499 319 552 369 τὸ
587 318 780 384 ἀγαθὸν,
812 318 1139 386 μετοιχήσεται
1179 319 1253 368 καὶ
1291 316 1429 370 αὐτὸς
1468 320 1529 370 εἰς
1567 315 1653 379 τὴν

72 399 142 451 ὅτι
179 399 394 463 μάλιστα
432 400 717 468 φιλαιτάτην
752 403 876 470 αὐτῷ
912 400 1126 466 γαλήνην
1164 402 1239 450 καὶ
1273 398 1649 467 φιλανθρωπίαν.

71 481 173 532 ε”στι
207 481 291 541 μὲν
327 481 420 548 γὰρ
455 482 630 548 ἀγαθὸς
661 486 719 550 τῇ
758 483 918 550 φύσει.
984 481 1115 545 πλὴν
1152 480 1314 546 ἐπάγει
1351 485 1446 533 τοῖς
1484 486 1646 543 πλημ-

69 569 271 625 μελοῦσι
295 562 378 618 τὰς
405 564 546 626 δίκας,
574 567 648 615 καὶ
683 569 778 618 τοῖς
808 563 1071 617 ἀκαθέκτως
1097 561 1429 614 ἀπονενευκόσι
1454 561 1571 627 πρὸς
1598 560 1652 611 τὸ

30 643 264 713 5ἐξήνιον,
307 645 381 696 οἶά
418 669 521 697 τινα
563 645 760 713 χαλινὸν
798 645 1123 697 ἀνακόπτοντα
1161 649 1352 710 γενικῶς
1393 647 1467 695 καὶ
1506 666 1647 705 μετα·
1671 657 1697 697 (1

70 727 254 778 τιθέντα
292 726 410 793 πρὸς
453 729 707 778 εὐπείθειαν
756 727 962 795 ἐπιφέρει
1006 727 1065 777 τὰ
1107 726 1162 795 ἐξ
1201 728 1360 792 ὀργῆς.
1430 725 1559 790 ἄθρει
1603 724 1652 774 δὲ

71 808 196 862 ὅπως
234 813 276 859 οἱ
313 808 397 872 μὲν
423 809 664 860 Νινευῖταί
693 815 844 877 φασιν
870 813 947 864 Τίς
988 806 1092 860 οἶδεν
1132 814 1164 860 εὶ
1203 809 1458 876 μετανοήσει
1495 806 1652 860 ὁΘεές

73 896 150 942 καὶ
190 886 470 959 ἀποστρέψει
505 892 550 961 ἐξ
589 891 712 961 ὀργῆς
747 891 875 959 θυμοῦ
907 893 1036 942 αὐτοῦ
1068 896 1144 942 καὶ
1180 893 1223 941 οὐ
1256 888 1317 958 μὴ
1357 887 1649 956 ἀπολώμεθα·

71 973 95 1023 ὁ
122 972 177 1022 δέ
204 995 258 1037 γε
290 971 446 1041 σοφὸς
471 973 686 1039 Ἰσραὴλ,
712 974 736 1024 ὃ
771 973 898 1043 νόμῳ
932 972 1293 1036 πεπαιδευμένος
1332 970 1402 1021 ὅτι
1439 970 1650 1037 χρηστὸς

5 1076 51 1103 10
69 1057 143 1105 καὶ
177 1055 345 1121 ἥμερος
380 1056 404 1105 ὁ
432 1055 699 1120 Δεσπότης,
727 1056 809 1106 οὐκ
842 1054 1050 1121 ἀνέχεται
1083 1055 1202 1104 οὕτω
1234 1058 1368 1104 νοεῖν.
1435 1053 1650 1121 ἔφασκον

68 1135 161 1202 γὰρ
199 1138 530 1201 ἀμαθαίνοντες
567 1141 674 1188 “Αἱ
707 1136 884 1188 πλάναι
926 1137 1059 1200 ἡμῶν
1097 1138 1171 1187 καὶ
1212 1139 1257 1186 αἱ
1296 1135 1479 1197 ἀνομίαι
1518 1135 1648 1199 ἡμῶν
1709 1158 1808 1208 ΕΖεῇς.

68 1225 95 1246 “
120 1219 192 1287 ἐφ’
220 1219 329 1283 ἡμῖν
353 1222 456 1281 εἶσι,
484 1220 560 1270 καὶ
587 1221 634 1270 ἐν
660 1220 818 1272 αὐταῖς
849 1219 976 1283 ἡμεῖς
1006 1218 1253 1283 τηκόμεθα,
1281 1219 1356 1268 καὶ
1381 1221 1481 1270 πῶς
1508 1216 1645 1283 ζησό-
1708 1212 1870 1233 xmu'm'

68 1306 96 1329 ‘⁶
120 1301 301 1363 μεθα;”
355 1302 463 1351 ἀλλ’
507 1302 686 1366 ἤκουον
737 1305 861 1352 Θεοῦ
911 1301 1134 1365 λέγοντος
1184 1303 1390 1366 ἐναργῶς
1439 1306 1465 1328 “
1491 1300 1641 1350 Ἀπο-
1709 1315 1830 1348 Ib.11.

69 1390 95 1412 ‘⁶
121 1386 311 1452 στροφῆ
346 1383 683 1450 ἀποστρέψατε
717 1381 811 1434 ἀπὸ
854 1386 936 1447 τῆς
982 1384 1091 1433 ὁδοῦ
1133 1384 1260 1445 ὑμῶν
1299 1385 1382 1445 τῆς
1425 1386 1685 1447 πονηρᾶς,θ

4 1481 48 1519 15
69 1471 95 1494 ‘⁶
122 1467 196 1516 καὶ
231 1465 305 1516 ἵνα
336 1465 385 1516 τί
415 1466 736 1531 ἀποθνήσκετε
774 1464 896 1519 οἶκος
930 1466 1132 1532 Ἰσραήλ
1151 1466 1189 1526 ;”
1235 1463 1260 1515 ὃ
1299 1463 1354 1529 δὴ
1395 1463 1648 1531 δεδράκασι

69 1551 317 1611 Νινευῖται,
344 1554 444 1602 ταῖς
478 1553 539 1602 εἰς
573 1548 633 1599 τὰ
666 1549 836 1612 ἀμείνω
870 1551 1181 1614 μεταδρομαῖς
1214 1546 1298 1611 τὴν
1328 1547 1648 1612 ἐπηρτημένην

67 1630 220 1683 αὐτοῖς
246 1631 622 1684 ἐκδυσωποῦντες
661 1629 820 1697 ὀργὴν,
847 1628 977 1693 πλὴν
1010 1628 1329 1697 προσέταττον
1362 1633 1458 1683 τοῖς
1487 1627 1641 1698 ἀνθρώ-

66 1734 174 1766 ποις
218 1717 294 1763 καὶ
341 1712 401 1763 τὰ
447 1714 568 1773 κτήνη
612 1711 1108 1777 συγκαταλγύνεσθαι,
1148 1714 1327 1779 τροφῆς
1368 1712 1444 1761 καὶ
1487 1715 1644 1762 ποτῶν

66 1794 459 1860 ἀποστερούμενα,
495 1797 569 1846 καὶ
608 1794 705 1846 οἷον
742 1799 927 1846 πενθεῖν
970 1792 1407 1859 κατηναγκασμένα.
1475 1795 1550 1843 καὶ
1592 1792 1645 1843 τὸ

2 1898 49 1924 20
66 1877 224 1943 χρῆμά
271 1879 402 1927 ἐστιν
446 1876 771 1943 ὑπερβολικὸν,
815 1878 901 1944 οὐχ
952 1879 1013 1929 ὡς
1057 1876 1318 1941 ἀναγκαίως
1368 1873 1576 1940 γεγονὸς,
1617 1874 1646 1939 ἢ

67 1961 191 2009 Θεοῦ
224 1959 467 2025 ζητοῦντος
504 1958 634 2025 παρὰ
666 1964 761 2010 τῶν
786 1963 965 2022 κτηνῶν
991 1957 1073 2009 τὸν
1098 1958 1256 2010 πόνον.
1320 1957 1646 2021 ἐπεσημήνατο

65 2037 114 2090 δὲ
162 2041 238 2090 καὶ
283 2047 421 2092 τοῦτο
471 2041 526 2093 τὸ
580 2040 777 2108 γράμμα
827 2040 880 2092 τὸ
930 2039 1063 2106 ἱερὸν,
1114 2043 1196 2104 τῆς
1246 2044 1340 2090 τῶν
1392 2043 1684 2092 Νινευιτῶνει
1712 2060 1796 2095 385
1814 2059 1868 2094 A.

63 2123 319 2186 μετανοίας,
356 2125 419 2177 ὡς
462 2123 593 2193 ἔφην,
636 2123 887 2192 ἐμφανίζον
927 2124 1012 2186 τὴν
1051 2122 1336 2189 ὑπερβολήν.
1411 2120 1513 2172 οῖδα
1560 2122 1645 2185 μὲν

65 2205 145 2254 οῦν
172 2204 242 2255 ὅτι
273 2206 614 2272 κατερυθριῶσί
633 2228 751 2259 τινες
783 2207 857 2257 ε’πὶ
889 2207 1023 2274 τῷδε,
1063 2206 1142 2256 καί
1165 2209 1287 2273 φασι
1325 2205 1445 2264 κτήνη
1478 2207 1644 2271 χρῆναι

0 2305 46 2343 25
65 2291 271 2338 νοεῖσθαι
314 2286 420 2340 τοῦς
469 2289 516 2337 ἐν
558 2286 820 2354 ἀνθρώποις
864 2286 1210 2353 ἀλογωτάτους.
1280 2288 1352 2337 καὶ
1396 2285 1578 2349 ἀληθὴς
1620 2287 1645 2336 ὁ

65 2368 222 2434 λόγος,
259 2370 334 2419 καὶ
371 2369 420 2420 εῦ
455 2368 512 2419 ἂν
552 2369 648 2437 ε”χοι
688 2368 806 2420 κατὰ
847 2368 1044 2435 καιροὺς,
1087 2371 1123 2419 εἰ
1168 2371 1278 2436 τῇδε
1323 2373 1473 2418 νοοῖτο
1515 2367 1647 2434 παρά

63 2473 216 2503 τινων.
277 2451 388 2501 ἀλλ’
431 2450 493 2504 εἵς
536 2473 590 2516 γε
634 2456 728 2502 τῶν
767 2450 1080 2517 προκειμένων
1120 2449 1203 2501 τὸν
1244 2456 1352 2501 νοῦν
1394 2449 1644 2516 ἁρμόσειεν

63 2531 120 2583 ἂν
145 2533 285 2585 ἐκεῖνό
311 2556 402 2585 που
429 2533 564 2601 τάχα,
592 2531 646 2584 τὸ
672 2536 754 2597 τῆς
780 2535 1024 2597 μετανοίας
1056 2534 1176 2601 φημὶ
1208 2533 1643 2597 κατασημαίνεσθαι

109 2750 143 2785 3.
168 2739 234 2784 γὰρ
251 2739 312 2783 μὲν
330 2737 423 2772 Edd.
648 2749 681 2781 5.
709 2734 761 2781 οἷᾳ
779 2750 842 2770 τινι
860 2737 987 2781 χαλινῷ
1006 2735 1224 2769 ἀνακόπτοντι
1241 2749 1288 2780 γ.,
1307 2749 1337 2769 κ.
1354 2734 1562 2778 μετατιθέντι
1580 2735 1640 2769 iid.

67 2797 120 2821 10.
146 2785 231 2820 οὕτω
249 2791 468 2829 assumptum
488 2795 528 2817 ex
549 2783 591 2818 B.
783 2794 835 2825 14.
861 2783 1102 2827 ἀπεστρέψατε
1117 2782 1208 2816 Edd.
1379 2782 1431 2815 18.
1458 2785 1563 2816 ποτοῦ
1580 2782 1640 2817 iid.

65 2843 120 2867 20.
145 2832 184 2867 ἂν
202 2844 264 2877 pro
282 2833 375 2866 ἐστιν
392 2831 451 2865 iid.
713 2840 767 2863 21.
793 2829 980 2872 ἐπεσήμηνε
997 2829 1056 2862 iid.
1327 2839 1381 2862 22.
1408 2828 1426 2871 ἡ
1444 2829 1560 2873 γραφὴ
1579 2841 1640 2873 pro

64 2881 102 2914 τὸ
121 2894 174 2925 γρ.
192 2880 229 2913 τὸ
249 2879 270 2913 ἶ.
288 2878 348 2912 iid.
737 2887 792 2921 23.
819 2877 862 2911 ὡς
879 2877 966 2921 ἔφην
983 2882 1161 2920 assumpta
1179 2887 1219 2909 ex
1239 2875 1282 2909 Β.
1332 2876 1563 2919 ἐμφανίζουσα
1580 2876 1639 2910 iid.

66 2936 120 2968 24.
145 2928 266 2971 χρῆναι
283 2931 505 2970 assumptum
523 2936 563 2958 ex
584 2923 624 2957 B.
1105 2923 1157 2956 28.
1184 2937 1249 2957 που
1267 2923 1354 2967 τάχα
1372 2934 1441 2957 om.
1462 2922 1504 2956 B.
1553 2924 1641 2968 φημὶ

64 2979 283 3018 assumptum
301 2984 341 3005 ex
362 2971 403 3005 B.
