2021 3434
327 219 414 258 654
729 215 778 256 B.
818 213 1097 256 CYRILLI
1138 212 1523 254 ALEXANDR.
1682 211 1907 262 iii.11,12.

2004 286 2017 348 ᾗ]

1317 327 1337 337 “
1402 323 1562 374 “”Ότι
1600 322 1825 387 ἐνοικήσω
1862 324 1912 373 ἐν
2004 353 2014 387 1:

107 346 267 377 ποιων-ἱ.
329 329 483 378 αὐτῶν
519 349 612 379 που
647 329 770 394 φησὶ
804 325 880 378 διὰ
913 324 1162 394 προφήτου
1204 332 1365 392 φωνης

105 390 278 466 ἑίἷνῗ.1ἶξν
330 417 357 439 “
384 411 539 462 αὐτοῖς
589 412 664 460 καὶ
709 407 1088 474 ἐμπεριπατήσω,
1131 409 1207 457 καὶ
1249 406 1419 469 ε”σομαι
1464 405 1616 456 αὐτῶν
1655 404 1790 466 Θεὸς,
1834 407 1909 456 καὶ

329 500 358 522 ‘6
426 493 435 507 9
495 493 509 509 X
546 490 567 507 'l
721 491 732 508 Ι
937 489 946 503 Ι
997 490 1022 505 ’7

382 515 511 543 αυτοι
538 514 728 542 εσονται
751 513 831 555 μοι
857 498 990 543 λαος.

264 705 305 729 11
330 681 380 724 Οἱ
423 683 649 731 ἡΓούμενοι
690 682 819 723 αὐτῆς
862 681 966 729 μετὰ
1008 679 1163 737 δώρων
1205 680 1384 736 ἔκρινον,
1426 678 1494 719 καὶ
1532 676 1570 719 οἶ
1611 676 1738 735 ἱερεῖς
1777 678 1910 719 αὐτῆς

1995 581 2001 760 !

395 767 501 816 μετὰ
540 768 688 815 μισθοῦ
723 764 1020 821 ἀπεκρίνοντο,
1049 764 1116 804 καὶ
1143 761 1180 804 οἷ
1214 766 1438 819 Προφῇται
1472 762 1605 803 αὐτῆς
1641 761 1747 810 μετὰ
1785 761 1905 818 ᾶρΓυ-
1929 773 1951 812 5
1997 765 1998 770 ’

398 850 489 906 ρίου
522 850 820 899 ἐμαντεύοντο,
857 848 926 888 καὶ
959 847 1029 888 ἐπὶ
1063 847 1137 888 τὸν
1173 846 1322 903 Κύριον
1355 846 1677 886 ὲΠανεΠοιύοντο
1714 844 1911 891 λείη-οντες

289 943 310 969 C
397 932 499 989 Οὐχὶ
533 932 682 990 Κύριος
717 931 763 973 ὲν
805 929 904 980 ὑμῖν
940 930 1081 983 ἑστὼς
1135 930 1182 970 οὐ
1226 930 1282 979 μὴ
1328 929 1487 986 ὲπὲλθῌ
1527 928 1595 984 ἐφ’
1633 929 1748 976 ἡμᾶς
1788 928 1912 969 κακά.

396 1101 537 1150 sumu
575 1102 635 1142 (bc
673 1100 1040 1158 ὀπωροφαλάκιον
1078 1099 1208 1149 ἔσται,
1249 1098 1317 1138 καὶ
1353 1097 1401 1139 τὸ
1444 1098 1546 1155 ὅρος
1579 1101 1652 1139 τοῦ
1693 1094 1813 1138 οἴκου
1850 1097 1912 1138 ὡς

398 1185 529 1227 ἄλσος
556 1184 730 1241 δρυμοῦ.

265 1033 308 1058 12
397 1017 465 1058 διὰ
491 1020 617 1058 τοῦτο
645 1015 690 1056 δι’
724 1016 832 1063 ὑμᾶς
858 1015 974 1056 Σιὼν
999 1015 1060 1056 ὡς
1086 1013 1215 1070 ἀΓρὸο
1241 1013 1638 1069 ἀροτριασθύσεται,
1665 1011 1733 1052 καὶ
1753 1011 1913 1069 Ἰερου-
1996 982 2001 1036 Ι

1932 1038 2007 1284 Ῑοι

405 1299 645 1364 Βδελυρόν
670 1321 713 1349 τι
738 1300 910 1365 χρῆμα,
939 1298 1014 1347 καὶ
1040 1300 1133 1346 τῶν
1160 1294 1230 1346 ὅτι
1255 1294 1471 1359 μάλιστα
1495 1293 1914 1360 κατεστυγημένων

331 1385 398 1450 τῷ
417 1380 644 1450 πανάγνῳ
665 1384 773 1449 Θεῷ
800 1382 875 1430 καὶ
895 1380 1047 1445 κρίσις
1068 1378 1222 1431 ἄδικος
1242 1379 1317 1429 καὶ
1338 1377 1609 1443 δωροδοκία.
1652 1375 1913 1443 γέγραπται

109 1475 207 1534 Ῑῇξξξν·
332 1462 425 1529 γὰρ
466 1462 537 1513 ὅτι
569 1470 596 1491 “
617 1461 960 1524 Λαμβάνοντος
998 1463 1125 1527 δῶρα
1159 1462 1209 1511 ἐν
1253 1460 1417 1529 κόλπῳ
1453 1460 1622 1512 ἀδίκως
1662 1459 1715 1509 οὐ
1752 1480 1915 1509 κατευ-

108 1526 258 1557 muz&
332 1553 359 1575 ‘⁵
386 1547 601 1596 οδοῦνται
647 1545 786 1595 ὁδοί.”
865 1544 1086 1608 ἥττηνται
1123 1541 1217 1609 γὰρ
1258 1540 1346 1593 ὧδέ
1386 1564 1504 1596 τινες·
1553 1544 1636 1606 τῆς
1681 1540 1915 1608 ἐπαράτου

333 1626 658 1697 φιλοκερδείας
707 1627 783 1676 καὶ
827 1625 1107 1690 λημματίων
1157 1628 1383 1692 αἰσχρῶν,
1430 1627 1492 1678 ὡς
1539 1624 1756 1690 ἡγεῖσθαι
1802 1624 1912 1690 παρ’
1935 1643 1979 1683 15

332 1709 463 1761 οὐδὲν
496 1707 550 1760 τὸ
585 1707 888 1776 παρευθύνειν
920 1706 974 1758 τὸ
1007 1709 1199 1769 δίκαιον,
1235 1708 1311 1758 καὶ
1347 1705 1632 1773 πιπράσκειν
1663 1705 1751 1770 τὴν
1788 1704 1910 1770 ἀλή-

287 1799 315 1840 (1
332 1796 472 1843 θειαν.
516 1790 680 1857 ὥσπερ
707 1790 756 1841 δὲ
782 1794 823 1841 οἱ
849 1790 976 1840 κόνιν
1002 1789 1231 1851 λαβόντες
1257 1793 1319 1842 εὶς
1347 1787 1625 1858 ὀφθαλμοὺς
1650 1789 1915 1838 ἀτονοῦσαν

330 1873 493 1942 ἔχουσι
517 1876 599 1937 τῆς
626 1874 818 1937 ὀπτικῆς
839 1872 1074 1935 δυνάμεως
1093 1871 1179 1936 τὴν
1195 1869 1443 1937 ἐνέργειαν,
1460 1871 1580 1922 οὕτω
1606 1871 1805 1921 κάκεῖνοι
1831 1868 1916 1933 τὴν

110 1973 272 2005 Ex.xxifi.
332 1960 394 2009 εἷς·
421 1961 529 2007 νοῦν
556 1955 794 2023 δεχόμενοι
819 1954 1037 2020 πήρωσιν
1068 1956 1155 2022 οὐχ
1186 1955 1362 2019 ὁρῶσιν
1388 1953 1471 2004 ἔτι·
1518 1959 1545 1982 “
1562 1950 1639 2003 Τὰ
1669 1950 1762 2018 γὰρ
1789 1953 1916 2016 δῶρα

332 2045 360 2068 “
386 2039 616 2106 ἐκτυφλοῖ
639 2036 920 2106 ὀφθαλμοὺς
954 2040 1138 2106 σοφῶν,
1174 2035 1297 2087 καθὰ
1330 2034 1609 2103 γέγραπται,
1634 2039 1710 2084 καὶ
1747 2033 1914 2096 λυμαί-
1933 2054 1981 2081 20

331 2128 358 2150 ‘⁶
385 2143 509 2171 νεται
543 2118 731 2187 ῥήματα
758 2119 956 2170 δίκαια·”
1004 2123 1046 2170 οἱ
1081 2117 1130 2170 δὲ
1162 2117 1219 2183 δὴ
1249 2117 1304 2169 τὸ
1331 2117 1507 2169 δίκαιον
1531 2114 1913 2183 παρευθύνοντες,

329 2207 425 2253 τῶν
488 2203 625 2253 θείων
685 2201 967 2270 ἀξιωμάτων
1027 2200 1082 2252 τὸ
1134 2199 1372 2267 εἰλικρινὲς
1438 2202 1653 2250 ἀδικοῦσι
1714 2197 1911 2251 κάλλος.

329 2283 497 2351 πρέπει
537 2284 630 2352 γὰρ
669 2283 799 2353 μόνῳ
835 2283 890 2334 τὸ
930 2283 1098 2351 κρίνειν
1134 2287 1262 2352 Θεῷ,
1301 2285 1376 2334 καὶ
1415 2287 1553 2333 τοῦτο
1595 2280 1725 2334 εἰδὼς
1766 2281 1791 2331 ὃ
1817 2303 1910 2343 μα-

111 2365 249 2398 Deum.

114 2416 163 2450 17-
331 2366 488 2434 κάριος
521 2369 612 2435 ἔφη
650 2368 866 2430 Μωυσῆς
912 2372 938 2396 “
963 2367 1039 2417 Οὐ
1072 2364 1213 2435 λήψῃ
1244 2364 1506 2432 πρόσωπον
1545 2365 1593 2414 ἐν
1634 2364 1800 2430 κρίσει,
1843 2361 1915 2413 ὅτι

295 2468 317 2493 e
334 2456 362 2478 “
387 2449 415 2513 ἡ
440 2449 594 2515 κρίσις
619 2453 702 2499 τοῦ
725 2451 850 2499 Θεοῦ
875 2448 1052 2498 ἐστιν.”
1099 2448 1124 2497 ὁ
1151 2447 1198 2498 δὲ
1223 2447 1391 2514 κρίνειν
1417 2446 1553 2497 ἄδικα
1577 2442 1913 2509 μεμελετηκὼς,
1931 2459 1998 2544 25}

331 2533 581 2599 μονονουχὶ
604 2535 700 2582 τῶν
725 2531 863 2582 θείων
888 2532 964 2581 καὶ
999 2529 1268 2597 ὑπερτάτων
1293 2527 1487 2580 ἅπτεται
1521 2527 1717 2595 θρόνων,
1743 2527 1819 2578 καὶ
1853 2530 1916 2581 εἰς

380 2696 412 2727 4.
438 2681 854 2728 αὐτῆς-αὖτῆς-αὐτῆς]
874 2682 1295 2717 αὖτῶν-αὐτῶν-αὗτῶν
1313 2680 1403 2715 Edd.
1423 2681 1495 2724 (42,
1517 2681 1610 2725 153.)
1798 2679 1832 2714 6.
1857 2680 1916 2714 τὸν
2011 2691 2018 2718 r

332 2742 403 2765 om.
422 2731 466 2764 A.
485 2730 607 2775 (233.)
720 2741 751 2774 7.
779 2729 902 2773 Κύριος
919 2736 952 2763 et
969 2729 1064 2763 ἐστίν
1081 2741 1150 2763 om.
1169 2729 1213 2762 A.
1319 2730 1351 2762 8.
1377 2729 1421 2764 ὡς
1438 2728 1541 2773 ἀγρὸς
1558 2739 1627 2761 om.
1646 2727 1691 2762 A.
1795 2739 1830 2770 9.
1854 2728 1913 2761 τοῦ
2013 2737 2018 2753 ⁸

335 2831 514 2868 sumptum
533 2836 575 2857 ex
593 2824 636 2857 A.
790 2834 844 2868 13.
862 2824 1092 2867 λαμβάνοντες
1110 2823 1153 2856 A.
1168 2824 1281 2867 (103.)
1323 2823 1438 2867 κόλπῳ
1456 2821 1499 2855 Α.
1515 2821 1648 2865 (Alex.)
1667 2823 1805 2855 κόλποις
1823 2818 1913 2854 Edd-

335 2870 459 2904 Statim
477 2871 597 2905 ἀδίκως
614 2882 684 2905 om.
699 2870 742 2904 A.
866 2881 919 2912 14.
947 2869 1038 2915 ὁδοί]
1059 2870 1092 2903 αἱ
1110 2870 1182 2903 ὁδοὶ
1198 2870 1242 2902 Α.
1263 2869 1334 2912 (68.
1354 2869 1413 2912 al.)
1537 2878 1590 2913 15.
1615 2867 1852 2913 φιλοκερδείας
1868 2866 1913 2900 Α.

333 2917 552 2960 φιλοκερδίας
571 2916 662 2951 Edd.
711 2917 765 2950 καὶ
780 2917 976 2960 λημματὶων
993 2917 1146 2960 αἰσχρῶν
1163 2922 1383 2950 accesserunt
1400 2927 1441 2948 ex
1460 2915 1504 2948 A.
1691 2924 1743 2959 17.
1770 2914 1800 2947 οἱ
1819 2913 1913 2947 deest

332 2963 367 2995 in
388 2963 480 2997 Edd.
681 2975 733 3008 19.
759 2963 806 2999 εἷς
823 2966 900 2997 νοῦν
916 2964 960 2997 A.
978 2963 1024 2999 εἷς
1042 2964 1192 3007 Χριστὸν
1210 2962 1302 2996 Edd.
1351 2962 1413 3007 οὐχ
1432 2963 1558 3006 ὁρῶσιν
1575 2962 1623 2996 ἔτι
1641 2961 1732 2995 Α.Β.
1751 2960 1802 2994 ὅτι
1820 2958 1913 2994 Edd-

332 2776 441 2822 οἴκου]
466 2782 503 2818 -†-
525 2777 650 2822 Κυρίου
670 2776 707 2810 F.
727 2776 802 2821 (23.
822 2776 886 2820 al.)
906 2776 1030 2820 Κυρίου
1047 2788 1111 2820 pro
1128 2778 1187 2809 τοῦ
1205 2774 1296 2809 οἵκου
1314 2777 1358 2809 Α.
1597 2785 1651 2809 12.
1677 2773 1730 2807 καὶ
1746 2773 1842 2818 prius
1859 2785 1914 2807 as·
1990 2551 1997 2826 ί
2012 2790 2018 2797 ·

334 3019 386 3043 20.
406 3009 513 3045 καθὼς
529 3009 588 3044 iid.
679 3021 733 3055 23.
752 3009 889 3055 πρέπει]
908 3014 944 3050 -1-
961 3010 1021 3053 μὲν
1038 3011 1083 3044 A.
1131 3012 1177 3055 τῷ
1194 3011 1285 3057 μόνῳ
1303 3021 1365 3055 pro
1382 3010 1471 3056 μόνῳ
1488 3011 1526 3042 τὸ
1541 3009 1585 3043 A.
1674 3018 1730 3050 25.
1748 3007 1767 3051 ἡ
1785 3018 1854 3041 om.
1868 3006 1911 3040 A.
1988 2833 1994 3113 ξ

1988 3163 1993 3194 Ι

1988 3211 1992 3230 ι
