2021 3434
327 200 411 239 428
717 200 765 239 B.
810 199 1080 239 CYRILLI
1119 198 1495 239 ALEXANDR.
1695 196 1900 251 iii.9—11.

328 307 388 359 τὰ
425 307 753 373 θυσιαστήρια,
793 308 1083 376 κατηφάνισε
1117 308 1176 359 τὰ
1213 309 1358 373 ἄλση,
1398 308 1652 359 κατέκαυσε
1689 305 1743 358 τὸ
1779 303 1905 371 ἅρμα

329 395 412 440 τοῦ
442 389 594 452 ἡλίου,
631 388 900 459 κατέσφαξε
939 388 1046 444 τοὺς
1082 394 1211 456 ἱερεῖς
1247 395 1341 441 τῶν
1377 391 1580 459 ὑψηλῶν
1619 390 1668 439 ἐν
1707 385 1905 450 Βαιθὴλ,

331 471 452 521 ὀστᾶ
489 471 747 537 ἀνθρώπων
784 472 1036 538 ἐνέπρησεν
1073 473 1145 524 ἐπὶ
1183 477 1249 542 τῷ
1287 471 1607 540 θυσιαστηρίῳ
1639 475 1732 521 τῶν
1758 466 1906 531 δαμά-

286 558 464 615 ἆλεων,
510 553 665 617 ἤλασε
708 552 816 608 τοὺς
858 554 1091 619 γνώστας,
1132 553 1528 622 ψευδοπροφήτας
1571 552 1626 617 δὴ
1665 552 1790 617 λέγω
1831 552 1906 600 καὶ

330 633 666 702 ψευδομάντεις
729 638 802 686 καὶ
859 637 1276 701 ἐγγαστριμύθους,
1333 636 1546 686 ἐκέλευσε
1601 638 1784 701 κρατεῖν
1831 634 1907 683 καὶ

331 715 510 784 ἰσχύειν
551 719 599 768 ἐν
647 719 712 786 τῷ
754 718 953 784 Ἰσραήλ
1004 717 1062 769 τὰ
1113 717 1188 769 διὰ
1236 724 1317 769 τοῦ
1367 717 1620 786 πανσόφου
1665 714 1909 770 Μωυσέως

330 798 689 864 τεθεσπισμένα·
729 801 795 851 ἐπ’
824 801 964 851 αὐτοῦ
998 800 1219 851 τεθύκασι
1253 799 1335 851 τὸν
1368 799 1527 862 ἀμνὸν,
1556 801 1629 849 καὶ
1663 799 1716 849 τὸ
1740 798 1910 865 πάσχα

331 882 629 932 τετελέκασιν
673 884 719 933 ἐν
763 887 856 936 τοῖς
900 882 1260 948 Ἱεροσολύμοις.
1326 881 1479 946 ἐπειδὴ
1529 881 1577 932 δὲ
1626 879 1682 945 ἧν
1734 879 1910 946 ἀγαθὸς

332 964 407 1014 καὶ
441 962 638 1029 γνήσιος
672 963 788 1026 μετὰ
816 968 954 1026 Θεοῦ,
980 964 1148 1028 πέμπει
1183 964 1301 1031 πρὸς
1326 963 1508 1015 Ὀλδάν
1541 963 1627 1026 τὴν
1659 965 1910 1031 προφῆτιν,

332 1044 728 1098 διαπυνθάνεσθαι
765 1045 925 1112 ζητῶν,
952 1051 988 1097 εὶ
1022 1047 1275 1116 καταλήξει
1311 1048 1392 1110 τῆς
1427 1047 1569 1112 ὀργῆς
1600 1047 1624 1095 ὁ
1660 1048 1753 1095 τῶν
1784 1044 1911 1095 ὅλων

333 1127 602 1191 Δεσπότης,
642 1133 678 1179 εἰ
723 1131 770 1179 ἐν
813 1133 946 1198 καλῷ
992 1130 1193 1179 κείσεται
1234 1132 1315 1192 τῆς
1358 1129 1596 1194 εὐημερίας
1634 1129 1658 1178 ὁ
1696 1126 1910 1193 Ἰσραὴλ,

295 1210 410 1260 εκαὶ
460 1209 656 1276 ἀργήσει
705 1209 873 1262 λοιπὸν
923 1210 982 1262 τὰ
1027 1210 1102 1262 διὰ
1152 1214 1312 1279 φωνῆς
1362 1214 1620 1278 προφητῶν
1669 1209 1737 1260 ἐπ’
1787 1209 1912 1278 αὐτῷ

113 1303 235 1377 ΞΧῙὶἰίθὲι-
333 1292 773 1358 προαπηγγελμένα.
837 1293 864 1356 ἡ
907 1291 955 1344 δὲ
998 1291 1116 1360 πρὸς
1161 1293 1324 1347 αὐτούς
1363 1300 1389 1322 ‘⁵
1410 1292 1535 1344 Τάδε
1574 1292 1699 1357 λέγει
1741 1291 1912 1357 Κύριος

114 1390 156 1421 ad
171 1356 251 1421 sin.⁵
336 1381 362 1404 ‘⁶
389 1375 414 1424 ὁ
453 1373 573 1429 Θεὸς
608 1375 809 1441 Ἰσραήλ
848 1375 1023 1426 Ε’ίπατε
1061 1380 1126 1443 τῷ
1161 1377 1291 1441 ἀνδρὶ
1330 1378 1396 1443 τῷ
1429 1375 1762 1426 ἀποστείλαντι
1796 1375 1913 1436 ὑμᾶς

335 1463 362 1484 “
387 1455 504 1522 πρὸς
542 1457 605 1520 μέ
643 1456 768 1508 Τάδε
807 1457 934 1523 λέγει
979 1457 1150 1522 Κύριος
1189 1456 1312 1508 Ἰδοὺ
1357 1457 1516 1523 ἐπάγω
1563 1455 1682 1507 κακὰ
1719 1457 1792 1507 ἐπὶ
1831 1456 1912 1507 τὸν

334 1546 362 1568 “
389 1539 534 1590 τόπον
576 1545 741 1590 τοῦτον
785 1541 860 1590 καὶ
903 1540 975 1590 ἐπὶ
1016 1538 1123 1592 τους
1163 1541 1448 1592 ἐνοικοῦντας
1487 1541 1534 1589 ἐν
1573 1540 1696 1608 αὐτῷ
1733 1538 1913 1592 πάντας

335 1629 362 1651 “
386 1620 493 1675 τοῦς
535 1620 706 1687 λόγους
757 1627 840 1672 τοῦ
890 1622 1082 1683 βιβλίου
1134 1621 1211 1675 οῦς
1261 1621 1438 1687 ἀνέγνω
1481 1620 1709 1680 βασιλεὺς
1741 1620 1913 1683 Ἰούδα,

337 1710 364 1732 “
391 1704 496 1755 ἀνθ’
531 1701 594 1754 ὧν
630 1703 938 1769 ἐγκατέλιπόν
975 1726 1046 1767 με,
1081 1705 1155 1754 καὶ
1191 1705 1389 1768 ἐθυμίων
1428 1708 1546 1757 θεοῖς
1584 1702 1763 1769 ἑτέροις,
1789 1702 1914 1756 ὅπως

336 1792 363 1814 “
389 1786 727 1853 παροργίσωσί
767 1809 824 1849 με
864 1787 913 1837 ἐν
962 1791 1056 1840 τοῖς
1102 1786 1253 1852 ἔργοις
1291 1790 1384 1837 τῶν
1427 1790 1594 1853 χειρῶν
1634 1787 1799 1848 αὐτῶν,
1838 1788 1914 1836 καὶ

118 1880 202 1914 282
223 1876 274 1911 A·
296 1874 365 1910 ὃς(
390 1867 726 1933 ἐκκαυθήσεται
777 1870 802 1920 ὁ
846 1867 990 1933 θυμός
1030 1891 1119 1932 μου
1170 1870 1218 1919 ἐν
1267 1872 1333 1938 τῷ
1383 1870 1512 1937 τόπῳ
1556 1868 1705 1938 τούτῳ
1752 1869 1833 1918 καὶ
1861 1869 1914 1918 οὐ

337 1957 363 1980 “
390 1951 733 2015 σβεσθήσεται.
813 1953 887 2002 καὶ
937 1949 1054 2017 πρὸς
1104 1941 1311 2011 βασιλέα
1358 1951 1512 2000 Ἰούδα
1561 1948 1644 2001 τὸν
1695 1950 1915 2002 ἀποστεί-

338 2039 365 2062 “
389 2040 541 2084 λαντα
575 2034 692 2097 ὑμᾶς
728 2033 925 2100 ζητῆσαι
959 2031 1041 2084 τὸν
1083 2033 1271 2099 Κύριον,
1306 2031 1414 2083 τάδε
1449 2034 1588 2098 ἐρεῖτε
1619 2032 1738 2099 πρὸς
1775 2033 1915 2084 αὐτόν

337 2124 364 2147 “
390 2117 514 2169 Τάδε
559 2118 684 2184 λέγει
730 2119 901 2184 Κύριος
942 2119 967 2169 ὁ
1010 2117 1129 2172 Θεὸς
1168 2118 1369 2183 Ἰσραήλ
1412 2121 1475 2168 Οἱ
1524 2115 1659 2183 λόγοι
1708 2140 1798 2180 μου
1838 2117 1916 2172 οὓς

338 2207 365 2230 “
390 2199 610 2264 ἤκουσας,
647 2202 752 2252 ἀνθ’
789 2199 854 2251 ὧν
888 2200 1137 2265 ἡπαλύνθη
1175 2201 1202 2264 ἡ
1235 2200 1399 2266 καρδία
1430 2222 1521 2250 σου
1559 2201 1634 2250 καὶ
1665 2199 1916 2266 ἐνετράπης

338 2289 366 2312 “
391 2282 484 2335 ἀπὸ
519 2284 780 2348 προσώπου
817 2284 1004 2350 Κυρίου,
1033 2285 1094 2336 ὡς
1127 2283 1332 2347 ἤκουσας
1365 2282 1458 2333 ὅσα
1491 2281 1711 2345 ἐλάλησα
1735 2283 1809 2333 ἐπὶ
1834 2281 1916 2333 τὸν

1933 1065 1979 1092 10

1933 1891 1982 1918 20

339 2373 366 2396 ‘⁶
389 2364 535 2417 τόπον
571 2371 736 2417 τοῦτον
773 2366 847 2416 καὶ
880 2367 953 2416 ἐπὶ
987 2364 1093 2419 τοὺς
1127 2366 1413 2418 ἐνοικοῦντας
1439 2364 1577 2433 αὐτῷ,
1609 2369 1692 2415 τοῦ
1718 2361 1828 2414 εἶναι
1855 2369 1917 2419 εἷς
1966 2411 1968 2413 ,

339 2454 367 2476 “
390 2446 664 2517 ἀφανισμὸν
696 2450 771 2499 καὶ
805 2451 865 2501 εἷς
901 2447 1119 2513 κατάραν,
1147 2449 1221 2498 καὶ
1257 2446 1498 2515 διέῤῥηξας
1533 2445 1591 2496 τὰ
1630 2445 1788 2510 ἱμάτιά
1824 2470 1917 2498 σου

340 2538 367 2560 “
394 2532 468 2581 καὶ
500 2531 735 2584 ἔκλαυσας
759 2529 953 2581 ἐνώπιόν
986 2553 1088 2593 μου,
1124 2530 1202 2580 καί
1237 2552 1291 2595 γε
1316 2528 1409 2594 ἐγὼ
1434 2528 1632 2593 ἥκουσα,
1665 2528 1790 2594 λέγει
1819 2530 1916 2580 Κύ-

296 2615 322 2655 b
342 2620 367 2642 “
390 2636 503 2678 ριος.
571 2615 658 2681 οὐχ
681 2615 838 2667 οὕτως·
879 2611 978 2663 ἰδοῦ
1001 2611 1293 2678 προστίθημί
1323 2634 1380 2662 σε
1415 2610 1532 2678 πρὸς
1571 2610 1676 2664 τοὺς
1714 2611 1916 2678 πατέρας

387 2744 420 2778 3.
445 2734 500 2767 ἐπὶ
517 2736 563 2779 τῷ
582 2733 813 2780 θυσιαστηρίῳ
833 2732 874 2766 Β.
893 2732 946 2767 ἐπὶ
963 2733 1022 2765 τοῦ
1039 2731 1284 2774 θυσιαστηρίου
1302 2730 1394 2765 Edd.
1597 2729 1630 2764 6.
1656 2731 1715 2763 τοῦ
1732 2731 1915 2775 πανσόφου

341 2787 520 2824 assumpta
536 2793 577 2814 ex
594 2780 683 2814 AB.
825 2780 858 2814 8.
889 2780 923 2813 ἐν
940 2780 1009 2814 τοῖς
1025 2785 1205 2822 assumpta
1223 2790 1262 2812 ex
1284 2778 1324 2811 B.
1343 2777 1397 2812 ἐπὶ
1415 2779 1484 2812 τοῖς
1501 2777 1544 2810 A.
1686 2788 1719 2821 9.
1747 2776 1853 2810 ἀλδὰν
1869 2777 1913 2810 A.

340 2826 518 2870 προφήτην
537 2827 628 2861 Edd.
1002 2837 1054 2859 10.
1073 2825 1296 2859 διαπυθέσθαι
1313 2826 1356 2858 Α.
1410 2823 1588 2867 καταλήξει
1608 2823 1649 2857 Β.
1669 2825 1852 2866 καταλῆξαι
1869 2825 1912 2857 Α.

341 2873 503 2918 κατέληξε
522 2873 613 2907 Edd.
807 2884 859 2907 12.
885 2872 935 2907 ἐπ’
954 2873 1061 2906 αὐτῶν
1080 2872 1169 2906 Edd.
1364 2882 1415 2916 15.
1443 2869 1530 2916 ἰδοὺ]
1552 2875 1588 2911 -Ι-
1603 2871 1668 2915 ἐγὼ
1686 2869 1777 2904 Edd.
1791 2869 1914 2915 (vat.)

345 2918 398 2952 16.
424 2919 458 2952 ἐν
475 2921 562 2965 αὐτῷ
581 2920 622 2954 Β.
643 2921 715 2965 (19,
733 2931 790 2966 93,
812 2920 903 2964 108.)
922 2920 1022 2953 αὐτὸν
1039 2920 1080 2953 A.
1101 2918 1223 2961 (A.V.)
1241 2918 1330 2963 αὐτῷ
1350 2917 1442 2951 Edd.
1622 2928 1676 2961 23.
1698 2931 1764 2960 μου
1780 2928 1849 2950 om.
1868 2917 1912 2950 A.

343 2974 397 3006 24.
423 2964 595 3009 ἁπαλύνθη
615 2967 706 3001 Edd.
1016 2965 1070 3000 26.
1089 2966 1187 3000 αὐτὸν
1201 2966 1243 2999 Α.
1263 2964 1393 3009 (A.V.)
1443 2964 1567 2998 Statim
1585 2966 1643 2998 τοῦ
1662 2963 1756 2998 deest
1772 2962 1807 2996 in
1820 2962 1912 2997 Edd.

344 3021 398 3054 29.
419 3011 515 3045 Haec
533 3013 595 3057 οὐχ
613 3012 716 3048 οὕτως
734 3013 859 3047 desunt
876 3013 912 3047 in
930 3013 1021 3047 Edd.
