2021 3434
305 219 388 259 642
716 219 767 258 Β.
809 218 1080 259 CYRILLI
1130 220 1512 261 ALEXANDR.
1648 220 1690 260 ii.
1718 232 1781 269 12,
1808 231 1871 273 13.

303 327 434 395 ἑτέρα
470 327 668 390 πληθύς.
736 328 972 395 τοιγάρτοι
1007 332 1083 380 καὶ
1119 330 1228 394 μίαν
1267 328 1661 394 ὑπομεμενηκότες
1691 331 1876 397 ψῆφον,

303 409 389 473 τὴν
429 413 489 463 εἷς
533 410 807 476 κατάκρισιν
851 411 976 477 λέγω
1026 413 1103 462 καὶ
1147 412 1440 482 ἁποστροφῇν,
1487 415 1732 465 ἰσοπαλεῖς
1781 414 1877 462 τοῖς

305 492 640 558 ἡμαρτημένοις
666 494 967 544 ἀποτετίκασι
991 494 1134 547 δίκας.

269 760 383 801 c‘Qc
431 761 623 817 Πρόβοιτα
671 761 715 802 ἐν
765 760 917 812 θλίψει,
959 761 1019 801 ὡς
1069 760 1262 809 ποίμνιον
1311 761 1355 802 ὲν
1406 762 1524 814 μέσῳ
1561 759 1703 801 κοίτιιε
1748 758 1877 800 αὐτοῦ

243 859 289 894 13
375 843 629 886 ὲέαλοῡνται
676 843 722 886 ἐξ
776 843 1018 900 ἀνθρώπων
1071 843 1138 884 διὰ
1188 849 1261 885 τιῖιε
1312 849 1456 885 κοπιῗιε·
1515 843 1597 900 Πρὸ
1645 841 1922 899 Προσὼῐτου5

376 926 517 968 αὐτῶν
555 926 775 977 διέκοψαν,
814 927 882 967 καὶ
925 927 1096 968 διῆλθον
1134 929 1284 978 ΠύλΗν,
1323 928 1391 968 καὶ
1427 927 1609 969 ἐξῆλθον
1647 925 1692 967 δι’
1736 926 1881 976 αὐτῆς,

377 1009 445 1050 καὶ
486 1009 664 1052 ὲὲίιλθεν
705 1011 727 1051 ὁ
771 1010 964 1059 βασιλεὺς
1004 1009 1086 1067 Πρὸ
1123 1009 1357 1067 Προσώπου
1396 1010 1550 1060 αὐτῶν,
1587 1010 1609 1052 ὁ
1647 1008 1692 1052 δὲ
1733 1009 1881 1065 Κύριος

377 1093 579 1140 ἡΓύσετοιι
618 1093 773 1135 αὐτῶν.

398 1221 548 1276 ’Έθος
595 1228 690 1276 τοῖς
741 1225 887 1291 ἁγίοις
936 1224 1202 1294 προφήταις
1251 1228 1326 1276 καὶ
1374 1226 1423 1276 ἐν
1473 1226 1683 1291 θεωρίαις
1727 1225 1885 1278 αὐταῖς

309 1305 524 1369 γίνεσθαι
555 1306 787 1359 πολλάκις
820 1311 913 1357 τῶν
947 1309 1008 1360 ὡς
1046 1307 1233 1358 ἔσονται
1268 1306 1385 1358 κατὰ
1418 1307 1600 1374 καιροὺς
1637 1328 1884 1372 προαπηγ-
1906 1328 1953 1354 10

310 1387 570 1450 γελμένων,
600 1390 847 1455 μονονουχὶ
873 1388 921 1439 δὲ
949 1388 1160 1454 παρόντα
1183 1413 1231 1440 τε
1263 1393 1338 1440 καὶ
1364 1389 1666 1455 ἐνεργούμενα
1690 1388 1886 1449 βλέπειν

266 1467 370 1519 (1τά
403 1470 478 1519 καὶ
513 1474 713 1522 πολλοῖς
749 1471 946 1537 ὕστερον
971 1471 1267 1534 ἐκβησόμενα
1302 1471 1498 1538 χρόνοις.
1563 1470 1659 1522 οἷον
1685 1473 1709 1522 ὁ
1736 1471 1887 1535 μακά-

308 1573 406 1616 ριος
456 1550 705 1618 προφήτης
755 1552 964 1605 εΗσαΐας
1026 1552 1084 1603 τὰ
1144 1556 1248 1620 περὶ
1300 1558 1515 1620 Χριστοῦ
1574 1553 1886 1618 διηγούμενος,

308 1637 556 1700 μονονουχὶ
595 1633 641 1684 δὲ
681 1636 756 1684 καὶ
790 1634 1183 1702 ἀποκομιζόμενον
1220 1635 1412 1697 βλέπων
1450 1638 1524 1687 ἐπὶ
1562 1635 1615 1686 τὸ
1654 1635 1888 1701 σωτήριον

308 1714 478 1777 πάθος,
518 1716 651 1768 “Ὠς
682 1716 940 1782 πρόβατον,
976 1719 1140 1785 φησὶν,
1174 1720 1248 1769 ἐπὶ
1292 1717 1489 1786 σφαγὴν
1527 1717 1669 1785 ἤχθη,
1713 1720 1788 1769 καὶ
1826 1721 1887 1772 ὡς
1909 1736 1954 1775 15
2004 1784 2007 1792 ,

309 1805 336 1826 “
361 1796 505 1861 ἀμνὸς
544 1799 750 1849 ἐναντίον
787 1804 870 1849 τοῦ
910 1801 1140 1864 κείροντος
1178 1800 1318 1852 αὐτὸν
1357 1801 1588 1869 ἄφωνος.”
1653 1802 1802 1870 ἐρωτᾷ
1840 1800 1888 1852 δὲ

89 1720 143 1750 Es.
164 1720 220 1751 liii.

94 1784 119 1804 Ι.

308 1877 471 1945 ὥσπερ
503 1878 610 1934 τοὺς
642 1885 736 1931 τῶν
767 1881 898 1945 ἥλων
930 1881 1101 1936 τύπους
1132 1883 1490 1945 καταθεώμενος,
1517 1884 1598 1934 καί
1623 1887 1745 1951 φησι
1770 1882 1889 1949 πρὸς
1951 1908 1956 1914 ’

91 1961 187 1992 Zach.

91 2006 147 2036 xiii
174 2005 193 2036 6
311 1960 452 2012 αὐτὸν
491 1960 614 2029 τάχα
657 1986 749 2014 που
791 1962 873 2015 τὸν
917 1963 1092 2030 Κύριον
1134 1965 1264 2028 ἡμῶν
1301 1965 1488 2028 Ἰησοῦν
1527 1964 1740 2031 Χριστόν
1782 1973 1808 1995 ‘⁶
1828 1966 1894 2016 Τι’

311 2051 339 2073 “
365 2044 499 2094 αῦται
537 2048 584 2094 αὶ
621 2048 804 2111 πληγαὶ
840 2046 928 2097 ἀνὰ
962 2046 1109 2109 μέσον
1136 2052 1229 2097 τῶν
1253 2052 1419 2115 χειρῶν
1442 2069 1567 2110 σου;
1611 2048 1636 2098 ὁ
1669 2047 1716 2098 δὲ
1751 2045 1889 2111 εἶπεν,

313 2123 448 2180 “ΔΑς
491 2126 705 2193 ἐπλήγην
743 2130 791 2179 ἐν
822 2134 888 2198 τῷ
925 2129 1033 2199 οἴκῳ
1073 2135 1155 2180 τοῦ
1195 2131 1440 2195 ἀγαπητοῦ
1472 2130 1609 2192 μου.”
1672 2131 1888 2196 Ἱερεμίας
1910 2157 1956 2183 20
1990 2136 2006 2198 ‚³

275 2207 463 2273 θγεμὴν
511 2210 536 2259 ὁ
587 2210 838 2265 θεσπέσιος
887 2211 970 2262 τὸν
1020 2212 1245 2275 ἐσόμενον
1295 2210 1412 2262 κατὰ
1454 2214 1536 2276 τῆς
1577 2211 1891 2278 Ἰερουσαλὴμ
1989 2203 1992 2218 ⁶

312 2291 725 2360 προαναφωνήσας
767 2291 991 2356 πόλεμον,
1037 2295 1112 2344 καὶ
1161 2292 1350 2358 πληθὺν
1393 2293 1482 2358 ἤδη
1526 2298 1620 2345 τῶν
1655 2293 1892 2345 Ἰουδαίων
1950 2318 1954 2324 ·

313 2371 504 2437 πολλὴν
547 2374 756 2439 κειμένην
802 2376 927 2426 ἰδών·
986 2377 1047 2430 ὡς
1099 2377 1146 2426 ἐν
1191 2377 1399 2441 θεωρίαις
1442 2376 1490 2427 δὲ
1529 2376 1748 2441 δηλονότι
1791 2381 1891 2430 ταῖς

95 2456 188 2487 Hier.
205 2456 247 2488 iv.
313 2459 639 2524 προφητικαῖς·
681 2457 949 2525 κατοιμώζει
997 2458 1153 2523 λε’γων
1197 2458 1388 2522 “Οἰ’μοι
1432 2457 1537 2526 ἐγὼ,
1582 2459 1652 2510 ὅτι
1695 2460 1892 2510 ἐκλείπει

94 2509 145 2539 31.

363 2660 395 2683 2.
421 2664 455 2683 τε
474 2661 537 2694 pro
554 2649 645 2694 λέγω
663 2650 706 2684 Α.
1171 2662 1204 2696 3.
1230 2651 1449 2686 ἆποτετίκασι
1467 2651 1559 2685 Α.Β.
1577 2651 1783 2686 ἀποτίσουσι
1801 2650 1892 2686 Edd.

316 2705 348 2739 5.
373 2697 723 2741 ἐξαλοῦνται--κοπῆς
740 2697 868 2732 desunt
885 2698 919 2731 in
939 2697 982 2731 A.
1001 2699 1104 2742 κοπῆς
1124 2697 1165 2731 Β.
1178 2699 1321 2741 (22.31.)
1334 2699 1493 2742 διακοπῆς
1512 2698 1603 2733 Edd.
1777 2698 1810 2732 6.
1828 2698 1894 2733 διέ-

316 2744 411 2788 κοψα
428 2744 470 2777 Α.
489 2743 565 2787 (68,
584 2754 640 2789 97,
659 2744 760 2789 310.)
1091 2755 1122 2788 7.
1149 2747 1166 2778 ὁ
1183 2744 1366 2790 βασιλεὺς]
1391 2750 1427 2785 -1-
1448 2746 1556 2779 αὗτῶν
1575 2744 1666 2779 Edd.
1687 2744 1795 2788 (A.V.
1814 2745 1893 2789 διο.)

316 2790 433 2823 invitis
452 2790 542 2823 AB.
591 2791 699 2824 αὐτῶν
716 2803 784 2824 om.
803 2791 847 2825 A.
897 2793 914 2824 ὁ
933 2790 985 2836 δὲ]
1007 2791 1058 2825 ὅτι
1077 2791 1114 2825 F.
1135 2791 1225 2825 Edd.
1246 2791 1366 2836 (153.)
1385 2792 1494 2825 invito
1513 2794 1555 2826 A.
1683 2793 1715 2826 8.
1742 2791 1893 2837 ἡγήσατο

320 2836 356 2870 F.
376 2836 466 2870 Edd.
487 2838 597 2881 (¹53-)
616 2837 732 2871 invitis
750 2837 842 2872 ΑΒ.
989 2849 1042 2872 10.
1069 2837 1226 2884 γενέσθαι
1246 2842 1289 2872 A.
1337 2839 1400 2874 ἕως
1418 2839 1506 2884 (sie)
1525 2840 1568 2873 A.
1715 2850 1768 2873 11.
1792 2840 1894 2882 μόνον

317 2896 353 2915 τε
371 2883 446 2926 οὐχὶ
464 2895 525 2927 pro
543 2885 721 2929 μονονουχὶ
739 2885 775 2919 δέ
792 2885 838 2920 A.
1187 2897 1240 2919 12.
1267 2885 1479 2929 ἐκβησόμενα
1499 2886 1538 2920 Β.
1558 2885 1781 2931 ὀφθησόμενα
1800 2884 1889 2919 Edd.

323 2939 374 2970 14.
400 2931 500 2971 μόνον
518 2930 553 2963 δέ
571 2931 646 2976 οὐχὶ
665 2933 706 2965 Α.
871 2941 924 2977 15.
949 2932 1059 2977 φησὶν
1076 2939 1298 2977 assumptum
1316 2944 1357 2966 ex
1377 2932 1419 2966 B.
1581 2942 1634 2978 17.
1659 2934 1783 2968 τόπους
1799 2931 1890 2966 Edd.

323 2979 375 3008 18.
400 2990 465 3009 που
482 2977 568 3021 τάχα
585 2977 655 3011 inv.
675 2977 748 3012 ord.
768 2978 811 3012 A.
859 2978 1010 3023 Ἰησοῦν]
1034 2983 1070 3019 -ff—
1091 2980 1149 3013 τὸν
1168 2979 1260 3013 Edd.
1278 2979 1394 3013 invitis
1412 2979 1502 3014 A.B.
1705 2991 1758 3024 19.
1784 2975 1889 3023 εἶπεν]

324 3025 359 3060 †
382 3023 464 3065 πρὸς
481 3023 580 3057 αὐτὸν
597 3025 640 3058 A.
832 3036 886 3067 24.
913 3026 1152 3071 προφητικαῖς]
1172 3028 1407 3069 πνευματικαῖς
1426 3026 1468 3060 Β.
