2021 3434
125 217 177 257 iv.
205 229 269 271 13,
296 230 358 267 14.
552 215 624 255 IN
667 215 901 256 OSEAM.
962 214 1112 255 TOM.
1155 215 1243 257 III.
1614 214 1692 252 109

122 326 177 377 τὸ
227 327 380 381 αὐτοῖς
434 328 515 377 οὐκ
578 324 658 378 οἶδ’
710 327 835 381 ὅπως
884 329 1062 377 δοκοῦν.
1148 325 1289 377 ἐδόκει
1340 327 1493 376 τοίνυν
1542 325 1694 378 αὐτοῖς

124 409 451 476 ἀποδέχεσθαι,
493 411 629 477 φησὶ,
665 408 745 462 τὰς
781 408 933 471 σκιὰς,
972 410 1046 459 καὶ
1084 407 1173 460 ὑπὸ
1211 413 1305 462 τοῖς
1343 405 1696 460 εὐανθεστάτοις

124 490 414 557 θρύπτεσθαι
457 494 658 557 δρυμοῖς·
721 492 919 542 ἐπαινεῖν
974 514 1023 542 τε
1072 494 1146 542 καὶ
1208 491 1377 556 λέγειν,
1429 490 1491 541 ‘osv
1558 486 1696 540 καλόν

127 573 288 633 σκέπη.
350 575 514 624 οὐκοῦν
556 574 581 623 ὁ
619 572 874 641 φιλήδονος
910 574 992 623 οὐκ
1030 571 1086 623 ἂν
1124 572 1304 638 γένοιτο
1342 574 1418 623 καὶ
1455 569 1690 641 φιλόθεος.

85 675 106 712 5
125 657 200 706 καὶ
225 654 514 722 μαρτυρήσει
541 655 694 721 λέγων
720 656 744 704 ὁ
771 658 966 708 Παῦλος
991 655 1099 720 περί
1119 677 1270 717 τινων,
1299 654 1369 705 ὅτι
1395 661 1422 683 “
1443 651 1697 717 Φιλήδονοι
1761 674 1877 724 ¹zu'rim.

125 743 153 766 “
176 740 364 800 μᾶλλον
406 738 525 787 εἰσὶν
568 735 596 801 ἢ
638 735 893 804 φιλόθεοι.”
958 743 984 765 ⁴⁶
1006 735 1242 802 Μακάριοι
1280 735 1335 800 δὴ
1380 737 1460 787 οῦν
1503 739 1544 786 οἱ
1581 758 1691 786 πεν-
1758 729 1918 806 gllezsstth.

126 826 153 848 ‘⁶
178 822 366 871 θοῦντες
400 819 519 880 νῦν,”
550 816 670 869 καθά
703 823 853 885 φησιν
889 819 913 868 ὁ
950 817 1129 884 Σωτὴρ,
1166 819 1240 868 καὶ
1279 818 1332 868 τὸ
1363 816 1600 882 τληπαθὲς
1634 820 1695 871 εἷς
1758 830 1787 850 v.
1807 831 1836 857 4¹

124 901 296 955 πόνους
328 899 435 954 τοὺς
471 902 728 968 ἐπωφελεῖς
765 903 904 964 τιμᾶν
938 899 1007 950 ὅτι
1038 899 1252 964 μάλιστα
1284 901 1360 951 καὶ
1395 902 1583 965 ἀγαπᾶν
1621 901 1689 949 δι·
1715 911 1743 952 (1

126 982 478 1036 εσπουδακότες.

66 1203 109 1228 ῐο
128 1190 205 1230 Διά
233 1191 353 1229 τοῦτο
378 1189 730 1244 ὲκΠορνεύοουσιν
758 1186 799 1229 αἱ
828 1190 1051 1245 &oswi-:pec
1078 1189 1208 1239 ὑμῶν,
1236 1188 1303 1229 καὶ
1330 1186 1371 1229 αἱ
1398 1190 1557 1244 νύμφαι
1583 1188 1699 1237 ὑμῶν

195 1274 470 1328 μοιχεύσουσι.
531 1273 599 1313 καὶ
625 1272 671 1313 οὐ
699 1272 755 1321 μὴ
783 1273 1082 1322 ἐπισκέψωμαι
1115 1272 1185 1313 ἐπὶ
1218 1274 1294 1314 τάε
1327 1274 1556 1329 Θυτατέραε
1583 1273 1700 1321 ὑμῶν
1726 1288 1770 1320 14

195 1357 296 1398 ὅταν
334 1358 585 1413 Πορνεύωσι,
627 1356 694 1397 καὶ
736 1357 805 1397 ἐπὶ
842 1358 917 1398 τὰς
955 1358 1118 1412 νύμφας
1162 1357 1278 1405 ὑμῶν
1323 1358 1426 1398 ὅταν
1463 1360 1702 1413 μοιχεύωσι·

196 1440 302 1482 διότι
328 1440 396 1481 καὶ
423 1440 543 1482 αὐτοὶ
568 1441 673 1489 μετὰ
701 1441 786 1481 τῶν
812 1441 983 1497 Πορνὼν
1010 1442 1365 1498 συνανεφύροντο,
1392 1443 1460 1483 καὶ
1486 1442 1590 1491 μετὰ
1618 1444 1703 1485 τῶν

195 1525 510 1572 τετελεσμένων
535 1525 669 1566 ἔθυον.

66 1661 111 1699 15
203 1638 393 1703 Ἐπειδὴ
429 1638 521 1706 γὰρ
553 1638 847 1708 ἀξιάγαστον
882 1642 1000 1703 ὑμῖν,
1037 1644 1200 1709 φησὶν,
1226 1639 1339 1692 εἶναι
1374 1644 1500 1693 δοκεῖ
1529 1642 1582 1693 τὸ
1615 1642 1703 1694 ὑπὸ

132 1724 265 1791 φυτῷ
312 1722 600 1786 θρύπτεσθαι
648 1724 724 1773 καὶ
775 1728 941 1784 σκιαῖς,
993 1726 1067 1774 καὶ
1118 1722 1287 1788 ἡδονὴν
1340 1726 1600 1789 πεποίησθε
1649 1723 1703 1776 τὸ
1722 1746 1742 1772 e

131 1810 313 1855 λυποῦν
346 1803 436 1868 ἐμὲ,
463 1804 548 1869 τὴν
581 1805 811 1872 ἐπάρατον
837 1805 1054 1870 δηλονότι
1084 1805 1271 1870 πλάνην
1296 1809 1371 1857 καὶ
1397 1808 1703 1873 ἀκαθαρσίαν·

132 1886 346 1955 ταύτῃτοι
402 1886 672 1957 πορνεόσουσι
721 1888 805 1952 μὲν
860 1888 974 1956 ὑμῶν
1025 1896 1073 1940 αἱ
1126 1887 1369 1959 Θυγατέρες·
1449 1897 1497 1941 αἱ
1555 1890 1609 1940 δέ
1652 1913 1707 1957 γε

134 1968 318 2039 νύμφαι,
368 1970 608 2021 τουτέστιν
666 1974 711 2022 αἱ
773 1975 866 2022 τῶν
917 1974 1026 2022 υἱῶν
1074 1974 1284 2037 γαμεταὶ,
1334 1971 1703 2040 μοιχευθῆσ-οντοιι.

0 1737 5 1840 ἰ

0 1842 3 1878 l

0 1906 4 2028 ἒ

0 2029 4 2128 l
68 2076 116 2100 20
134 2049 219 2102 κᾶν
269 2056 306 2103 εἰ
355 2058 500 2103 ταῦτα
552 2053 774 2118 γένοιντο,
822 2055 986 2120 φησὶν,
1035 2053 1258 2120 ἠρεμήσω
1315 2054 1459 2120 κάγὼ,
1506 2057 1581 2106 καὶ
1632 2058 1707 2106 οὐκ

0 2129 3 2224 Ι
134 2129 470 2203 ἐπισκέψομαι.
554 2135 667 2186 ε”οικε
714 2135 762 2187 δὲ
812 2135 886 2187 διὰ
937 2135 1114 2187 τούτων
1163 2136 1222 2187 τὰ
1271 2138 1320 2187 ἐκ
1368 2142 1450 2188 τοῦ
1499 2137 1709 2200 πολέμου

0 2228 3 2283 ᾗ
134 2217 569 2282 προκαταγγέλλειν
612 2218 730 2269 κατὰ
771 2222 864 2269 τῶν
912 2217 1246 2285 ἡμαρτηκότων
1288 2217 1490 2282 ἐσόμενα
1526 2218 1708 2284 βλάβη,

0 2294 3 2367 l
135 2300 209 2349 καὶ
246 2297 305 2349 τὰ
339 2304 438 2352 ταῖς
471 2301 817 2367 αἰχμαλωσίαις
855 2299 1071 2364 ἑπόμενα.
1137 2305 1179 2351 οἱ
1220 2300 1313 2367 γὰρ
1358 2299 1491 2369 ἅπαξ
1524 2300 1709 2354 ἑλόντες

0 2372 3 2403 ³
137 2382 212 2430 καὶ
253 2380 546 2445 νενικηκότες,
590 2381 880 2448 πράττουσιν
925 2387 986 2436 εἰς
1031 2382 1136 2436 τοὺς
1187 2382 1388 2436 ἁλόντας
1432 2382 1485 2433 τὸ
1531 2386 1709 2445 δοκοῦν,

71 2486 119 2524 25
138 2462 378 2528 ἀχαλίνοις
427 2463 660 2531 ἐξουσίαις
719 2465 960 2532 χρώμενοι,
1014 2467 1087 2515 καὶ
1137 2464 1499 2528 ἀνεπιπλήκτοις
1549 2467 1751 2532 ὁρμαῖςα
1781 2483 1833 2518 77
1864 2482 1913 2516 A.

138 2543 256 2610 πρὸς
281 2549 376 2595 πᾶν
400 2546 552 2596 ὁτιοῦν
579 2550 672 2596 τῶν
697 2548 852 2601 αὐτοῖς
883 2546 988 2598 καθ’
1017 2545 1188 2611 ἡδονὴν
1222 2545 1478 2614 ἐρχόμενοι,
1509 2549 1583 2598 καὶ
1609 2549 1712 2599 οὕτε

141 2626 283 2689 νόμον
317 2627 709 2693 ὑπολογιζόμενοι,
749 2630 851 2679 οὔτε
887 2628 941 2679 τὸ
979 2627 1097 2682 εἰκὸς
1134 2627 1163 2692 ἢ
1201 2629 1379 2694 πρέπον
1416 2631 1584 2681 ἐννοεῖν
1624 2632 1706 2682 ἀν-

188 2794 223 2826 8.
249 2793 328 2826 Hoc
346 2792 625 2827 διεσπουδακότες
642 2794 784 2826 accessit
801 2805 841 2827 ex
861 2794 953 2827 B.D.
1292 2805 1344 2827 ΙΙ.
1371 2795 1600 2839 ἐπισκέψομαι
1618 2795 1711 2829 Edd.

146 2850 199 2874 12.
224 2838 429 2884 πορνεύωσι]
459 2839 515 2873 Sic
543 2839 585 2873 B.
604 2840 679 2883 (per
704 2854 740 2874 σ.
759 2842 930 2881 rasuram)
953 2840 1093 2884 (Alex.)
1118 2840 1335 2884 πορνεύσωσι
1360 2841 1451 2876 Edd.
1470 2841 1592 2886 (Vat.)
1639 2857 1711 2885 μοι-

142 2885 270 2931 χεὺωσι
288 2887 330 2920 Β.
349 2886 489 2930 (Alex.)
506 2886 717 2930 μοιχεύσωσι
736 2887 781 2919 D.
800 2886 892 2920 Edd.
911 2887 1030 2930 (Vat.)
1175 2898 1227 2932 13.
1254 2888 1338 2922 διότι
1357 2888 1449 2922 B.D.
1467 2889 1586 2933 (Alex.
1606 2888 1713 2933 XII.)

143 2933 196 2966 ὅτι
215 2932 304 2967 Edd.
323 2933 435 2976 (Vat.)
486 2933 612 2966 Statim
628 2934 681 2966 καὶ
699 2939 919 2977 assumptum
936 2945 977 2967 ex
996 2933 1088 2968 B.D.
1107 2934 1227 2978 (Alex.
1247 2934 1353 2979 XII.)
1468 2945 1520 2978 15.
1547 2936 1712 2981 ἀξιάγασ-

145 2994 202 3014 τον
219 2980 294 3023 ὑμῖν
310 2981 419 3024 φησὶν
438 2980 482 3013 D.
501 2980 554 3024 ἀξ.
574 2980 650 3023 ὑμῖν
666 2985 745 3024 post
762 2981 871 3024 φησὶν
888 2986 930 3014 tr.
951 2980 1042 3014 Edd.
1233 2982 1285 3016 18.
1309 2997 1348 3027 γε
1366 2988 1588 3028 assumptum
1605 2995 1647 3017 ex
1667 2983 1711 3016 D.

149 3036 202 3060 20.
228 3026 376 3071 γένοιντο
398 3026 437 3060 Β.
456 3026 586 3071 γένοιτο
605 3026 650 3060 D.
669 3027 858 3061 Aubertus.
988 3037 1040 3070 25.
1066 3028 1232 3073 ἀχαλίνως
1250 3028 1340 3063 Edd.
