2021 3434
141 205 198 246 iii.
223 221 345 261 9—11.
615 210 688 249 IN
726 210 920 250 AMOS.
981 209 1131 249 TOM.
1174 209 1232 250 ΙΙ.
1624 208 1705 247 427

140 317 222 378 τῆς
261 321 343 366 τοῦ
384 316 560 383 πατρὸς
595 319 829 378 εὐσεβείας
868 320 929 371 ὡς
967 316 1200 369 ἀποτάτω.
1264 315 1425 382 γε’γονε
1464 313 1555 381 γὰρ
1594 313 1710 379 ἀνὴρ

138 396 341 463 πονηρὸς
366 400 439 448 καὶ
464 398 580 464 πρὸς
610 404 704 450 πᾶν
731 401 881 450 ὁτιοῦν
907 404 1000 450 τῶν
1024 398 1229 450 ἐκτόπων
1255 399 1457 459 εὔκολος,
1483 395 1711 461 βδελυρὸς

140 480 215 528 καὶ
252 480 606 547 εἰδωλολάτρης,
639 484 713 532 καὶ
757 487 854 535 ταῖς
895 485 987 532 τῶν
1026 482 1272 545 δαιμονίων
1310 477 1507 532 ἀπάταις
1538 478 1591 528 οὐ
1628 500 1708 540 με·

139 560 276 624 τρίως
316 564 662 628 προσκείμενος.
731 564 862 617 οὗτος
900 564 1169 626 ἀνεδείματο
1206 561 1394 625 βωμοῦς
1437 564 1511 612 καὶ
1549 560 1711 624 τεμένη

101 645 206 711 5τῲ
239 642 390 706 Βάαλ,
433 667 806 709 προσκεκυνηκεν
841 644 1006 713 ἁπάσῃ
1043 649 1100 712 τῇ
1139 648 1342 712 στρατιᾷ
1380 648 1461 694 τοῦ
1500 643 1710 708 οὐρανοῦ,

1775 564 1795 590 4
1810 553 1894 593 Reg.

1774 597 1840 627 xxi.

1778 650 1792 670 2
1812 641 1887 671 Par.

1774 684 1888 714 xxxiii.

141 723 359 788 διήγαγεν
384 727 432 776 ἐν
455 728 565 792 πυρὶ
591 725 650 777 τὰ
674 727 764 778 ’ίδια
790 727 941 789 τέκνα,
961 724 1329 792 συγκεκρότηκεν
1355 723 1710 786 οἰωνοσκόπους,
1730 742 1752 765 a
1792 733 1871 766 281
1884 731 1932 765 Α·

140 809 215 857 καὶ
255 806 361 860 τοῦς
402 807 468 861 οἷς
508 808 677 871 μελέτη
719 809 772 859 τὸ
810 812 1097 876 ψευδοεπεῖν,
1140 805 1245 861 τοὺς
1285 806 1516 869 οἰομένους
1554 804 1637 868 μέν
1670 828 1714 855 τι

140 892 234 939 τῶν
268 890 532 954 ἀναγκαίων
566 889 739 952 εἰδέναι,
774 889 838 954 μὴ
877 889 970 954 μὴν
1009 890 1073 940 ἔτι
1112 891 1187 939 καὶ
1225 887 1414 950 εἰδότας,
1450 892 1715 940 λαλοῦντας

141 969 189 1021 δὲ
232 975 420 1032 μᾶλλον
460 971 517 1022 τὰ
565 970 658 1023 ἀπὸ
700 973 888 1038 καρδίας
932 973 1099 1022 αὐτῶν.
1165 973 1239 1022 καὶ
1280 969 1450 1036 τρόπος
1494 967 1550 1033 ἧν
1594 967 1716 1035 τάχα

76 1073 123 1098 10
140 1057 380 1106 παντελῶς
415 1054 558 1107 οὐδεὶς
589 1056 669 1117 τῆς
696 1054 896 1104 ἁπασῶν
922 1053 1125 1120 ἐσχάτης
1153 1051 1462 1120 φαυλότητος,
1487 1055 1584 1104 τοῖς
1606 1051 1716 1101 ἐκεί-

141 1156 222 1184 νου
259 1134 523 1198 θελήμασιν
556 1134 916 1199 ἀνεπιτήδευτος.
981 1135 1120 1185 αὐτοῦ
1163 1134 1211 1184 δὲ
1249 1133 1588 1195 βασιλεύοντος
1626 1132 1716 1200 ἔφη

140 1238 231 1266 που
277 1215 396 1270 Θεὸς
438 1215 513 1267 διὰ
551 1219 709 1285 φωνῆς
748 1221 1007 1286 προφητῶν
1050 1215 1160 1283 περί
1199 1239 1248 1267 τε
1287 1218 1367 1278 τῆς
1402 1214 1717 1280 Ἰερουσαλὴμ

142 1300 217 1348 καὶ
251 1297 440 1362 ἀπάσης
474 1298 522 1349 δὲ
555 1301 637 1363 τῆς
662 1300 898 1350 Ἰουδαίων
930 1299 1085 1366 χώρας
1112 1306 1139 1327 ‘⁶
1158 1296 1279 1348 Ἰδοὺ
1317 1296 1408 1362 ἐγὼ
1448 1296 1606 1362 ἐπάγω
1644 1298 1717 1347 ἐπὶ

143 1387 170 1409 “
192 1378 274 1430 τὸν
322 1379 441 1431 λαὸν
495 1386 661 1432 τοῦτον
710 1380 842 1443 κακὰ,
890 1379 1012 1432 ὥστε
1062 1380 1237 1433 παντὸς
1289 1378 1536 1432 ἀκούοντος
1586 1377 1716 1440 αὐτὰ,

77 1475 122 1514 15
143 1467 171 1490 “
194 1460 362 1529 ἠχήσει
388 1460 631 1531 ἀμφότερα
669 1462 726 1514 τὰ
761 1460 856 1513 ῶτα
894 1463 1077 1513 αὐτοῦ.”
1143 1461 1296 1525 ἐπειδὴ
1323 1459 1372 1511 δὲ
1397 1461 1717 1524 τετελεύτηκεν

143 1543 168 1593 ὁ
196 1546 489 1608 Μανασσῆς,
527 1544 782 1613 διαδέχεται
815 1545 868 1597 τὸ
899 1548 1144 1611 σκῆπτρον
1169 1543 1328 1608 Ἀμὼς
1365 1545 1390 1594 ὃ
1430 1543 1522 1597 υἱὸς
1562 1544 1716 1606 αὐτοῦ,

142 1628 223 1688 τῆς
258 1632 340 1677 τοῦ
380 1627 556 1693 πατρὸς
601 1627 898 1695 φαυλότητος
939 1627 1148 1679 ἀποδέων
1190 1627 1333 1678 οὐδέν·
1374 1627 1585 1690 τετίμηκε
1624 1625 1717 1692 γὰρ

142 1707 236 1758 ὅσα
271 1709 488 1762 κάκεῖνος.
553 1708 630 1773 ε”τη
666 1708 713 1760 δὲ
756 1709 876 1774 μόνα
919 1709 1073 1769 διεβίω
1113 1708 1209 1759 δυό.
1276 1707 1374 1759 εἶτα
1411 1707 1506 1770 μετ’
1548 1709 1718 1758 ἐκεῖνον

142 1790 382 1857 κε’χρισται
417 1790 563 1841 πάλιν
606 1795 667 1845 εἰς
709 1791 914 1853 βασιλέα
945 1792 1132 1844 Ἰωσίας
1172 1792 1196 1841 ὁ
1237 1789 1330 1844 υἱὸς
1369 1791 1524 1852 αὐτοῦ,
1564 1788 1718 1858 σοφὸς

75 1892 124 1917 20
142 1875 217 1924 καὶ
259 1874 476 1940 ἀγχίνους
516 1873 645 1940 ἀνὴρ,
687 1877 761 1925 καὶ
811 1878 906 1924 τῶν
957 1873 1027 1924 ὅτι
1077 1873 1291 1936 μάλιστα
1336 1871 1714 1941 φιλοθεωτάτων.

142 1954 281 2005 αὐτὸν
308 1954 644 2021 προεκήρυττεν
679 1955 935 2024 ἀφιγμένος
973 1959 1034 2009 εἰς
1074 1955 1260 2019 Βαιθὴλ
1292 1957 1316 2005 ὁ
1355 1955 1599 2020 ἅνθρωπος
1638 1959 1720 2004 τοῦ

143 2040 281 2100 Θεοῦ,
306 2037 552 2101 Ἱεροβοάμ
582 2038 785 2090 ἑστῶτος
821 2039 894 2088 ἐπὶ
928 2042 1010 2088 τοῦ
1048 2038 1386 2103 θυσιαστηρίου
1419 2038 1492 2087 καὶ
1525 2037 1720 2101 ε’γκαινί-

1778 1294 1873 1325 Hier.

1778 1339 1843 1368 xiX.
1865 1346 1882 1377 3
1899 1349 1907 1375 3

1736 1377 1761 1417 b
1779 1394 1797 1419 4
1815 1381 1897 1421 Reg.

1777 1426 1843 1455 xxi.
1866 1433 1915 1455 12.

1778 1561 1828 1591 ΙΙ).
1854 1560 1889 1590 18

1779 1615 1850 1644 sqq.

1778 1706 1827 1736 11).
1848 1705 1925 1735 xxii.

1784 1760 1792 1779 1
1814 1760 1882 1789 sqq.

141 2119 298 2185 ζοντος
335 2124 434 2173 ταῖς
471 2119 702 2183 δαμάλεσι
741 2120 825 2184 τὴν
862 2120 1042 2185 ἑορτήν
1080 2120 1170 2189 ε”φη
1208 2118 1300 2186 γὰρ
1332 2120 1451 2170 οὕτω
1484 2126 1509 2147 “
1530 2121 1712 2168 Θυσια-
1737 2147 1758 2173 0
1779 2135 1893 2183 31Reg.

143 2209 170 2231 ‘⁶
195 2202 389 2267 στήριον
415 2202 753 2267 θυσιαστήριον
779 2202 887 2253 τάδε
914 2202 1041 2267 λε’γει
1064 2201 1235 2268 Κύριος
1253 2200 1375 2252 Ἰδοὺ
1402 2199 1494 2253 υἱὸς
1521 2200 1718 2250 τίκτεται

76 2296 123 2335 25
144 2291 170 2313 ‘⁶
193 2288 260 2353 τῷ
296 2283 404 2353 οἴκῳ
449 2285 637 2347 Δαυεὶδ,
678 2285 863 2337 Ἰωσίας
902 2284 1047 2347 ὄνομα
1093 2285 1229 2353 αὐτῷ,
1271 2285 1346 2333 καὶ
1387 2283 1519 2333 θύσει
1557 2283 1628 2332 ἐπὶ
1663 2280 1719 2331 σε

144 2373 170 2395 “
195 2364 300 2419 τοὺς
331 2369 459 2431 ἱερεῖς
489 2370 582 2416 τῶν
613 2367 814 2434 ὑψηλῶν
840 2370 934 2417 τῶν
958 2365 1238 2417 ἐπιθυόντων
1275 2367 1346 2416 ε’πῖ
1382 2363 1455 2426 σὲ,
1485 2365 1559 2414 καὶ
1597 2364 1719 2414 ὀστᾶ

144 2455 171 2478 “
196 2447 455 2514 ἀνθρώπων
514 2447 796 2499 κατακαύσει
846 2450 920 2499 ἐπὶ
971 2449 1069 2499 σε’.”
1149 2445 1504 2508 βεβασιλευκὼς
1554 2444 1646 2511 γὰρ
1693 2446 1717 2495 ὁ

142 2530 341 2592 Ἰωσίας,
386 2533 574 2580 καθεῖλε
615 2529 698 2594 μὲν
741 2529 800 2581 τὰ
840 2534 934 2581 τῶν
983 2529 1189 2580 εἰδώλων
1231 2528 1407 2591 τεμένη,
1447 2531 1718 2596 κατεσκαψε

193 2695 222 2718 1.
249 2683 410 2718 ἀπωτάτω
427 2685 471 2718 Α.
613 2695 645 2728 3.
672 2683 849 2727 δαιμονίων
868 2683 908 2717 Β.
927 2674 1096 2728 δαιμονῖον
1112 2683 1157 2717 Α.
1175 2683 1338 2726 δαιμόνων
1356 2682 1446 2716 Edd.
1612 2692 1645 2725 5.
1671 2685 1717 2729 τῷ

144 2730 254 2775 Βάαλ]
273 2733 312 2774 τῇ
332 2732 424 2764 Βάαλ
443 2732 486 2764 Α.
505 2742 576 2775 mg.
766 2730 799 2763 6.
826 2730 860 2763 ἐν
877 2742 947 2764 om.
966 2732 1008 2764 A.
1164 2739 1195 2774 7.
1220 2728 1280 2773 μέν
1297 2741 1366 2763 om.
1385 2729 1429 2763 A.
1594 2730 1626 2763 8.
1652 2729 1717 2773 μὴν

142 2778 192 2811 ἔτι
210 2778 254 2811 A.
272 2777 384 2820 μέντοι
405 2777 445 2811 Β.
464 2776 554 2810 Edd.
739 2787 770 2821 9.
797 2777 899 2809 αὐτοῦ
918 2777 996 2820 (sic)
1016 2775 1107 2810 Edd.
1127 2783 1205 2809 ante
1224 2776 1357 2819 Migne.
1546 2786 1598 2809 12.
1624 2781 1717 2820 Προ-

142 2826 254 2869 φητοῦ
273 2823 363 2858 Edd.
413 2839 448 2858 τε
466 2835 535 2857 om.
555 2824 596 2856 A.
780 2834 832 2867 13.
858 2824 970 2866 πάσης
989 2822 1078 2856 Edd.
1131 2822 1253 2856 Statim
1272 2823 1307 2856 δὲ
1325 2828 1547 2867 assumptum
1564 2834 1606 2856 ex
1623 2823 1714 2857 AB.

141 2870 304 2905 Ἰουδαίας
322 2869 414 2904 Edd.
934 2869 988 2904 16.
1013 2870 1122 2913 Ἀμὼς
1138 2871 1156 2902 ὁ
1176 2869 1217 2903 Β.
1237 2870 1254 2902 ὁ
1270 2868 1380 2912 Ἀμὼς
1396 2869 1440 2902 A.
1457 2869 1568 2913 Ἀμὼν
1585 2871 1602 2903 ὁ
1620 2869 1713 2905 Edd.

148 2918 200 2951 18.
227 2917 386 2957 διεβίωσε
405 2918 447 2950 Α.
801 2927 853 2958 24·
880 2917 1074 2961 Assumpta
1090 2914 1334 2960 θυσιαστήριον
1350 2928 1391 2950 ex
1409 2915 1500 2949 AB.
1517 2916 1596 2950 τάδε
1612 2928 1654 2950 ex
1671 2916 1716 2950 A.

148 2975 204 3008 25.
231 2964 327 3008 θήσει
347 2963 389 2998 Β.
533 2961 587 2996 26.
613 2962 689 2998 τοὺς
706 2962 900 2998 emebamus
919 2963 960 2997 Β.
978 2963 1042 3008 (19
1060 2963 1122 3007 al.)
1257 2973 1312 3008 27.
1339 2964 1356 2996 ὁ
1374 2965 1595 3007 assumptum
1613 2974 1654 2997 ex
1671 2963 1715 2997 A.

148 3011 203 3044 28.
229 3011 265 3045 δέ
283 3018 362 3055 post
379 3009 573 3055 κατέσκαψε
592 3009 671 3044 add.
688 3009 777 3044 Edd.

884 3077 991 3118 312

1776 2179 1843 2209 mii.
1863 2189 1889 2209 2.

1780 2448 1798 2474 4
1814 2436 1897 2477 Reg.

1779 2490 1869 2510 xxm.

1779 2537 1798 2562 4
1811 2533 1880 2564 sqq-
