2021 3434
301 257 327 282 x
875 246 1309 288 PRAEFATIO.

299 371 509 421 poteram:
545 367 614 409 ubi
641 367 673 407 si
699 367 862 422 quando
893 367 1026 417 citavi,
1056 369 1090 408 F
1111 383 1259 409 nomen
1288 368 1406 417 dedi3
1439 374 1563 424 atquc
1591 369 1677 424 ipso
1707 367 1886 409 collatio-

299 449 394 475 num
425 434 701 491 chirographo
732 449 827 475 usus
857 449 957 484 sum,
990 436 1102 490 quod
1134 436 1255 477 docto
1280 436 1366 477 viro
1398 437 1607 478 Holmesio
1636 436 1888 478 Matthacius

298 502 338 542 in
370 503 456 558 ejus
487 503 706 544 editionem
737 503 858 543 LXX
889 503 1175 558 Interpretum
1205 504 1531 554 communicavit,
1562 504 1752 559 quodque
1782 518 1888 544 nunc

296 570 338 611 in
372 570 628 612 Bibliotheca
663 570 888 612 Bodleiana
922 576 1131 612 servatum
1167 571 1264 612 mihi
1304 572 1499 613 indicavit
1535 572 1597 612 vir
1636 571 1889 613 reverendus

299 639 362 680 W.
386 639 436 678 D.
461 638 682 679 Macraius.

353 706 584 748 Editionem
612 712 749 748 tamen
776 707 1118 749 accuratissimam
1149 722 1236 749 esse
1264 707 1413 757 inveni,
1437 714 1478 749 et
1498 707 1716 749 rarissimis
1738 707 1889 749 errori-

297 776 396 823 bus3
426 789 527 829 quos
549 780 687 816 tamen
707 781 754 817 ut
775 775 964 827 indicem,

412 843 460 883 In
484 842 554 884 Os.
577 842 601 884 i.
627 857 666 899 9,
785 843 893 885 linea
913 844 1069 899 penult.
1092 844 1288 885 scribitur
1307 858 1365 897 44
1382 860 1463 899 pro
1483 858 1551 896 40.

571 911 650 951 viii.
674 924 683 950 ι
696 925 734 966 3,
824 945 850 962 ‚,
913 913 950 962 8,
1089 916 1155 963 τῆς
1182 914 1329 956 ἀδικίας
1357 914 1483 954 αὐτῶν
1503 913 1557 954 ad
1577 926 1634 965 40
1662 912 1762 953 nihil
1793 926 1887 967 per—

1212 981 1330 1022 tinet.

478 1049 605 1089 Amos
626 1047 651 1088 i.
680 1059 747 1101 15,>
820 1082 845 1098 ,,
908 1059 946 1102 5,
1078 1064 1163 1104 pro
1192 1051 1212 1089 ὁ
1243 1050 1436 1100 βασιλεὺς
1465 1049 1582 1100 αὐτῆς
1611 1050 1686 1103 leq.
1718 1050 1738 1088 ὁ
1765 1053 1886 1099 βασι-

1209 1119 1300 1160 λεύς
1326 1130 1396 1169 40.

628 1184 694 1226 vii.
718 1194 758 1238 5,
818 1217 845 1234 „
906 1199 947 1237 4,
1085 1187 1131 1226 in
1155 1186 1282 1238 κύριος
1299 1186 1319 1225 ὁ
1336 1185 1440 1228 Θεὸς
1458 1185 1528 1227 Co.
1546 1187 1648 1227 add.
1667 1199 1735 1237 40.

624 1252 704 1293 viii.
728 1263 767 1307 5,
815 1285 841 1303 „
905 1266 943 1303 2,
1082 1254 1143 1294 καὶ
1164 1253 1451 1304 ἐμπολήσωμεν
1472 1267 1541 1306 40.

479 1321 604 1363 Mich.
628 1321 679 1362 iv.
704 1330 740 1373 7,
813 1354 839 1372 „
902 1321 1055 1377 penult.
1081 1337 1166 1376 pro
1198 1322 1269 1365 ἕως
1300 1323 1354 1364 εἷς
1384 1323 1471 1364 τοὺς
1507 1324 1648 1366 αἰῶνας
1680 1324 1764 1378 ἰεῃε
1799 1323 1886 1366 τοὺς

1211 1391 1354 1433 αἰῶνας
1375 1403 1443 1441 40.

480 1457 585 1498 Joel.
608 1457 632 1498 i.
659 1471 719 1512 19,
818 1491 844 1508 „
1080 1459 1180 1500 add.
1202 1458 1387 1509 ἠυάλωσε
1407 1472 1476 1511 40.

475 1528 608 1568 Jonae
629 1526 681 1567 iv.
707 1541 745 1576 2,
817 1560 843 1577 ‚,
904 1538 944 1582 5,
1075 1541 1159 1582 pro
1181 1525 1210 1567 ὦ
1232 1529 1273 1568 δὲ
1295 1540 1351 1579 40
1375 1529 1448 1582 leq.
1472 1530 1544 1569 ὧδε
1566 1542 1635 1580 40.

477 1595 600 1637 Zach.
625 1595 677 1637 iv.
703 1608 741 1645 2,
813 1627 840 1646 „
908 1610 942 1646 1,
1080 1596 1168 1637 dele
1188 1608 1257 1647 40.

626 1663 710 1704 xiii.
733 1677 771 1718 9,
813 1695 840 1714 „
903 1678 945 1715 4,
1077 1679 1158 1718 pro
1186 1664 1291 1716 κάγὼ
1316 1665 1426 1704 ἐπακ.
1452 1665 1569 1705 αὐτοῦ
1591 1678 1647 1716 40
1670 1666 1745 1720 leq.
1769 1666 1878 1706 ἐπακ.

1211 1733 1328 1773 αὐτοῦ
1346 1745 1415 1784 40.

348 1800 521 1841 Praeter
549 1800 650 1841 haec
679 1800 747 1841 vix
778 1814 902 1841 unum
933 1805 1059 1855 atque
1088 1799 1263 1842 alterum
1293 1799 1487 1856 exiguum
1517 1806 1699 1842 erratum
1731 1801 1881 1843 inveni.

291 1868 426 1923 Hujus
441 1868 589 1909 codicis
604 1868 797 1910 lectiones
816 1883 938 1924 saepe
960 1874 1055 1909 sunt
1075 1883 1206 1924 paene
1222 1868 1467 1924 singulares,
1483 1872 1611 1923 atque
1627 1869 1882 1924 aliquantum

290 1936 480 1978 videntur
507 1936 548 1978 S.
572 1936 719 1992 Cyrilli
750 1951 947 1978 servasse.
1009 1936 1073 1978 Eo
1102 1951 1264 1992 quoque
1293 1936 1508 1991 ἀπογράφῳ
1530 1951 1627 1978 usus
1648 1952 1750 1987 sum,
1772 1939 1883 1993 quod

289 2005 342 2046 ad
371 2004 623 2046 Holmesium
651 2004 817 2046 missum
845 2010 907 2046 est
934 2005 988 2046 ad
1015 2005 1216 2047 notandas
1245 2004 1406 2045 Codicis
1436 2005 1523 2045 XII
1553 2005 1803 2048 varietates:
1840 2013 1883 2048 et

287 2073 363 2114 hoc
385 2073 507 2114 etiam
528 2073 833 2115 accuratissime
854 2087 942 2114 esse
963 2073 1119 2115 editum
1141 2073 1385 2114 confirmare
1407 2087 1585 2128 possum.

345 2142 570 2183 Praeterea
585 2141 647 2192 iis,
665 2146 867 2197 quantum
886 2141 1013 2197 potui,
1031 2156 1126 2183 usus
1148 2156 1235 2182 sum
1257 2141 1451 2190 materiis,
1467 2156 1568 2197 quas
1585 2142 1694 2184 forte
1711 2149 1881 2186 catenae

289 2212 405 2265 (quas
427 2210 582 2264 dicunt)
602 2210 996 2266 suppeditaverunt:
1030 2225 1052 2251 e
1073 2210 1221 2266 quibus
1241 2209 1461 2265 praecipue
1480 2210 1735 2253 nominarem

394 2304 424 2327 a.
458 2290 548 2328 Cod.
581 2292 699 2329 Laud.
733 2291 800 2330 Gr.
832 2304 894 2338 42,
926 2290 1164 2329 “Canticum
1195 2290 1405 2328 Habncuc”
1434 2291 1705 2331 continentem.
1764 2293 1881 2331 Hunc

504 2356 585 2393 MS.
609 2357 791 2394 describit
817 2356 964 2394 Coxius
990 2362 1119 2394 noster
1145 2361 1190 2394 ut
1212 2360 1231 2375 “
1247 2357 1328 2393 cod.
1350 2357 1683 2395 membranaceum
1710 2358 1749 2394 in
1775 2358 1878 2405 folio,

504 2420 537 2457 ff.
563 2433 652 2468 340,
674 2422 790 2459 seculi
811 2422 938 2459 forsan
960 2421 1038 2458 XII
1061 2421 1248 2467 exeuntis,
1270 2434 1384 2457 manu
1406 2421 1557 2458 Nicolai
1577 2423 1811 2460 exaratum.’'

396 2507 430 2543 b.
464 2507 607 2544 Catcna
637 2509 704 2546 SS.
734 2509 892 2547 Patrum
923 2510 962 2546 in
993 2510 1074 2546 XII
1105 2510 1315 2559 Prophetas
1345 2509 1514 2547 Minores
1530 2523 1538 2556 3
1580 2511 1618 2547 in
1648 2511 1880 2549 bibliotheca

504 2571 540 2608 S.
583 2572 783 2611 Laurentii
828 2576 930 2625 apud
977 2576 1191 2613 Florentias
1237 2580 1468 2621 conservata,
1509 2577 1645 2615 “Plut.
1686 2577 1757 2615 XI.
1801 2578 1878 2615 22'’

503 2636 662 2685 signata.
720 2642 740 2657 “
759 2639 889 2677 Codex
920 2640 1088 2678 Graecus
1118 2642 1426 2678 membranaceus
1454 2641 1538 2679 MS.
1564 2642 1602 2678 in
1632 2643 1694 2680 fol.
1726 2643 1876 2689 minori,

504 2713 574 2737 sec.
615 2701 731 2747 XIII,
770 2704 1036 2751 nitidissimus,
1076 2706 1116 2742 in
1154 2718 1230 2755 quo
1268 2706 1384 2743 verba
1422 2707 1518 2745 sacri
1555 2711 1687 2744 textus
1726 2708 1878 2746 rubrica

504 2770 596 2802 sunt
615 2772 777 2805 exarata.
836 2769 998 2808 Constat
1018 2770 1119 2808 foliis
1139 2770 1291 2820 scriptis
1314 2771 1423 2819 193.’'
1480 2776 1502 2791 “
1517 2772 1564 2808 In
1584 2771 1719 2808 ultima
1738 2773 1877 2822 pagina

503 2829 643 2878 legitur
675 2832 780 2869 Τέλος
818 2834 962 2881 εἴληφεν
995 2836 1014 2880 ἡ
1047 2837 1174 2878 βίβλος
1207 2836 1226 2881 ἦ
1260 2836 1408 2881 τοιαύτη,
1440 2839 1529 2884 χειρὶ
1566 2837 1755 2884 γραφέντος
1789 2837 1875 2888 (Sic)

505 2896 708 2941 Στρατηγίου
734 2899 980 2945 πρεσβυτέρου,
1004 2902 1080 2945 μηνὶ
1097 2901 1286 2949 Ἀπριλλίῳ
1311 2902 1429 2946 δεκάτῃ
1453 2903 1505 2937 καὶ
1527 2902 1664 2937 πεντάδι
1684 2901 1719 2936 ἐν
1737 2906 1783 2951 τῷ
1808 2904 1875 2938 ἔτει

507 2948 638 3005 ,offis
673 2960 733 2996 ῑνδ.
768 2976 801 3007 ιγ
835 2960 995 3009 (christi
1036 2962 1183 3012 1285)”
1214 2962 1438 3015 [catalogus
1471 2965 1589 3002 codd.
1627 2965 1737 3003 MSS.
1773 2967 1870 3005 Bibl.

508 3019 987 3071 Medicco-Laurentianae,
1010 3027 1039 3064 Ι.
1064 3030 1151 3074 516,
1175 3029 1243 3065 Ed.
1271 3029 1536 3066 Bandiniensis
1562 3028 1689 3081 1764}
