2021 3434
289 208 316 245 Ξ),
689 208 737 247 B.
781 206 1054 247 CYRILLI
1095 206 1471 247 ALEXANDR.

291 340 415 368 νοιτο
441 316 494 368 τὸ
523 317 595 386 ἐφ’
624 317 809 386 ἑκάστῳ
845 316 1146 381 καινοπρεπὲς
1183 319 1258 367 καὶ
1295 316 1350 367 τὸ
1389 321 1454 386 τῷ
1493 319 1601 367 δεῖνι
1640 313 1782 381 τυχὸν
1813 313 1866 364 οὑ

291 398 485 468 σφόδρα
527 399 866 464 διεγνωσμένον
904 399 1054 463 ὀρθῶς
1088 401 1162 448 καὶ
1202 399 1542 462 ἀνεπιλήπτως,
1580 401 1616 448 εἷ
1653 399 1727 448 ε’πὶ
1759 401 1867 446 νοῦν

288 481 389 545 ἥκοι
422 480 504 531 τὸν
536 480 705 546 ἑτέρου,
732 481 781 530 τί
810 478 864 530 τὸ
897 485 1109 541 λυποῦν;
1152 485 1342 543 μᾶλλον
1367 480 1427 543 δὲ,
1448 485 1548 534 πῶς
1575 481 1655 530 οὐκ
1681 479 1868 540 ἄμεινον

288 565 546 631 ἀμφιλαφῆ
591 564 667 613 καὶ
710 561 1058 629 εῦκρινεστέραν
1101 562 1186 627 τὴν
1230 567 1324 613 τῶν
1365 561 1610 627 νοημάτων
1652 562 1868 627 γίνεσθαι

286 644 581 710 παράθεσιν,
638 645 817 706 οὐκοῦν,
856 642 943 695 κᾶν
982 648 1019 695 εἰ
1057 648 1234 696 πολλοὶ
1274 644 1550 715 γεγράφασι
1591 643 1683 709 πρὸ
1722 645 1865 707 ἡμῶν,
1888 660 1909 697 5

242 737 268 777 b
288 725 345 776 τὰ
390 728 437 776 ἐν
477 731 572 779 τοῖς
615 727 761 792 ἁγίοις
805 725 1070 795 προφήταις
1115 727 1503 793 διερμηνεύοντες,
1549 728 1651 793 οὐχὶ
1697 725 1866 790 ταύτης

286 808 435 858 ἕνεκεν
480 811 563 872 τῆς
606 810 754 863 αἰτίας
794 809 1119 873 σιωπήσομεν·
1173 809 1442 874 διωσόμεθα
1484 809 1532 860 δὲ
1577 813 1767 873 μᾶλλον
1806 811 1868 862 ὡς

286 892 461 956 ἀδρανῆ
505 890 587 941 τὸν
628 891 778 954 ὄκνον,
825 893 900 943 καὶ
941 892 1086 958 ἥνπερ
1128 890 1187 942 ἂν
1229 894 1304 943 καὶ
1348 893 1458 957 ἡμῖν
1496 893 1652 945 αὐτοῖς
1691 892 1868 956 ἐπιδοίη

65 993 151 1024 Dan.
167 993 202 1026 ii.
283 971 422 1040 χάριν
473 974 498 1024 ὁ
548 974 898 1025 ἀποκαλύπτων
943 973 1094 1035 βαθέα
1142 977 1217 1026 καὶ
1269 975 1534 1044 ἀπόκρυφα,
1575 973 1749 1038 ταύτην
1794 975 1869 1025 καὶ
2017 1043 2019 1046 ⁴

65 1047 117 1069 Μ’
283 1055 451 1122 ἑτέροις
503 1055 712 1125 φανερὰν
760 1056 1137 1121 καταστήσομεν,
1180 1058 1461 1121 μεμνημένοι
1509 1057 1733 1123 λέγοντος
1786 1061 1868 1107 τοῦ
1892 1074 1938 1099 10
2015 1070 2020 1116 j

479 1144 499 1153 Λ

64 1144 229 1219 Ξ-ὒὸῙὸὓῑἈ·
284 1140 512 1204 Χριστου,
542 1137 784 1206 (ίΔωρεάν
809 1138 1019 1202 ἐλάβετε,
1048 1138 1226 1205 δωρεὰν
1251 1138 1401 1190 δότε.”

89 1213 95 1219 ’
137 1211 145 1220 ⁸
357 1219 644 1289 Ἀρχόμενος
678 1222 832 1272 τοίνυν
864 1225 946 1284 τῆς
985 1225 1047 1275 εἷς
1073 1220 1155 1272 τὸν
1186 1220 1415 1287 μακάριον
1439 1220 1691 1289 προφήτην
1717 1221 1868 1286 Ὠσηὲ

284 1307 474 1370 σαφοῦς
517 1305 768 1370 ἑρμηνείας,
812 1305 958 1354 ἐκεῖνα
1003 1305 1358 1370 προεκθήσομαι
1401 1306 1477 1355 καὶ
1515 1306 1619 1370 περὶ
1658 1306 1739 1368 τῆς
1774 1308 1869 1355 τῶν

285 1385 452 1437 ἄλλων
493 1391 754 1455 προφητῶν
792 1389 1095 1454 συγγραφῆς.
1176 1387 1285 1440 ε”θος
1322 1385 1416 1454 γὰρ
1455 1383 1650 1449 ἅπασιν,
1694 1386 1772 1441 οῦς
1811 1386 1869 1438 ἂν

247 1466 476 1519 οὲκαστοι
524 1473 731 1521 ποιοῖντο
785 1468 957 1535 λόγους
1015 1468 1359 1530 μεταπλάττειν
1418 1468 1621 1523 εὐκόλως
1677 1471 1752 1520 ἐπὶ
1810 1469 1865 1521 τὸ

286 1553 452 1602 δοκοῦν
490 1555 556 1622 τῷ
580 1552 730 1621 εΑγίῳ
771 1551 1024 1614 Πνεύματι,
1065 1550 1126 1605 ὥς
1165 1575 1279 1603 ποτε
1317 1551 1402 1615 μὲν
1432 1553 1481 1603 ἐκ
1520 1555 1602 1616 τῆς
1642 1553 1864 1619 ἱστορίας,

284 1632 386 1697 ἤτοι
427 1638 523 1684 τῶν
566 1637 805 1699 αἰσθητῶν
850 1635 924 1685 καὶ
966 1635 1107 1684 οἱονεί
1140 1657 1240 1687 πως
1286 1636 1334 1685 ἐν
1376 1634 1487 1703 ὄψει
1532 1635 1752 1699 κειμένων
1788 1638 1865 1686 καὶ

284 1715 548 1782 γεγονότων
583 1715 889 1783 πραγμάτων,
924 1718 1184 1785 ἀναφοιτᾶν
1214 1716 1418 1772 εὐκόλως
1457 1720 1520 1771 εἷς
1552 1716 1610 1768 τὰ
1649 1717 1866 1769 ἐσώτατα

285 1801 360 1848 καὶ
400 1798 698 1858 πνευματικά·
752 1799 828 1850 ὅτε
868 1798 915 1850 δὲ
956 1800 1013 1849 αὖ
1057 1804 1375 1851 καθικνεῖσθαι
1419 1800 1581 1862 πάλιν,
1619 1802 1694 1851 καὶ
1738 1799 1866 1852 πολὺ

285 1879 341 1943 δὴ
368 1882 478 1931 λίαν
505 1883 810 1950 ἀσυμφανῶς,
836 1883 909 1932 ἐπὶ
934 1880 992 1932 τὰ
1023 1883 1070 1932 ἐν
1095 1882 1316 1947 αἰσθήσει
1342 1883 1617 1949 πράγματα·
1658 1883 1866 1948 πλείστη
1888 1910 1937 1935 20

283 1962 331 2013 δὲ
357 1963 450 2028 ὅση
477 1963 584 2030 παρ’
612 1965 766 2017 αὐτοῖς
800 1966 875 2015 καὶ
917 1987 941 2027 η
979 1969 1074 2014 τῶν
1104 1965 1378 2031 προσώπων
1413 1964 1688 2033 ἐπεισφορά,
1725 1988 1868 2033 σχετ-

283 2047 486 2109 λιασμοί
520 2069 568 2097 τε
610 2048 684 2097 καὶ
722 2045 1061 2115 ἀναφωνήσεις,
1089 2049 1163 2098 καὶ
1196 2051 1288 2098 τῶν
1322 2047 1411 2112 ἤδη
1451 2046 1801 2117 παρῳχηκότων
1839 2049 1867 2112 ἡ

284 2127 456 2193 μνήμη,
486 2130 562 2180 καὶ
597 2133 690 2180 τῶν
721 2129 957 2192 ἐσομένων
989 2129 1331 2196 προάγγελσις.
1403 2133 1474 2181 δεῖ
1495 2128 1552 2194 δὴ
1579 2131 1660 2181 οῦν
1687 2128 1867 2181 ἕκαστα

242 2219 267 2259 d
285 2215 456 2278 σαφῶς
482 2216 870 2280 φιλοκρινοῦντας
904 2214 965 2265 ὡς
1000 2212 1077 2274 ἔνι,
1102 2211 1186 2275 τὴν
1220 2217 1313 2262 τῶν
1348 2211 1594 2277 νοημάτων
1618 2211 1754 2281 τάξιν
1790 2216 1867 2264 καὶ

285 2291 369 2354 τὴν
407 2298 500 2344 τῶν
537 2294 811 2360 προσώπων
850 2293 1080 2363 διαφορὰν
1115 2295 1376 2360 ἀναγκαίως
1403 2296 1648 2360 ἐπιτηρεῖν·
1700 2293 1864 2364 σαφὴς
1887 2325 1934 2362 25

285 2372 377 2439 γὰρ
421 2377 565 2430 οὕτως
608 2377 717 2440 ἡμῖν
767 2378 841 2427 καὶ
893 2376 1176 2444 ἀσύγχυτος,
1226 2377 1302 2427 καὶ
1353 2376 1624 2444 δυσχερείας
1673 2377 1864 2443 ἁπάσης

287 2456 653 2523 ἀπηλλαγμένος
679 2458 813 2510 ἔσται
837 2482 930 2511 που
962 2458 1148 2512 πάντως
1175 2460 1199 2510 ὁ
1227 2457 1385 2524 λόγος.
1453 2461 1622 2526 χρῆναι
1654 2458 1703 2511 δὲ
1742 2461 1861 2512 ὑπο-

287 2537 532 2601 λαμβάνω,
579 2540 1026 2610 προαφηγήσασθαί
1065 2564 1168 2592 τινα
1211 2546 1306 2592 τῶν
1348 2540 1724 2606 συμβεβηκότων
1769 2548 1866 2598 τοῖς

287 2617 344 2686 ἐξ
371 2619 563 2682 αἵματος
589 2621 804 2688 Ἰσραὴλ,
838 2624 913 2674 ἵνα
944 2622 1008 2688 μὴ
1042 2623 1317 2690 ταράττοιτο
1352 2628 1446 2674 τῶν
1476 2623 1813 2693 ἐντευξομένων
1839 2626 1865 2676 ὃ

289 2706 406 2761 νοῦς,
438 2701 550 2752 ποτὲ
577 2703 659 2766 μὲν
685 2705 865 2756 ἀκούων
892 2709 1095 2775 Ἐφραὶμ
1130 2709 1205 2757 καὶ
1236 2705 1414 2775 Ἰσραὴλ
1450 2708 1525 2757 καὶ
1557 2706 1642 2770 μέν
1678 2730 1750 2758 τοι
1788 2709 1865 2758 καὶ
1883 2730 1935 2767 3ο

290 2781 561 2851 Σαμάρειαν,
599 2783 761 2837 Ἰούδαν
801 2810 851 2838 τε
896 2789 954 2838 αῦ
997 2791 1071 2839 καὶ
1113 2790 1324 2857 Βενιαμίν·
1390 2789 1596 2852 πλείστη
1635 2788 1729 2855 γὰρ
1770 2788 1863 2855 ὅση

340 2915 368 2937 Ῑ·
399 2904 458 2949 ἀφ’
478 2906 620 2941 ἑκάστου
639 2908 729 2943 Edd.
943 2923 976 2957 5.
1003 2912 1048 2959 εἰ]
1070 2914 1249 2948 Edebatur
1266 2915 1308 2947 οἶ.
1534 2924 1567 2958 9.
1593 2912 1859 2958 ἀποκαλύπτων]

289 2950 497 2992 ἀ’Ῑῗθλάμπων
515 2952 605 2988 Edd.
720 2968 772 3001 13.
799 2958 902 2993 ἐκεῖνο
919 2960 978 2994 iid.
1028 2962 1086 3005 τῆς
1103 2967 1325 3005 assumptum
1342 2972 1382 2994 ex
1402 2960 1444 2994 B.
1572 2959 1624 2993 18.
1648 2960 1690 2993 τὰ
1707 2959 1861 2994 ε’σώτατα

291 2997 343 3030 καὶ
363 2996 404 3030 Β.
423 2997 575 3033 ἐσώτιιτα
595 3000 683 3035 Edd.
815 3016 866 3050 19.
893 3005 965 3052 ὅτε]
987 3006 1044 3041 Sic
1064 3008 1105 3043 B.
1122 3008 1203 3042 ποτὲ
1222 3007 1314 3042 Edd.
1442 3017 1497 3049 24.
1523 3007 1576 3040 καὶ
1594 3017 1657 3051 pro
1673 3006 1718 3042 ὡς
1734 3007 1781 3042 ἔνι
1798 3006 1859 3042 iid.
