2021 3434
307 338 333 378 b

288 409 334 433 10

288 519 329 543 11

311 957 331 983 C

304 1609 330 1649 d

307 2276 328 2302 e

352 219 435 258 426
739 220 788 259 B.
831 218 1107 258 CYRILLI
1147 218 1524 258 ALEXANDR.
1714 218 1770 258 iii.
1793 231 1916 272 9-11.

419 343 493 383 τὴν
536 343 580 382 ἐν
624 342 744 399 αὐτῷ.
805 342 872 382 καὶ
915 343 989 383 οὐκ
1029 343 1137 389 ἔγνω
1180 343 1204 382 ἅ
1247 342 1365 383 ἔσται
1401 342 1591 383 ἐναντίον
1629 342 1772 392 αὐτῆς,
1809 344 1917 390 λέΓει

423 425 581 481 Κύριος,
624 424 661 466 οἱ
705 426 1022 482 ΘΗσοιυρίςοντεο
1071 425 1236 467 ἀδικίαν
1286 427 1354 466 καὶ
1403 426 1695 482 ταλαιπωρίαν
1736 426 1780 466 ὲν
1827 423 1918 467 ταῖς

419 508 576 564 χώραις
610 509 765 550 αὐτῶν.
831 509 897 550 διὰ
946 512 1066 550 τοῦτο
1108 509 1208 550 τάδε
1251 511 1360 556 λέγει
1400 509 1544 564 Κύριος
1580 510 1602 549 ὁ
1642 508 1746 549 Θεόο
1783 507 1918 563 Τύρος

419 591 487 630 καὶ
521 592 723 633 κυκλόθεν
759 592 781 632 ἡ
818 595 865 639 Γῆ
899 607 972 634 σου
1006 592 1344 649 ὲρΗμωθήοε-ῑτοιι,
1373 593 1440 632 καὶ
1473 593 1644 634 κατάξει
1673 592 1720 632 ὲκ
1748 593 1821 632 σοῦ
1843 590 1918 631 τὴν

417 672 528 730 ἰῡχύν
555 691 641 727 σου,
670 676 737 717 καὶ
764 676 1121 734 ὃιοιρΠοιΓι-ἰσοντοιι
1147 676 1187 718 αἱ
1214 677 1346 734 χῶροιί
1373 692 1458 719 σου.

422 772 635 823 Ἀπειλεῖ
660 772 716 838 δὴ
747 774 892 824 πάλιν
918 773 1104 839 ἐπάγειν
1138 775 1290 828 αὐτοῖς
1318 773 1434 840 ἅπερ
1459 773 1516 839 ἧν
1540 772 1658 827 εἰκὸς
1684 774 1922 837 ὑπομεῖναι

349 858 423 907 καὶ
449 861 611 908 παθεῖν
637 857 743 912 τοὺς
770 863 830 912 εἷς
859 865 995 910 τοῦτο
1022 859 1190 910 λοιπὸν
1216 859 1499 928 ἀφιγμένους
1525 856 1833 928 φαυλότητος,
1861 860 1923 913 ὡς

350 940 422 989 καὶ
462 940 786 1006 ἀποθρώσκειν
826 944 963 1003 Θεοῦ,
990 943 1065 992 καὶ
1099 941 1362 1010 προφήταις
1394 943 1621 1003 ἐπιτιμᾶν,
1647 941 1722 991 καὶ
1745 942 1922 1005 ἀλογῆ-

348 1044 431 1071 σαι
457 1027 700 1076 παντελῶς
733 1027 826 1074 τῶν
857 1023 932 1074 διὰ
958 1024 1202 1077 Μωυσέως
1228 1022 1621 1086 τεθεσπισμένων.
1690 1023 1844 1073 ἰστέον
1873 1020 1921 1073 δὲ

348 1102 418 1154 ὅτι
444 1105 766 1172 διαπεφώνηκε
791 1106 937 1156 πάλιν
957 1108 1003 1156 ἐν
1023 1105 1200 1160 τούτοις
1228 1106 1260 1170 ἥ
1282 1129 1330 1156 τε
1355 1105 1699 1170 τῶν“Εβραι’ων
1726 1103 1920 1166 ἕκδοσις,

346 1187 421 1236 καὶ
460 1186 488 1249 ἡ
526 1191 619 1237 τῶν
657 1186 976 1251 ἑβδομήκοντα
1008 1188 1184 1257 γραφή.
1247 1189 1460 1254 “Εβραῖοι
1491 1186 1575 1251 μὲν
1609 1186 1702 1252 γὰρ
1733 1186 1922 1237 ἐκδεδώ-

348 1289 488 1317 κασιν
514 1272 865 1335 Ἀπαγγείλατε
896 1271 1062 1338 χώραις
1097 1271 1133 1321 ἐν
1159 1271 1379 1340 Ἀζωτίοις
1421 1277 1497 1321 καὶ
1539 1270 1612 1320 ἐπὶ
1649 1267 1734 1323 τοὶς
1771 1268 1921 1338 χώρας

347 1348 421 1408 τῆς
447 1350 690 1416 Αἰγύπτου·
732 1354 773 1401 οἱ
805 1350 859 1402 δέ
886 1374 938 1416 γε
971 1351 1290 1416 ἑβδομήκοντα
1317 1353 1668 1417 Ἀπαγγείλατε
1692 1350 1858 1419 χώραις
1883 1352 1921 1402 ἐν

345 1434 586 1501 Ἀσσυρίοις
623 1437 700 1484 καὶ
744 1434 816 1484 ἐπὶ
863 1433 946 1488 τας
990 1435 1141 1503 χώρας
1179 1433 1252 1493 τῆς
1294 1433 1534 1500 Αἰγύπτου.
1599 1434 1673 1484 καὶ
1709 1430 1921 1498 ἸΑζωτος

346 1512 430 1576 μὲν
470 1515 634 1579 γείτων
675 1514 798 1582 τάχα
840 1539 931 1566 που
976 1518 1050 1566 καὶ
1101 1514 1268 1582 ὅμορός
1311 1518 1412 1567 ἐστι
1456 1521 1512 1583 τῇ
1553 1520 1646 1565 τῶν
1684 1517 1919 1566 Ἰουδαίων

348 1595 492 1664 χώρᾳ,
521 1596 761 1665 διῴκισται
793 1596 840 1647 δὲ
874 1598 982 1647 λίαν
1015 1598 1042 1662 ἡ
1074 1602 1168 1648 τῶν
1194 1599 1435 1667 Ἀσσυρίων,
1462 1596 1716 1660 τουτέστιν,
1742 1597 1777 1661 ἡ,
1799 1602 1919 1664 Περ-

346 1682 449 1728 σῶν
488 1681 561 1729 καὶ
608 1679 788 1743 Μήδων
824 1677 941 1745 πρὸς
983 1681 1136 1733 αὐτοῖς
1174 1680 1407 1733 οἱονείπως
1445 1680 1643 1746 τερμασι
1685 1682 1766 1743 τῆς
1805 1678 1920 1749 ἑῴας

346 1760 540 1825 κειμένη.
609 1761 763 1829 φαμὲν
797 1763 891 1823 οὖν,
923 1761 994 1812 ὅτι
1023 1761 1076 1812 τὸ
1111 1767 1291 1812 λυποῦν
1331 1761 1474 1823 οὐδὲν,
1514 1759 1600 1811 κᾶν
1639 1765 1676 1812 εἶ
1708 1761 1918 1828 Ἀζώτιοι

344 1841 500 1909 τυχὸν,
535 1842 680 1908 ἤγουν
704 1843 917 1914 Ἀσσύριοι
953 1844 1181 1910 λέγοιντο·
1223 1845 1320 1895 κατ’
1357 1844 1500 1912 ἄμφω
1538 1842 1631 1910 γὰρ
1670 1843 1920 1908 ἀληθεύσει

345 1927 427 1988 τῆς
461 1926 774 1977 θεοπνεύστου
804 1929 992 1995 γραφῆς
1027 1928 1051 1977 ὁ
1078 1925 1236 1992 λόγος,
1263 1925 1469 1992 καθάπερ
1503 1925 1666 1989 ἀμέλει
1692 1924 1750 1976 τὰ
1782 1927 1829 1977 ἐν
1853 1930 1919 1997 τῷ

344 2007 627 2077 προκειμένῳ
666 2011 1012 2074 διατρανοῦντες
1051 2008 1348 2077 ἐπιδείξομεν.
1414 2007 1504 2076 ἔχει
1537 2007 1686 2073 γεμὴν
1711 2009 1919 2074 ἱστορίας

344 2087 607 2154 ἀνάμνησιν
649 2089 702 2141 τὸ
747 2090 1031 2155 δηλούμενον
1080 2092 1128 2141 ἐν
1172 2094 1229 2158 τῇ
1280 2091 1477 2158 τετάρτῃ
1520 2095 1613 2140 τῶν
1654 2093 1920 2141 Βασιλειῶν

345 2171 564 2236 κειμένης,
589 2174 664 2223 καὶ
689 2173 736 2222 ἐν
761 2176 818 2239 τῇ
846 2172 1032 2242 δευτέρᾳ
1057 2177 1150 2223 τῶν
1180 2172 1623 2238 Παραλειπομένων·
1661 2171 1918 2236 ποιήσομαι

347 2251 395 2303 δὲ
418 2252 503 2318 τὴν
529 2254 773 2323 ἀφήγησιν
800 2255 848 2305 εὖ
879 2254 1009 2317 μάλα
1042 2254 1447 2318 συνεσταλμένως,
1474 2257 1535 2308 ὡς
1562 2252 1619 2305 ἂν
1644 2253 1707 2319 μὴ
1735 2255 1918 2320 δοκοίην

345 2336 392 2386 ἐν
418 2334 564 2387 εἰδόσι
589 2342 912 2403 μακρηγορεῖν.

418 2419 736 2479 Βεβασίλευκε
775 2418 893 2469 κατὰ
926 2418 1110 2485 καιροὺς
1147 2421 1194 2469 ἐν
1232 2424 1325 2472 τοῖς
1362 2418 1707 2485 Ἱεροσολύμοις
1741 2420 1765 2469 ὁ
1807 2423 1916 2470 Μα-

345 2503 542 2564 νασσῆς,
586 2499 634 2554 ὃς
666 2501 872 2568 Ἐζεχιόυ
909 2501 993 2562 μὲν
1030 2500 1086 2565 ἧν
1122 2501 1227 2563 υἱὸς,
1268 2500 1565 2568 ἑτερότροπος
1605 2499 1652 2550 δὲ
1693 2501 1800 2551 λίαν
1839 2502 1915 2552 καὶ

393 2672 422 2695 1.
448 2662 508 2704 τὴν
524 2668 744 2706 assumptum
763 2673 803 2695 ex
822 2661 865 2694 A.
872 2660 912 2694 B.
932 2672 1001 2694 om.
1021 2660 1058 2694 F.
1078 2659 1168 2694 Edd.
1189 2660 1250 2704 (22
1257 2659 1345 2704 .al.)
1393 2656 1465 2704 &]⁶
1451 2674 1468 2692 0
1486 2658 1530 2692 A.
1732 2668 1763 2691 2.
1788 2656 1915 2692 ἀδικίας

345 2707 434 2741 Edd.
455 2708 551 2751 (Co.)
717 2721 749 2750 4
776 2707 944 2742 κύκλωθεν
964 2707 1005 2740 Β.
1055 2708 1113 2750 τὴν
1130 2719 1199 2740 orn.
1218 2707 1260 2740 A.
1282 2707 1339 2749 (A.
1346 2705 1405 2749 V.)
1424 2712 1462 2739 ut
1479 2705 1567 2739 infra
1585 2705 1652 2750 283
1670 2704 1729 2738 fin.
1747 2704 1856 2738 invito
1875 2703 1912 2737 F.

345 2754 377 2788 6.
404 2755 583 2799 ἐπαγαγεῖν
600 2755 642 2788 Α.
662 2767 733 2799 mg.
961 2755 993 2788 8.
1021 2769 1074 2787 και
1092 2754 1243 2798 primum
1262 2752 1381 2787 deest
1375 2764 1411 2785 ln
1430 2751 1520 2786 Edd.
1734 2762 1785 2785 10.
1811 2751 1914 2785 πάλιν

346 2802 488 2835 accessit
505 2813 545 2835 ex
563 2802 606 2835 A.
624 2803 756 2845 μᾶλλον
774 2813 836 2846 pro
852 2802 955 2835 πάλιν
970 2801 1009 2834 Β.
1192 2811 1243 2834 12.
1271 2800 1325 2834 ἐπὶ
1343 2801 1413 2834 ταῖς
1431 2801 1556 2844 χώραις
1574 2798 1616 2833 Β.
1632 2797 1724 2832 Edd.
1742 2798 1800 2831 inv
1802 2798 1850 2831 ito
1866 2796 1910 2830 A.

349 2858 402 2891 13,
422 2859 473 2888 14.
498 2848 554 2882 Ab
573 2847 742 2893 Αιγύπτου
760 2848 803 2882 ad
821 2847 991 2892 Αἰγύπτου
1009 2847 1169 2881 transilit.
1189 2846 1229 2881 B.
1644 2856 1697 2890 13.
1723 2859 1762 2889 γε
1779 2855 1847 2877 om.
1866 2842 1910 2876 A.

348 2904 400 2935 14.
425 2893 623 2939 Ἀσσυριοις
640 2895 682 2929 A.
699 2894 868 2939 Ἀσσυρίᾳ
888 2894 977 2929 Edd.
1179 2904 1231 2939 17.
1256 2892 1401 2937 τέλμασι
1419 2892 1462 2926 A
1670 2902 1722 2936 19
1748 2890 1909 2936 λέγωνται

345 2938 434 2973 Edd.
586 2952 639 2975 21.
666 2942 913 2986 διασαφοῦντες
930 2941 988 2975 lid.
1006 2942 1075 2975 inv.
1095 2941 1137 2974 A.
1145 2940 1184 2974 B.
1235 2940 1338 2985 γεμὴν
1355 2940 1398 2973 A.
1416 2939 1476 2982 μὲν
1495 2938 1586 2973 Edd.
1604 2938 1664 2982 μὲν
1679 2938 1743 2981 μὴν
1760 2936 1846 2981 (sic)
1866 2935 1908 2969 Β.

345 2995 399 3029 23.
426 2987 574 3030 κειμένην
592 2987 681 3021 Edd.
730 2987 939 3031 ποιήσομεθα
958 2988 1001 3023 A.
1361 2997 1415 3028 24.
1442 2986 1570 3020 δοκοῖεν
1586 2997 1648 3030 pro
1665 2983 1830 3027 δοκοίην’
1813 2997 1847 3017 εν
1864 2982 1906 3015 Α.

346 3031 399 3065 26.
426 3034 493 3067 τοῖς
511 3040 542 3066 et
560 3035 577 3066 ὁ
596 3041 773 3078 assumpta
790 3046 830 3067 ex
848 3036 891 3067 A
898 3034 937 3067 B.

1940 698 1961 736 5

1947 1131 1989 1156 10
