2021 3434
284 190 367 228 358
685 187 732 225 B.
776 184 1051 226 CYRILLI
1090 183 1466 224 ALEXANDR.
1612 182 1666 223 iii.
1696 183 1760 231 16,
1788 192 1848 233 17.

283 303 376 349 τῶν
413 301 589 349 παθῶν.
657 297 958 367 κεκράξεσθοιι
999 297 1052 347 δέ
1085 301 1205 364 φησι
1236 294 1318 346 τὸν
1359 294 1511 363 Κύριον,
1551 296 1611 346 ὡς
1648 292 1852 343 συνόντα

283 403 330 431 τε
372 382 444 430 καὶ
484 379 848 444 συνασπίζοντα,
892 381 966 429 καὶ
1011 383 1280 443 στρατηγοῦ
1325 377 1454 440 δίκην
1502 380 1595 428 τοῖς
1636 375 1853 426 ἐναντίοις

284 460 593 525 ἐποτρύνοντα
630 459 736 513 τοῦς
772 461 828 529 ἐξ
864 459 1078 526 Ἰσραήλ.
1146 459 1314 525 πρέποι
1358 458 1395 510 δ’
1441 457 1497 509 ἂν
1542 457 1753 518 μάλιστα
1790 458 1856 524 τῷ

240 552 266 591 b
285 546 366 606 τῆς
409 541 714 595 ἀναστάσεως
754 546 896 610 καιρῷ
947 543 1000 592 τὸ
1046 541 1189 608 φάναι
1231 539 1313 591 τὸν
1358 539 1513 607 Κύριον,
1555 541 1616 592 ὡς
1654 539 1703 588 ἐκ,
1749 535 1856 587 Σιὼν

65 635 208 710 iIVTlllgSS·
285 627 645 695 ἀνακεκράξεται.
710 626 779 677 ὅτι
814 625 935 677 καθά
966 631 1116 695 φησιν
1146 627 1170 675 ὁ
1205 624 1454 678 θεσπέσιος
1488 628 1681 675 Παῦλος
1709 622 1852 672 “Αὐ-
1877 639 1898 676 5

102 704 107 710 ’
171 703 177 709 ’
285 717 311 737 “
338 707 416 761 τὸς
444 710 468 759 ὁ
499 709 670 774 Κύριος
707 710 754 759 ἐν
786 708 1081 771 κελεύσματι,
1108 710 1156 758 ἐν
1191 711 1325 774 φωνῇ
1364 706 1676 773 ἀρχαγγέλου,
1706 706 1780 754 καὶ
1811 706 1858 754 ἐν

69 813 173 843 ιοοικ
286 799 312 820 “
338 790 576 856 σάλπιγγι
617 794 740 842 Θεοῦ
783 789 1101 855 καταβήσεται
1146 791 1223 840 ἀπ’
1264 790 1471 854 οὐρανοῦ,
1517 789 1591 838 καὶ
1630 789 1671 837 οἱ
1711 788 1859 852 νεκροὶ

66 869 119 887 XV'
137 865 188 896 53'
287 882 312 904 ‘⁴
336 876 384 924 ἐν
409 877 607 942 Χριστῷ
634 872 965 939 ἐγερθήσονται
993 872 1265 940 ἅφθαρτοι.”
1305 876 1442 921 τοῦτο
1468 872 1541 920 καὶ
1568 871 1592 919 ὁ
1615 868 1860 922 Μωυσέως

67 973 169 1003 Num.
185 982 216 1002 x.
289 955 426 1018 νόμος
450 955 785 1022 προανετύπου,
813 955 990 1006 ἐκέλευε
1024 953 1117 1021 γὰρ
1152 956 1200 1005 ἐν
1236 954 1449 1022 νεομηνία
1485 952 1729 1018 σαλπίζειν
1754 950 1860 1005 τοὺς

71 1027 118 1048 ω’
288 1040 343 1108 ἐξ
370 1037 588 1105 Ἰσραήλ.
654 1040 727 1088 καὶ
764 1038 979 1102 νεομηνία
1016 1036 1101 1101 μὲν
1138 1036 1282 1090 τύπος
1321 1034 1378 1086 ἂν
1416 1040 1580 1097 νοοῖτο,
1618 1036 1692 1084 καὶ
1731 1031 1862 1095 μάλα
1887 1058 1931 1083 ιο

288 1120 464 1189 σαφὴς,
511 1124 674 1173 αἰῶνος
716 1125 797 1171 τοῦ
837 1118 1098 1182 μέλλοντος
1136 1123 1208 1170 καὶ
1246 1119 1347 1168 νέου
1386 1116 1501 1176 μετὰ
1538 1116 1619 1167 τὸν
1657 1120 1859 1182 πρῶτον·

289 1204 316 1267 ἡ
343 1203 397 1253 δέ
417 1225 471 1267 γε
497 1202 729 1271 σάλπιγξ,
756 1205 836 1265 τῆς
872 1203 1149 1267 διαπρυσίας
1183 1203 1299 1268 ἠχῆς
1337 1204 1418 1264 τῆς
1450 1205 1531 1250 τοῦ
1565 1198 1864 1266 ἀρχαγγέλου

251 1288 462 1353 οφωνῆς,
501 1288 582 1348 τῆς
621 1284 749 1350 παρὰ
794 1288 917 1335 Θεοῦ
961 1283 1246 1349 σάλπιγγος,
1291 1281 1319 1347 ἢ
1360 1281 1538 1335 πάντας
1577 1283 1726 1346 ἐγερεῖ
1758 1279 1864 1334 τοῦς

289 1369 336 1417 ἐν
362 1371 419 1434 τῇ
445 1370 507 1434 γῇ
534 1366 776 1429 κειμένους,
803 1365 1011 1434 ἐξαίσιόν
1038 1388 1081 1416 τι
1107 1368 1180 1416 καὶ
1207 1364 1470 1434 φωνητικὸν
1495 1364 1691 1431 ἠχοῦσα.

362 1448 541 1499 Ἰστέον
587 1448 634 1498 δὲ
676 1447 745 1498 ὅτι
787 1451 862 1499 καὶ
905 1446 1042 1502 αὐτὸς
1081 1450 1105 1498 ὁ
1149 1447 1320 1513 Κύριος
1360 1447 1413 1497 τὸ
1452 1448 1523 1497 ἐπὶ
1562 1450 1628 1515 τῷ
1667 1445 1863 1515 Λαζάρῳ
1888 1464 1934 1502 15

291 1536 446 1594 θαῦμα
483 1535 695 1596 πληρῶν,
729 1532 921 1599 ἀφίκετο
958 1529 1042 1593 μὲν
1080 1533 1142 1583 εἰς
1179 1529 1233 1580 τὸ
1272 1533 1508 1593 μνημεῖον,
1538 1530 1599 1581 ὡς
1633 1528 1686 1578 δέ
1715 1533 1865 1594 φησιν

71 1628 220 1691 ἓ-,ὖοξιο-
293 1615 317 1664 ὁ
362 1611 736 1679 Εὑαγγελιστὴς,
788 1616 922 1682 φωνῇ
965 1612 1151 1680 μεγάλῃ
1195 1612 1409 1680 ἐφώνησε
1452 1618 1478 1639 “
1505 1610 1687 1676 Λάζαρε
1735 1613 1867 1675 δεῦρο

73 1683 187 1710 ‘⁸¹4³'
294 1702 320 1724 ‘⁶
347 1695 374 1746 ἕ
401 1697 480 1745 ω.”
544 1701 680 1745 τοῦτο
720 1694 767 1746 δὲ
801 1699 900 1748 πῶς
938 1693 994 1745 ἂν
1033 1695 1227 1758 νοηθείη,
1259 1694 1478 1759 λέγοντος
1512 1696 1636 1743 Θεοῦ
1675 1691 1748 1743 διὰ
1786 1698 1868 1743 τοῦ

73 1789 232 1863 Ξέἷῗξώ·
293 1777 540 1845 προφήτου
571 1785 598 1806 “
619 1778 724 1828 Οὐκ
758 1778 912 1842 ἐρίσει,
949 1777 1049 1827 οὐδὲ
1082 1776 1351 1843 κραυγάσει,
1383 1775 1484 1826 οὐδὲ
1523 1773 1868 1838 ἀκουσθήσεται

75 1843 211 1908 Es2xffi'i.
295 1867 322 1889 “
348 1860 438 1928 ἔξω
481 1861 507 1923 ἡ
554 1858 687 1926 φωνὴ
735 1861 935 1920 αὐτοῦ;”
976 1864 1171 1923 σημεῖον
1217 1859 1295 1909 οὖν
1340 1858 1430 1925 ἄρα
1472 1860 1553 1921 τῆς
1592 1856 1868 1923 διαπρυσίου
1889 1877 1937 1902 20

75 1931 90 1951 ²
295 1941 580 2008 σάλπιγγος,
608 1946 682 1992 καὶ
721 1945 802 2006 τῆς
838 1941 915 1993 ἀπ’
944 1943 1084 2006 αὐτῆς
1116 1943 1233 2009 ἠχῆς
1263 1944 1344 2005 τῆς
1376 1941 1443 1992 ἐπ’
1473 1939 1703 2007 ἐσχάτοις,
1736 1941 1869 2007 φημὶ,

250 2027 369 2077 dna}
410 2025 465 2093 ἐξ
504 2025 714 2090 οὐρανοῦ,
746 2024 799 2074 τὸ
833 2023 1017 2092 μεγάλῃ
1057 2023 1139 2074 τὸν
1178 2027 1376 2090 Σωτῆρα
1413 2021 1688 2091 χρήσασθαι
1721 2026 1870 2090 φωνῇ,

295 2106 596 2157 διανιστάντα
628 2106 710 2158 τὸν
742 2105 972 2173 Λάζαρον.

289 2293 343 2335 ‘O
375 2293 420 2334 δὲ
461 2293 607 2350 Κύριος
645 2291 837 2348 φείσεται
871 2296 943 2334 τοῦ
972 2296 1076 2334 λαοῦ
1108 2294 1246 2345 αὐτοῦ,
1274 2293 1341 2335 καὶ
1367 2294 1572 2349 ὲνισχύσει
1603 2292 1749 2349 Κύριος
1774 2290 1872 2332 τοὺς

231 2394 274 2433 17
362 2375 476 2418 υἱοὺς
501 2376 691 2434 Ἰσραήλ.
751 2377 819 2418 καὶ
851 2376 1137 2425 ὲΠιΓνώοεοθε
1172 2379 1236 2419 ὅτι
1268 2378 1352 2425 &sch
1389 2377 1537 2435 Κύριος
1563 2377 1585 2419 ὁ
1613 2375 1721 2418 Θεὸς
1754 2375 1871 2424 ὑμῶν
1894 2389 1940 2428 25

362 2461 384 2501 ὁ
421 2461 701 2502 κατασκΗνών
735 2461 778 2502 ὲν
822 2461 936 2502 Σιὼν
974 2461 1018 2502 ὲν
1054 2461 1145 2518 ὄρει
1183 2461 1289 2515 ἁΓίῳ
1326 2476 1416 2510 μου·
1467 2459 1535 2501 καὶ
1570 2460 1688 2502 ἔσται
1717 2458 1874 2516 Ἰερου-

363 2545 504 2594 OQM—'m
531 2545 640 2596 ‹ij-(01,
668 2544 735 2585 καὶ
762 2543 1006 2593 ἀλλοῖενεῖε
1033 2546 1079 2586 οὐ
1107 2545 1397 2588 ὃιελεύσονται
1423 2544 1468 2586 δι’
1502 2545 1629 2586 αὐτῆς
1655 2544 1807 2584 οὐκέτι.

344 2677 377 2712 5.
404 2669 622 2713 ἀνακράξεται
639 2669 674 2703 b.
724 2669 831 2705 καθώς
851 2669 941 2704 Edd.
991 2671 1009 2703 ὁ
1027 2669 1210 2705 θεσπέσιος
1228 2671 1409 2714 assumpta
1426 2680 1467 2702 ex
1483 2668 1525 2703 Β.
1676 2666 1708 2700 6.
1735 2665 1873 2700 κελεύσ-

298 2713 394 2760 ματι]
414 2720 451 2756 -Ι-
468 2716 521 2749 καὶ
539 2716 633 2750 Aub.
872 2728 885 2750 1
897 2728 925 2750 Ι.
952 2717 1034 2751 κατὰ
1051 2729 1112 2761 pro
1129 2718 1212 2760 μετὰ
1231 2716 1322 2750 Edd.
1564 2725 1616 2748 12.
1642 2712 1725 2759 ἠχῆς
1741 2715 1799 2757 τῆς
1815 2714 1875 2746 τοῦ

299 2761 517 2807 ἀρχαγγέλου
534 2762 665 2809 φωνῆς]
685 2763 801 2808 φωνῆς
817 2765 874 2808 τῆς
891 2766 950 2797 τοῦ
967 2763 1186 2809 ἀρχαγγέλου
1202 2763 1262 2798 iid.
1529 2771 1581 2807 13.
1607 2762 1664 2804 τῆς
1680 2761 1770 2805 παρὰ
1788 2761 1875 2793 Θεοῦ

302 2809 495 2854 σάλπιγγος
512 2821 582 2843 orn.
603 2810 644 2843 B.
900 2820 952 2855 15.
979 2813 1024 2857 τῷ
1043 2816 1264 2855 assumptum
1282 2822 1323 2844 ex
1342 2809 1384 2843 B.
1645 2808 1698 2842 18.
1723 2809 1822 2841 τοῦτο
1839 2806 1875 2840 δὲ

299 2857 370 2888 πῶς
386 2853 425 2888 ἂν
443 2857 584 2899 νοηθείη,
599 2857 759 2902 λέγοντος
777 2856 881 2902 Θεοῦ]
902 2858 1008 2891 καίτοι
1026 2857 1187 2901 λέγοντος
1203 2858 1304 2890 αὐτοῦ
1321 2856 1380 2890 iid.
1656 2865 1710 2888 20.
1737 2855 1874 2897 διαπρυ-

302 2900 379 2935 σίας
391 2901 449 2935 iid.
547 2913 601 2944 24.
630 2902 751 2947 Κύριος
768 2904 826 2937 alt.
845 2905 989 2938 accessit
1006 2916 1046 2938 ex
1062 2904 1104 2938 Β.
1120 2904 1221 2946 (XII.
1235 2905 1295 2947 al.)
1345 2902 1468 2937 Statim
1487 2903 1557 2938 τοῖς
1574 2902 1656 2936 υἱοῖς
1673 2901 1764 2935 Edd.
1777 2900 1874 2943 (Co.)

303 2955 358 2990 25.
384 2949 560 2991 γνώσεσθε
578 2949 669 2984 Edd.
689 2950 752 2995 (36
771 2950 835 2995 al.)
1038 2950 1092 2984 26.
1120 2952 1138 2984 ὁ
1155 2962 1224 2984 om.
1242 2950 1300 2984 iid.
1321 2950 1396 2995 (22.
1415 2949 1480 2994 al.)
1528 2950 1563 2983 ἐν
1579 2950 1637 2982 alt.
1656 2953 1875 2992 assumptum

303 3003 345 3026 ex
362 2992 401 3027 B.
417 2994 458 3037 (Ν
476 2995 560 3029 XII.
575 2995 660 3039 &c.)
849 3005 904 3042 27.
925 2997 1034 3032 οὐκέτι
1054 2997 1093 3031 Β.
1112 2998 1160 3032 ἔτι
1179 2997 1215 3031 F.
1237 2997 1326 3031 Edd.
1339 2997 1436 3040 (Co.)
