<?xml version="1.0" encoding="UTF-8"?>
<!DOCTYPE html PUBLIC "-//W3C//DTD XHTML 1.0 Transitional//EN"
    "http://www.w3.org/TR/xhtml1/DTD/xhtml1-transitional.dtd">
<html xmlns="http://www.w3.org/1999/xhtml" xml:lang="en" lang="en">
 <head>
  <title>
</title>
<meta http-equiv="Content-Type" content="text/html;charset=utf-8" />
  <meta name='ocr-system' content='tesseract 3.04.00' />
  <meta name='ocr-capabilities' content='ocr_page ocr_carea ocr_par ocr_line ocrx_word'/>
</head>
<body>
  <div class='ocr_page' id='page_1' title='image "./operacyrilli01cyriuoft_0735.png"; bbox 0 0 2021 3434; ppageno 0'>
   <div class='ocr_carea' id='block_1_1' title="bbox 113 235 1684 288">
    <p class='ocr_par' dir='ltr' id='par_1_1' title="bbox 113 235 1684 288">
     <span class='ocr_line' id='line_1_1' title="bbox 113 235 1684 288; baseline 0 -12"><span class='ocrx_word' id='word_1_1' title='bbox 113 244 207 288; x_wconf 88' lang='lat' dir='ltr'><strong>v.7.</strong></span> <span class='ocrx_word' id='word_1_2' title='bbox 496 236 571 278; x_wconf 94' lang='lat' dir='ltr'>IN</span> <span class='ocrx_word' id='word_1_3' title='bbox 615 236 1002 278; x_wconf 87' lang='lat' dir='ltr'><strong>MICHAEAM.</strong></span> <span class='ocrx_word' id='word_1_4' title='bbox 1061 236 1211 278; x_wconf 87' lang='grc' dir='ltr'><strong>ΤΟΜ.</strong></span> <span class='ocrx_word' id='word_1_5' title='bbox 1244 235 1305 278; x_wconf 91' lang='grc' dir='ltr'>ΙΙ.</span> <span class='ocrx_word' id='word_1_6' title='bbox 1603 237 1684 277; x_wconf 88' lang='grc'>685</span> 
     </span>
    </p>
   </div>
   <div class='ocr_carea' id='block_1_2' title="bbox 67 342 1687 742">
    <p class='ocr_par' dir='ltr' id='par_1_2' title="bbox 110 342 1686 414">
     <span class='ocr_line' id='line_1_2' title="bbox 110 342 1686 414; baseline 0.001 -21"><span class='ocrx_word' id='word_1_7' title='bbox 110 342 304 408; x_wconf 83' lang='grc' dir='ltr'>μένουσι</span> <span class='ocrx_word' id='word_1_8' title='bbox 339 343 387 395; x_wconf 80' lang='grc' dir='ltr'>δὲ</span> <span class='ocrx_word' id='word_1_9' title='bbox 421 343 583 412; x_wconf 83' lang='grc' dir='ltr'>ὥσπερ</span> <span class='ocrx_word' id='word_1_10' title='bbox 619 346 669 396; x_wconf 86' lang='grc' dir='ltr'>ἐν</span> <span class='ocrx_word' id='word_1_11' title='bbox 702 343 768 399; x_wconf 79' lang='grc' dir='ltr'>οἷς</span> <span class='ocrx_word' id='word_1_12' title='bbox 803 349 908 409; x_wconf 80' lang='grc' dir='ltr'>εἶσὶ,</span> <span class='ocrx_word' id='word_1_13' title='bbox 946 349 1046 399; x_wconf 84' lang='grc' dir='ltr'>ταῖς</span> <span class='ocrx_word' id='word_1_14' title='bbox 1083 350 1177 396; x_wconf 89' lang='grc' dir='ltr'>τῶν</span> <span class='ocrx_word' id='word_1_15' title='bbox 1210 347 1356 412; x_wconf 84' lang='grc' dir='ltr'>ἁγίων</span> <span class='ocrx_word' id='word_1_16' title='bbox 1396 345 1573 414; x_wconf 80' lang='grc' dir='ltr'>νήψεσι</span> <span class='ocrx_word' id='word_1_17' title='bbox 1611 347 1686 395; x_wconf 78' lang='grc' dir='ltr'>καὶ</span> 
     </span>
    </p>

    <p class='ocr_par' dir='ltr' id='par_1_3' title="bbox 109 426 1687 493">
     <span class='ocr_line' id='line_1_3' title="bbox 109 426 1687 493; baseline 0.001 -17"><span class='ocrx_word' id='word_1_18' title='bbox 109 427 307 491; x_wconf 79' lang='grc' dir='ltr'>ἀγαθαῖς</span> <span class='ocrx_word' id='word_1_19' title='bbox 364 427 677 490; x_wconf 79' lang='grc' dir='ltr'>συμβουλίαις</span> <span class='ocrx_word' id='word_1_20' title='bbox 732 426 1103 491; x_wconf 84' lang='grc' dir='ltr'>ἀνακοπτόμενα,</span> <span class='ocrx_word' id='word_1_21' title='bbox 1151 430 1227 478; x_wconf 86' lang='grc' dir='ltr'>καὶ</span> <span class='ocrx_word' id='word_1_22' title='bbox 1271 430 1353 491; x_wconf 84' lang='grc' dir='ltr'>τῆς</span> <span class='ocrx_word' id='word_1_23' title='bbox 1396 432 1491 477; x_wconf 87' lang='grc' dir='ltr'>τῶν</span> <span class='ocrx_word' id='word_1_24' title='bbox 1540 427 1687 493; x_wconf 81' lang='grc' dir='ltr'><em>ἁγίων</em></span> 
     </span>
    </p>

    <p class='ocr_par' dir='ltr' id='par_1_4' title="bbox 108 506 1686 576">
     <span class='ocr_line' id='line_1_4' title="bbox 108 506 1686 576; baseline 0.002 -19"><span class='ocrx_word' id='word_1_25' title='bbox 108 506 352 573; x_wconf 83' lang='grc' dir='ltr'>εἶργόμενα</span> <span class='ocrx_word' id='word_1_26' title='bbox 382 511 487 574; x_wconf 82' lang='grc' dir='ltr'>γῆς,</span> <span class='ocrx_word' id='word_1_27' title='bbox 516 512 578 563; x_wconf 88' lang='grc' dir='ltr'>ὡς</span> <span class='ocrx_word' id='word_1_28' title='bbox 608 507 667 558; x_wconf 76' lang='grc' dir='ltr'>ἂν</span> <span class='ocrx_word' id='word_1_29' title='bbox 697 510 916 576; x_wconf 85' lang='grc' dir='ltr'>ἠρεμαῖον</span> <span class='ocrx_word' id='word_1_30' title='bbox 942 512 1017 560; x_wconf 82' lang='grc' dir='ltr'>καὶ</span> <span class='ocrx_word' id='word_1_31' title='bbox 1047 508 1289 573; x_wconf 79' lang='grc' dir='ltr'>ἀπόλεμον</span> <span class='ocrx_word' id='word_1_32' title='bbox 1315 509 1556 576; x_wconf 72' lang='grc' dir='ltr'>διαζῶντες</span> <span class='ocrx_word' id='word_1_33' title='bbox 1579 510 1686 571; x_wconf 83' lang='grc' dir='ltr'>βίον</span> 
     </span>
    </p>

    <p class='ocr_par' dir='ltr' id='par_1_5' title="bbox 67 590 1685 742">
     <span class='ocr_line' id='line_1_5' title="bbox 109 590 1685 661; baseline 0.003 -22"><span class='ocrx_word' id='word_1_34' title='bbox 109 590 432 656; x_wconf 86' lang='grc' dir='ltr'>ἀποπεραίνειν</span> <span class='ocrx_word' id='word_1_35' title='bbox 465 590 677 642; x_wconf 84' lang='grc' dir='ltr'>δύναιντο</span> <span class='ocrx_word' id='word_1_36' title='bbox 721 590 779 642; x_wconf 80' lang='grc' dir='ltr'>τὰ</span> <span class='ocrx_word' id='word_1_37' title='bbox 817 591 1075 643; x_wconf 83' lang='grc' dir='ltr'>ἀδδάνοντα</span> <span class='ocrx_word' id='word_1_38' title='bbox 1111 595 1178 661; x_wconf 71' lang='grc' dir='ltr'>τῷ</span> <span class='ocrx_word' id='word_1_39' title='bbox 1215 595 1339 661; x_wconf 73' lang='grc' dir='ltr'>Θεῷ,</span> <span class='ocrx_word' id='word_1_40' title='bbox 1374 593 1450 642; x_wconf 84' lang='grc' dir='ltr'>καὶ</span> <span class='ocrx_word' id='word_1_41' title='bbox 1487 591 1562 642; x_wconf 80' lang='grc' dir='ltr'>διὰ</span> <span class='ocrx_word' id='word_1_42' title='bbox 1601 594 1685 656; x_wconf 82' lang='grc' dir='ltr'>τῆς</span> 
     </span>
     <span class='ocr_line' id='line_1_6' title="bbox 67 671 1312 742; baseline 0.002 -20"><span class='ocrx_word' id='word_1_43' title='bbox 67 691 90 730; x_wconf 88' lang='grc'><strong>5</strong></span> <span class='ocrx_word' id='word_1_44' title='bbox 110 672 234 741; x_wconf 75' lang='grc' dir='ltr'>αὐτῷ</span> <span class='ocrx_word' id='word_1_45' title='bbox 259 671 540 742; x_wconf 81' lang='grc' dir='ltr'>φιλαιτάτης</span> <span class='ocrx_word' id='word_1_46' title='bbox 565 674 813 737; x_wconf 81' lang='grc' dir='ltr'>εὐκοσμίας</span> <span class='ocrx_word' id='word_1_47' title='bbox 838 673 1312 742; x_wconf 84' lang='grc' dir='ltr'>καταφαιδρύνεσθαι.</span> 
     </span>
    </p>
   </div>
   <div class='ocr_carea' id='block_1_3' title="bbox 0 863 1725 1091">
    <p class='ocr_par' dir='ltr' id='par_1_6' title="bbox 0 863 1725 1091">
     <span class='ocr_line' id='line_1_7' title="bbox 0 863 1725 950; baseline 0.003 -46"><span class='ocrx_word' id='word_1_48' title='bbox 0 879 3 950; x_wconf 44' lang='grc' dir='ltr'>ἰ</span> <span class='ocrx_word' id='word_1_49' title='bbox 60 913 66 915; x_wconf 41' lang='grc'><strong>-</strong></span> <span class='ocrx_word' id='word_1_50' title='bbox 112 863 186 904; x_wconf 80' lang='grc' dir='ltr'>Καὶ</span> <span class='ocrx_word' id='word_1_51' title='bbox 211 863 327 906; x_wconf 80' lang='grc' dir='ltr'>ἔσται</span> <span class='ocrx_word' id='word_1_52' title='bbox 356 864 403 907; x_wconf 88' lang='grc' dir='ltr'>τὸ</span> <span class='ocrx_word' id='word_1_53' title='bbox 431 865 672 914; x_wconf 81' lang='grc' dir='ltr'>ὑπόλειμμα</span> <span class='ocrx_word' id='word_1_54' title='bbox 704 870 777 907; x_wconf 82' lang='grc' dir='ltr'>τοῦ</span> <span class='ocrx_word' id='word_1_55' title='bbox 798 866 953 916; x_wconf 78' lang='grc' dir='ltr'>Ἰακὼβ</span> <span class='ocrx_word' id='word_1_56' title='bbox 981 865 1024 908; x_wconf 80' lang='grc' dir='ltr'>ἐν</span> <span class='ocrx_word' id='word_1_57' title='bbox 1051 864 1138 908; x_wconf 79' lang='grc' dir='ltr'>τοῖς</span> <span class='ocrx_word' id='word_1_58' title='bbox 1164 866 1325 908; x_wconf 80' lang='grc' dir='ltr'>ἔθνεσιν</span> <span class='ocrx_word' id='word_1_59' title='bbox 1351 866 1395 907; x_wconf 79' lang='grc' dir='ltr'>ἐν</span> <span class='ocrx_word' id='word_1_60' title='bbox 1421 867 1539 921; x_wconf 74' lang='grc' dir='ltr'>μέσῳ</span> <span class='ocrx_word' id='word_1_61' title='bbox 1565 867 1683 909; x_wconf 79' lang='grc' dir='ltr'>λαῶν</span> <span class='ocrx_word' id='word_1_62' title='bbox 1706 877 1725 916; x_wconf 88' lang='grc'><strong>7</strong></span> 
     </span>
     <span class='ocr_line' id='line_1_8' title="bbox 0 947 1678 1007; baseline 0.002 -19"><span class='ocrx_word' id='word_1_63' title='bbox 0 951 3 977; x_wconf 56' lang='grc' dir='ltr'>Ι</span> <span class='ocrx_word' id='word_1_64' title='bbox 174 947 363 999; x_wconf 80' lang='grc' dir='ltr'>πολλῶν,</span> <span class='ocrx_word' id='word_1_65' title='bbox 394 948 454 989; x_wconf 87' lang='grc' dir='ltr'>ὡς</span> <span class='ocrx_word' id='word_1_66' title='bbox 487 948 640 1005; x_wconf 73' lang='grc' dir='ltr'>δρόσος</span> <span class='ocrx_word' id='word_1_67' title='bbox 676 949 791 1007; x_wconf 80' lang='grc' dir='ltr'>Παρὰ</span> <span class='ocrx_word' id='word_1_68' title='bbox 825 948 973 1006; x_wconf 77' lang='grc' dir='ltr'>Κυρίου</span> <span class='ocrx_word' id='word_1_69' title='bbox 1011 949 1221 991; x_wconf 81' lang='grc' dir='ltr'>Πίπτουσα</span> <span class='ocrx_word' id='word_1_70' title='bbox 1259 950 1327 991; x_wconf 76' lang='grc' dir='ltr'>καὶ</span> <span class='ocrx_word' id='word_1_71' title='bbox 1359 950 1418 990; x_wconf 85' lang='grc' dir='ltr'>ὡς</span> <span class='ocrx_word' id='word_1_72' title='bbox 1453 950 1579 1007; x_wconf 77' lang='grc' dir='ltr'>ἄρνες</span> <span class='ocrx_word' id='word_1_73' title='bbox 1617 951 1678 992; x_wconf 76' lang='grc' dir='ltr'>ἐπ’</span> 
     </span>
     <span class='ocr_line' id='line_1_9' title="bbox 175 1031 1684 1091; baseline 0.002 -19"><span class='ocrx_word' id='word_1_74' title='bbox 175 1031 399 1088; x_wconf 80' lang='grc' dir='ltr'>ἅΓρωστιν,</span> <span class='ocrx_word' id='word_1_75' title='bbox 442 1033 560 1073; x_wconf 84' lang='grc' dir='ltr'>ὅπως</span> <span class='ocrx_word' id='word_1_76' title='bbox 609 1032 664 1081; x_wconf 65' lang='grc' dir='ltr'>μὴ</span> <span class='ocrx_word' id='word_1_77' title='bbox 710 1035 892 1090; x_wconf 64' lang='grc' dir='ltr'>συναχθῌΑ</span> <span class='ocrx_word' id='word_1_78' title='bbox 941 1032 1090 1082; x_wconf 77' lang='grc' dir='ltr'>μΗὸεἰς</span> <span class='ocrx_word' id='word_1_79' title='bbox 1134 1032 1241 1082; x_wconf 77' lang='grc' dir='ltr'>μΗὸὲ</span> <span class='ocrx_word' id='word_1_80' title='bbox 1286 1033 1447 1091; x_wconf 61' lang='grc' dir='ltr'>ὑποστιᾷ</span> <span class='ocrx_word' id='word_1_81' title='bbox 1492 1033 1537 1074; x_wconf 83' lang='grc' dir='ltr'>ἐν</span> <span class='ocrx_word' id='word_1_82' title='bbox 1580 1031 1684 1075; x_wconf 81' lang='grc' dir='ltr'>υἱοῖς</span> 
     </span>
    </p>
   </div>
   <div class='ocr_carea' id='block_1_4' title="bbox 174 1113 430 1172">
    <p class='ocr_par' dir='ltr' id='par_1_7' title="bbox 174 1113 430 1172">
     <span class='ocr_line' id='line_1_10' title="bbox 174 1113 430 1172; baseline 0.004 -17"><span class='ocrx_word' id='word_1_83' title='bbox 174 1113 430 1172; x_wconf 80' lang='grc' dir='ltr'>ἀνθρώπων.</span> 
     </span>
    </p>
   </div>
   <div class='ocr_carea' id='block_1_5' title="bbox 40 1222 1900 2443">
    <p class='ocr_par' dir='ltr' id='par_1_8' title="bbox 42 1222 1900 1622">
     <span class='ocr_line' id='line_1_11' title="bbox 42 1222 1684 1293; baseline 0.004 -20"><span class='ocrx_word' id='word_1_84' title='bbox 42 1246 90 1272; x_wconf 93' lang='lat'>10</span> <span class='ocrx_word' id='word_1_85' title='bbox 170 1222 336 1293; x_wconf 83' lang='grc' dir='ltr'>’Έφην</span> <span class='ocrx_word' id='word_1_86' title='bbox 361 1224 449 1289; x_wconf 71' lang='grc' dir='ltr'>ἤδη</span> <span class='ocrx_word' id='word_1_87' title='bbox 479 1224 774 1288; x_wconf 80' lang='grc' dir='ltr'>πλειστάκις,</span> <span class='ocrx_word' id='word_1_88' title='bbox 807 1224 879 1275; x_wconf 78' lang='grc' dir='ltr'>ὅτι</span> <span class='ocrx_word' id='word_1_89' title='bbox 912 1224 1160 1276; x_wconf 78' lang='grc' dir='ltr'>σέσωσται</span> <span class='ocrx_word' id='word_1_90' title='bbox 1185 1223 1238 1276; x_wconf 81' lang='grc' dir='ltr'>τὸ</span> <span class='ocrx_word' id='word_1_91' title='bbox 1273 1224 1568 1290; x_wconf 84' lang='grc' dir='ltr'>κατάλειμμα</span> <span class='ocrx_word' id='word_1_92' title='bbox 1602 1233 1684 1279; x_wconf 86' lang='grc' dir='ltr'>τοῦ</span> 
     </span>
     <span class='ocr_line' id='line_1_12' title="bbox 105 1305 1677 1376; baseline 0.003 -20"><span class='ocrx_word' id='word_1_93' title='bbox 105 1305 320 1372; x_wconf 89' lang='grc' dir='ltr'>Ἰσραὴλ,</span> <span class='ocrx_word' id='word_1_94' title='bbox 362 1307 437 1357; x_wconf 82' lang='grc' dir='ltr'>καὶ</span> <span class='ocrx_word' id='word_1_95' title='bbox 480 1308 562 1357; x_wconf 81' lang='grc' dir='ltr'>οὐκ</span> <span class='ocrx_word' id='word_1_96' title='bbox 597 1307 849 1358; x_wconf 85' lang='grc' dir='ltr'>ἀπόλωλεν</span> <span class='ocrx_word' id='word_1_97' title='bbox 886 1306 1088 1358; x_wconf 82' lang='grc' dir='ltr'>εἶσάπαν</span> <span class='ocrx_word' id='word_1_98' title='bbox 1126 1307 1180 1358; x_wconf 84' lang='grc' dir='ltr'>τὸ</span> <span class='ocrx_word' id='word_1_99' title='bbox 1218 1307 1275 1376; x_wconf 78' lang='grc' dir='ltr'>ἐξ</span> <span class='ocrx_word' id='word_1_100' title='bbox 1313 1307 1488 1370; x_wconf 81' lang='grc' dir='ltr'>Ἰακὼβ</span> <span class='ocrx_word' id='word_1_101' title='bbox 1529 1308 1677 1375; x_wconf 65' lang='grc' dir='ltr'>γε’νος.</span> 
     </span>
     <span class='ocr_line' id='line_1_13' title="bbox 105 1388 1682 1457; baseline 0.002 -18"><span class='ocrx_word' id='word_1_102' title='bbox 105 1389 448 1439; x_wconf 82' lang='grc' dir='ltr'>πεπιστεύκασι</span> <span class='ocrx_word' id='word_1_103' title='bbox 486 1388 580 1455; x_wconf 79' lang='grc' dir='ltr'>γὰρ</span> <span class='ocrx_word' id='word_1_104' title='bbox 618 1393 679 1443; x_wconf 81' lang='grc' dir='ltr'>εἷς</span> <span class='ocrx_word' id='word_1_105' title='bbox 705 1389 919 1455; x_wconf 83' lang='grc' dir='ltr'>Χριστὸν</span> <span class='ocrx_word' id='word_1_106' title='bbox 946 1390 1027 1440; x_wconf 82' lang='grc' dir='ltr'>οὐκ</span> <span class='ocrx_word' id='word_1_107' title='bbox 1066 1390 1219 1456; x_wconf 82' lang='grc' dir='ltr'>ὀλίγοι</span> <span class='ocrx_word' id='word_1_108' title='bbox 1256 1388 1339 1441; x_wconf 80' lang='grc' dir='ltr'>τὸν</span> <span class='ocrx_word' id='word_1_109' title='bbox 1370 1390 1581 1457; x_wconf 80' lang='grc' dir='ltr'>ἀριθμὸν,</span> <span class='ocrx_word' id='word_1_110' title='bbox 1608 1393 1682 1442; x_wconf 72' lang='grc' dir='ltr'>καὶ</span> 
     </span>
     <span class='ocr_line' id='line_1_14' title="bbox 105 1469 1900 1540; baseline 0.003 -19"><span class='ocrx_word' id='word_1_111' title='bbox 105 1469 191 1535; x_wconf 85' lang='grc' dir='ltr'>τὴν</span> <span class='ocrx_word' id='word_1_112' title='bbox 222 1469 297 1521; x_wconf 81' lang='grc' dir='ltr'>διὰ</span> <span class='ocrx_word' id='word_1_113' title='bbox 328 1472 531 1525; x_wconf 87' lang='grc' dir='ltr'>πίστεως</span> <span class='ocrx_word' id='word_1_114' title='bbox 563 1471 803 1537; x_wconf 89' lang='grc' dir='ltr'>σωτηρίαν</span> <span class='ocrx_word' id='word_1_115' title='bbox 834 1475 908 1522; x_wconf 79' lang='grc' dir='ltr'>καὶ</span> <span class='ocrx_word' id='word_1_116' title='bbox 941 1471 1034 1538; x_wconf 87' lang='grc' dir='ltr'>πρό</span> <span class='ocrx_word' id='word_1_117' title='bbox 1060 1495 1114 1538; x_wconf 89' lang='grc' dir='ltr'>γε</span> <span class='ocrx_word' id='word_1_118' title='bbox 1147 1477 1241 1523; x_wconf 87' lang='grc' dir='ltr'>τῶν</span> <span class='ocrx_word' id='word_1_119' title='bbox 1271 1473 1449 1536; x_wconf 73' lang='grc' dir='ltr'>ἄλλων,</span> <span class='ocrx_word' id='word_1_120' title='bbox 1477 1476 1598 1540; x_wconf 83' lang='grc' dir='ltr'>φημὶ</span> <span class='ocrx_word' id='word_1_121' title='bbox 1625 1473 1681 1538; x_wconf 83' lang='grc' dir='ltr'>δὴ</span> <span class='ocrx_word' id='word_1_122' title='bbox 1699 1500 1720 1525; x_wconf 84' lang='lat' dir='ltr'>a</span> <span class='ocrx_word' id='word_1_123' title='bbox 1747 1492 1828 1526; x_wconf 87' lang='lat'>441</span> <span class='ocrx_word' id='word_1_124' title='bbox 1847 1491 1900 1526; x_wconf 90' lang='lat' dir='ltr'>A.</span> 
     </span>
     <span class='ocr_line' id='line_1_15' title="bbox 106 1553 1683 1622; baseline 0.002 -19"><span class='ocrx_word' id='word_1_125' title='bbox 106 1557 201 1604; x_wconf 89' lang='grc' dir='ltr'>τῶν</span> <span class='ocrx_word' id='word_1_126' title='bbox 223 1553 280 1622; x_wconf 79' lang='grc' dir='ltr'>ἐξ</span> <span class='ocrx_word' id='word_1_127' title='bbox 308 1555 466 1615; x_wconf 88' lang='grc' dir='ltr'>ἐθνῶν,</span> <span class='ocrx_word' id='word_1_128' title='bbox 490 1553 888 1618; x_wconf 88' lang='grc' dir='ltr'>πεπλουτήκασιν.</span> <span class='ocrx_word' id='word_1_129' title='bbox 951 1555 1058 1604; x_wconf 86' lang='grc' dir='ltr'>ἀλλ’</span> <span class='ocrx_word' id='word_1_130' title='bbox 1086 1556 1136 1605; x_wconf 86' lang='grc' dir='ltr'>ἐκ</span> <span class='ocrx_word' id='word_1_131' title='bbox 1169 1553 1335 1606; x_wconf 87' lang='grc' dir='ltr'>τούτου</span> <span class='ocrx_word' id='word_1_132' title='bbox 1367 1560 1450 1606; x_wconf 84' lang='grc' dir='ltr'>τοῦ</span> <span class='ocrx_word' id='word_1_133' title='bbox 1484 1562 1683 1606; x_wconf 91' lang='grc' dir='ltr'>καταλε-</span> 
     </span>
    </p>

    <p class='ocr_par' dir='ltr' id='par_1_9' title="bbox 42 1635 1683 2035">
     <span class='ocr_line' id='line_1_16' title="bbox 42 1635 1681 1703; baseline 0.001 -16"><span class='ocrx_word' id='word_1_134' title='bbox 42 1652 88 1691; x_wconf 86' lang='lat'>15</span> <span class='ocrx_word' id='word_1_135' title='bbox 107 1636 354 1699; x_wconf 76' lang='grc' dir='ltr'>λειμμένου</span> <span class='ocrx_word' id='word_1_136' title='bbox 386 1659 436 1687; x_wconf 91' lang='grc' dir='ltr'>τε</span> <span class='ocrx_word' id='word_1_137' title='bbox 469 1638 544 1686; x_wconf 77' lang='grc' dir='ltr'>καὶ</span> <span class='ocrx_word' id='word_1_138' title='bbox 570 1637 955 1699; x_wconf 78' lang='grc' dir='ltr'>διασεσωσμένου</span> <span class='ocrx_word' id='word_1_139' title='bbox 981 1635 1056 1686; x_wconf 80' lang='grc' dir='ltr'>διὰ</span> <span class='ocrx_word' id='word_1_140' title='bbox 1081 1639 1162 1700; x_wconf 84' lang='grc' dir='ltr'>τῆς</span> <span class='ocrx_word' id='word_1_141' title='bbox 1187 1639 1391 1690; x_wconf 86' lang='grc' dir='ltr'>πίστεως</span> <span class='ocrx_word' id='word_1_142' title='bbox 1416 1637 1582 1703; x_wconf 85' lang='grc' dir='ltr'>με’ρους</span> <span class='ocrx_word' id='word_1_143' title='bbox 1606 1640 1681 1689; x_wconf 86' lang='grc' dir='ltr'>καὶ</span> 
     </span>
     <span class='ocr_line' id='line_1_17' title="bbox 107 1717 1682 1783; baseline 0.003 -15"><span class='ocrx_word' id='word_1_144' title='bbox 107 1718 236 1769; x_wconf 77' lang='grc' dir='ltr'>αὐτοὶ</span> <span class='ocrx_word' id='word_1_145' title='bbox 270 1717 525 1783; x_wconf 86' lang='grc' dir='ltr'>γεγόνασιν</span> <span class='ocrx_word' id='word_1_146' title='bbox 560 1721 600 1768; x_wconf 81' lang='grc' dir='ltr'>οἱ</span> <span class='ocrx_word' id='word_1_147' title='bbox 631 1718 875 1769; x_wconf 77' lang='grc' dir='ltr'>θεσπέσιοι</span> <span class='ocrx_word' id='word_1_148' title='bbox 909 1720 1112 1783; x_wconf 76' lang='grc' dir='ltr'>μαθηταὶ</span> <span class='ocrx_word' id='word_1_149' title='bbox 1151 1720 1226 1770; x_wconf 78' lang='grc' dir='ltr'>καὶ</span> <span class='ocrx_word' id='word_1_150' title='bbox 1261 1723 1303 1770; x_wconf 80' lang='grc' dir='ltr'>οἱ</span> <span class='ocrx_word' id='word_1_151' title='bbox 1335 1725 1682 1774; x_wconf 80' lang='grc' dir='ltr'>συναθλοῦντες</span> 
     </span>
     <span class='ocr_line' id='line_1_18' title="bbox 106 1800 1678 1871; baseline 0.002 -21"><span class='ocrx_word' id='word_1_152' title='bbox 106 1800 260 1854; x_wconf 82' lang='grc' dir='ltr'>αὐτοῖς</span> <span class='ocrx_word' id='word_1_153' title='bbox 281 1802 354 1850; x_wconf 82' lang='grc' dir='ltr'>καὶ</span> <span class='ocrx_word' id='word_1_154' title='bbox 375 1800 726 1866; x_wconf 85' lang='grc' dir='ltr'>συνηλγηκότες</span> <span class='ocrx_word' id='word_1_155' title='bbox 747 1801 898 1854; x_wconf 83' lang='grc' dir='ltr'>αὐτοῖς</span> <span class='ocrx_word' id='word_1_156' title='bbox 919 1802 966 1851; x_wconf 85' lang='grc' dir='ltr'>ἐν</span> <span class='ocrx_word' id='word_1_157' title='bbox 988 1804 1053 1869; x_wconf 75' lang='grc' dir='ltr'>τῷ</span> <span class='ocrx_word' id='word_1_158' title='bbox 1072 1801 1330 1871; x_wconf 81' lang='grc' dir='ltr'>εὐαγγελίῳ</span> <span class='ocrx_word' id='word_1_159' title='bbox 1348 1807 1430 1852; x_wconf 86' lang='grc' dir='ltr'>τοῦ</span> <span class='ocrx_word' id='word_1_160' title='bbox 1449 1806 1678 1868; x_wconf 85' lang='grc' dir='ltr'>Χριστοῦ.</span> 
     </span>
     <span class='ocr_line' id='line_1_19' title="bbox 105 1881 1683 1948; baseline 0.001 -15"><span class='ocrx_word' id='word_1_161' title='bbox 105 1882 296 1936; x_wconf 85' lang='grc' dir='ltr'>τούτους</span> <span class='ocrx_word' id='word_1_162' title='bbox 335 1882 391 1947; x_wconf 87' lang='grc' dir='ltr'>δὴ</span> <span class='ocrx_word' id='word_1_163' title='bbox 427 1883 507 1933; x_wconf 76' lang='grc' dir='ltr'>οὖν</span> <span class='ocrx_word' id='word_1_164' title='bbox 542 1881 706 1937; x_wconf 77' lang='grc' dir='ltr'>αὐτοὺς</span> <span class='ocrx_word' id='word_1_165' title='bbox 743 1882 998 1934; x_wconf 89' lang='grc' dir='ltr'>σεσῶσθαί</span> <span class='ocrx_word' id='word_1_166' title='bbox 1031 1887 1181 1948; x_wconf 88' lang='grc' dir='ltr'>φησιν</span> <span class='ocrx_word' id='word_1_167' title='bbox 1219 1885 1256 1935; x_wconf 81' lang='grc' dir='ltr'>ἐν</span> <span class='ocrx_word' id='word_1_168' title='bbox 1293 1886 1381 1938; x_wconf 69' lang='grc' dir='ltr'>τοῖς</span> <span class='ocrx_word' id='word_1_169' title='bbox 1421 1883 1581 1947; x_wconf 75' lang='grc' dir='ltr'>ἔθνεσιν,</span> <span class='ocrx_word' id='word_1_170' title='bbox 1608 1883 1683 1935; x_wconf 76' lang='grc' dir='ltr'>οἷοί</span> 
     </span>
     <span class='ocr_line' id='line_1_20' title="bbox 105 1961 1678 2035; baseline 0.001 -20"><span class='ocrx_word' id='word_1_171' title='bbox 105 1987 209 2016; x_wconf 91' lang='grc' dir='ltr'>τινα</span> <span class='ocrx_word' id='word_1_172' title='bbox 235 1961 371 2035; x_wconf 59' lang='grc' dir='ltr'>δρία-ον</span> <span class='ocrx_word' id='word_1_173' title='bbox 395 1966 553 2030; x_wconf 85' lang='grc' dir='ltr'>ἀγρῶν</span> <span class='ocrx_word' id='word_1_174' title='bbox 579 1965 937 2031; x_wconf 80' lang='grc' dir='ltr'>καταχεομένην,</span> <span class='ocrx_word' id='word_1_175' title='bbox 964 1965 1038 2015; x_wconf 77' lang='grc' dir='ltr'>καὶ</span> <span class='ocrx_word' id='word_1_176' title='bbox 1069 1968 1151 2028; x_wconf 81' lang='grc' dir='ltr'>τῆς</span> <span class='ocrx_word' id='word_1_177' title='bbox 1177 1967 1447 2030; x_wconf 80' lang='grc' dir='ltr'>διαβολικῆς</span> <span class='ocrx_word' id='word_1_178' title='bbox 1473 1969 1678 2033; x_wconf 90' lang='grc' dir='ltr'>δυστρο-</span> 
     </span>
    </p>

    <p class='ocr_par' dir='ltr' id='par_1_10' title="bbox 40 2045 1727 2443">
     <span class='ocr_line' id='line_1_21' title="bbox 40 2045 1683 2114; baseline 0.002 -19"><span class='ocrx_word' id='word_1_179' title='bbox 40 2070 89 2095; x_wconf 91' lang='lat'>20</span> <span class='ocrx_word' id='word_1_180' title='bbox 105 2047 214 2100; x_wconf 86' lang='grc' dir='ltr'>πίας</span> <span class='ocrx_word' id='word_1_181' title='bbox 256 2045 340 2098; x_wconf 81' lang='grc' dir='ltr'>τὸν</span> <span class='ocrx_word' id='word_1_182' title='bbox 380 2047 603 2098; x_wconf 88' lang='grc' dir='ltr'>καύσωνα</span> <span class='ocrx_word' id='word_1_183' title='bbox 653 2046 1010 2113; x_wconf 89' lang='grc' dir='ltr'>παραλύουσαν.</span> <span class='ocrx_word' id='word_1_184' title='bbox 1075 2046 1239 2114; x_wconf 79' lang='grc' dir='ltr'>ὥσπερ</span> <span class='ocrx_word' id='word_1_185' title='bbox 1289 2046 1382 2114; x_wconf 79' lang='grc' dir='ltr'>γὰρ</span> <span class='ocrx_word' id='word_1_186' title='bbox 1424 2048 1471 2098; x_wconf 89' lang='grc' dir='ltr'>ἐν</span> <span class='ocrx_word' id='word_1_187' title='bbox 1519 2047 1683 2113; x_wconf 88' lang='grc' dir='ltr'>κήποις</span> 
     </span>
     <span class='ocr_line' id='line_1_22' title="bbox 104 2127 1682 2195; baseline 0.002 -16"><span class='ocrx_word' id='word_1_188' title='bbox 104 2129 251 2194; x_wconf 74' lang='grc' dir='ltr'>ἤγουν</span> <span class='ocrx_word' id='word_1_189' title='bbox 269 2130 325 2179; x_wconf 86' lang='grc' dir='ltr'>’ἐν</span> <span class='ocrx_word' id='word_1_190' title='bbox 349 2130 510 2195; x_wconf 80' lang='grc' dir='ltr'>ἀγροῖς</span> <span class='ocrx_word' id='word_1_191' title='bbox 539 2127 675 2183; x_wconf 88' lang='grc' dir='ltr'>πόαις</span> <span class='ocrx_word' id='word_1_192' title='bbox 704 2151 754 2180; x_wconf 88' lang='grc' dir='ltr'>τε</span> <span class='ocrx_word' id='word_1_193' title='bbox 786 2130 860 2179; x_wconf 80' lang='grc' dir='ltr'>καὶ</span> <span class='ocrx_word' id='word_1_194' title='bbox 892 2130 1061 2195; x_wconf 90' lang='grc' dir='ltr'>κρίνοις</span> <span class='ocrx_word' id='word_1_195' title='bbox 1096 2132 1132 2180; x_wconf 79' lang='grc' dir='ltr'>εἰ</span> <span class='ocrx_word' id='word_1_196' title='bbox 1170 2130 1224 2180; x_wconf 83' lang='grc' dir='ltr'>τὸ</span> <span class='ocrx_word' id='word_1_197' title='bbox 1263 2133 1345 2194; x_wconf 81' lang='grc' dir='ltr'>τῆς</span> <span class='ocrx_word' id='word_1_198' title='bbox 1375 2131 1571 2195; x_wconf 81' lang='grc' dir='ltr'>ἡλιακῆς</span> <span class='ocrx_word' id='word_1_199' title='bbox 1600 2133 1682 2182; x_wconf 86' lang='grc' dir='ltr'>ἀκ-</span> 
     </span>
     <span class='ocr_line' id='line_1_23' title="bbox 104 2210 1727 2278; baseline 0.002 -16"><span class='ocrx_word' id='word_1_200' title='bbox 104 2216 228 2265; x_wconf 86' lang='grc' dir='ltr'>τῖνος</span> <span class='ocrx_word' id='word_1_201' title='bbox 264 2213 479 2274; x_wconf 85' lang='grc' dir='ltr'>ἐμπίπτει</span> <span class='ocrx_word' id='word_1_202' title='bbox 516 2210 680 2274; x_wconf 82' lang='grc' dir='ltr'>σέλας,</span> <span class='ocrx_word' id='word_1_203' title='bbox 708 2214 952 2278; x_wconf 84' lang='grc' dir='ltr'>χαλᾶσθαι</span> <span class='ocrx_word' id='word_1_204' title='bbox 984 2217 1108 2262; x_wconf 86' lang='grc' dir='ltr'>ποιεῖ</span> <span class='ocrx_word' id='word_1_205' title='bbox 1135 2212 1253 2278; x_wconf 82' lang='grc' dir='ltr'>πρὸς</span> <span class='ocrx_word' id='word_1_206' title='bbox 1278 2210 1331 2263; x_wconf 81' lang='grc' dir='ltr'>τὸ</span> <span class='ocrx_word' id='word_1_207' title='bbox 1362 2212 1579 2276; x_wconf 80' lang='grc' dir='ltr'>ἀκαλλὲς,</span> <span class='ocrx_word' id='word_1_208' title='bbox 1607 2216 1681 2265; x_wconf 81' lang='grc' dir='ltr'>καὶ</span> <span class='ocrx_word' id='word_1_209' title='bbox 1700 2227 1727 2268; x_wconf 93' lang='lat' dir='ltr'>b</span> 
     </span>
     <span class='ocr_line' id='line_1_24' title="bbox 105 2292 1683 2363; baseline 0.002 -19"><span class='ocrx_word' id='word_1_210' title='bbox 105 2297 167 2347; x_wconf 78' lang='grc' dir='ltr'>εἷς</span> <span class='ocrx_word' id='word_1_211' title='bbox 184 2292 295 2344; x_wconf 82' lang='grc' dir='ltr'>αὐτό</span> <span class='ocrx_word' id='word_1_212' title='bbox 319 2317 418 2347; x_wconf 91' lang='grc' dir='ltr'>πως</span> <span class='ocrx_word' id='word_1_213' title='bbox 438 2293 526 2358; x_wconf 73' lang='grc' dir='ltr'>ἤδη</span> <span class='ocrx_word' id='word_1_214' title='bbox 552 2292 841 2360; x_wconf 81' lang='grc' dir='ltr'>μεμαράνθαι</span> <span class='ocrx_word' id='word_1_215' title='bbox 866 2297 1027 2344; x_wconf 81' lang='grc' dir='ltr'>δοκεῖν·</span> <span class='ocrx_word' id='word_1_216' title='bbox 1056 2295 1176 2345; x_wconf 77' lang='grc' dir='ltr'>οὕτω</span> <span class='ocrx_word' id='word_1_217' title='bbox 1202 2296 1278 2345; x_wconf 81' lang='grc' dir='ltr'>καὶ</span> <span class='ocrx_word' id='word_1_218' title='bbox 1304 2296 1328 2345; x_wconf 86' lang='grc' dir='ltr'>ὁ</span> <span class='ocrx_word' id='word_1_219' title='bbox 1355 2297 1437 2359; x_wconf 84' lang='grc' dir='ltr'>τῆς</span> <span class='ocrx_word' id='word_1_220' title='bbox 1456 2295 1683 2363; x_wconf 83' lang='grc' dir='ltr'>ἁμαρτίας</span> 
     </span>
     <span class='ocr_line' id='line_1_25' title="bbox 108 2374 1678 2443; baseline 0.003 -17"><span class='ocrx_word' id='word_1_221' title='bbox 108 2376 292 2443; x_wconf 84' lang='grc' dir='ltr'>εὑρετὴς</span> <span class='ocrx_word' id='word_1_222' title='bbox 333 2381 578 2440; x_wconf 86' lang='grc' dir='ltr'>κοσμικαῖς</span> <span class='ocrx_word' id='word_1_223' title='bbox 621 2375 912 2442; x_wconf 87' lang='grc' dir='ltr'>φιληδονίαις</span> <span class='ocrx_word' id='word_1_224' title='bbox 956 2375 1030 2426; x_wconf 79' lang='grc' dir='ltr'>ὅτε</span> <span class='ocrx_word' id='word_1_225' title='bbox 1073 2374 1156 2427; x_wconf 81' lang='grc' dir='ltr'>τὸν</span> <span class='ocrx_word' id='word_1_226' title='bbox 1197 2376 1489 2442; x_wconf 81' lang='grc' dir='ltr'>ἀνθρώπινον</span> <span class='ocrx_word' id='word_1_227' title='bbox 1531 2401 1678 2430; x_wconf 88' lang='grc' dir='ltr'>κατα-</span> 
     </span>
    </p>
   </div>
   <div class='ocr_carea' id='block_1_6' title="bbox 109 2504 1681 2602">
    <p class='ocr_par' dir='ltr' id='par_1_11' title="bbox 109 2504 1681 2602">
     <span class='ocr_line' id='line_1_26' title="bbox 109 2504 1681 2552; baseline 0.002 -12"><span class='ocrx_word' id='word_1_228' title='bbox 109 2512 329 2540; x_wconf 80' lang='lat' dir='ltr'><strong>accesserunt</strong></span> <span class='ocrx_word' id='word_1_229' title='bbox 350 2505 435 2540; x_wconf 87' lang='lat' dir='ltr'>haec</span> <span class='ocrx_word' id='word_1_230' title='bbox 458 2505 541 2540; x_wconf 82' lang='grc' dir='ltr'>καθὰ</span> <span class='ocrx_word' id='word_1_231' title='bbox 564 2505 617 2539; x_wconf 87' lang='grc' dir='ltr'>καὶ</span> <span class='ocrx_word' id='word_1_232' title='bbox 633 2507 738 2539; x_wconf 84' lang='grc' dir='ltr'>πάλαι</span> <span class='ocrx_word' id='word_1_233' title='bbox 756 2516 868 2549; x_wconf 82' lang='lat' dir='ltr'>usque</span> <span class='ocrx_word' id='word_1_234' title='bbox 885 2504 928 2539; x_wconf 85' lang='lat' dir='ltr'>ad</span> <span class='ocrx_word' id='word_1_235' title='bbox 946 2505 1050 2539; x_wconf 89' lang='lat' dir='ltr'><strong>finem</strong></span> <span class='ocrx_word' id='word_1_236' title='bbox 1074 2505 1196 2540; x_wconf 88' lang='lat' dir='ltr'>scholii</span> <span class='ocrx_word' id='word_1_237' title='bbox 1213 2517 1255 2539; x_wconf 85' lang='lat' dir='ltr'>ex</span> <span class='ocrx_word' id='word_1_238' title='bbox 1273 2506 1329 2547; x_wconf 89' lang='lat' dir='ltr'><strong>A.,</strong></span> <span class='ocrx_word' id='word_1_239' title='bbox 1348 2507 1473 2552; x_wconf 86' lang='lat' dir='ltr'><strong>partim</strong></span> <span class='ocrx_word' id='word_1_240' title='bbox 1491 2508 1627 2543; x_wconf 87' lang='lat' dir='ltr'>favente</span> <span class='ocrx_word' id='word_1_241' title='bbox 1645 2508 1681 2543; x_wconf 94' lang='lat' dir='ltr'><strong>b.</strong></span> 
     </span>
     <span class='ocr_line' id='line_1_27' title="bbox 110 2551 1678 2602; baseline 0.003 -16"><span class='ocrx_word' id='word_1_242' title='bbox 110 2553 169 2597; x_wconf 90' lang='lat' dir='ltr'>qui</span> <span class='ocrx_word' id='word_1_243' title='bbox 188 2553 282 2587; x_wconf 81' lang='lat' dir='ltr'>dedit</span> <span class='ocrx_word' id='word_1_244' title='bbox 298 2552 438 2597; x_wconf 84' lang='grc' dir='ltr'>μένουσι</span> <span class='ocrx_word' id='word_1_245' title='bbox 452 2553 602 2587; x_wconf 85' lang='grc' dir='ltr'>δέ--τῶν</span> <span class='ocrx_word' id='word_1_246' title='bbox 618 2552 721 2598; x_wconf 84' lang='grc' dir='ltr'>ἁγίων</span> <span class='ocrx_word' id='word_1_247' title='bbox 733 2551 873 2596; x_wconf 76' lang='grc' dir='ltr'>ἀγαθαῖς</span> <span class='ocrx_word' id='word_1_248' title='bbox 887 2554 1097 2596; x_wconf 80' lang='grc' dir='ltr'>συμβουλαῖς</span> <span class='ocrx_word' id='word_1_249' title='bbox 1113 2553 1373 2597; x_wconf 78' lang='grc' dir='ltr'>ἀνακοπτόμενα.</span> <span class='ocrx_word' id='word_1_250' title='bbox 1485 2566 1515 2589; x_wconf 91' lang='lat'><strong>1.</strong></span> <span class='ocrx_word' id='word_1_251' title='bbox 1534 2555 1678 2602; x_wconf 78' lang='grc' dir='ltr'>νὴψεσι]</span> 
     </span>
    </p>
   </div>
   <div class='ocr_carea' id='block_1_7' title="bbox 106 2599 1682 3068">
    <p class='ocr_par' dir='ltr' id='par_1_12' title="bbox 106 2599 1682 3068">
     <span class='ocr_line' id='line_1_28' title="bbox 111 2599 1681 2646; baseline 0.003 -13"><span class='ocrx_word' id='word_1_252' title='bbox 111 2599 169 2633; x_wconf 85' lang='lat' dir='ltr'>Sic</span> <span class='ocrx_word' id='word_1_253' title='bbox 185 2599 277 2633; x_wconf 82' lang='lat' dir='ltr'>edidi</span> <span class='ocrx_word' id='word_1_254' title='bbox 295 2612 335 2634; x_wconf 84' lang='lat' dir='ltr'>ex</span> <span class='ocrx_word' id='word_1_255' title='bbox 353 2612 382 2634; x_wconf 90' lang='lat' dir='ltr'><strong>e.</strong></span> <span class='ocrx_word' id='word_1_256' title='bbox 401 2599 541 2643; x_wconf 83' lang='grc' dir='ltr'>νήστεσι</span> <span class='ocrx_word' id='word_1_257' title='bbox 560 2600 605 2643; x_wconf 73' lang='grc' dir='ltr'>(ἓ)</span> <span class='ocrx_word' id='word_1_258' title='bbox 624 2601 667 2633; x_wconf 87' lang='grc' dir='ltr'>Α.</span> <span class='ocrx_word' id='word_1_259' title='bbox 814 2610 845 2632; x_wconf 89' lang='grc'>2.</span> <span class='ocrx_word' id='word_1_260' title='bbox 871 2599 1120 2642; x_wconf 83' lang='grc' dir='ltr'>ἀνακοπτόμενα</span> <span class='ocrx_word' id='word_1_261' title='bbox 1137 2599 1229 2633; x_wconf 77' lang='lat' dir='ltr'>edidi</span> <span class='ocrx_word' id='word_1_262' title='bbox 1247 2611 1288 2633; x_wconf 84' lang='lat' dir='ltr'>ex</span> <span class='ocrx_word' id='word_1_263' title='bbox 1305 2600 1340 2634; x_wconf 90' lang='lat' dir='ltr'>b.</span> <span class='ocrx_word' id='word_1_264' title='bbox 1358 2601 1619 2646; x_wconf 84' lang='grc' dir='ltr'>ἀνακοπτόμενοι</span> <span class='ocrx_word' id='word_1_265' title='bbox 1636 2603 1681 2637; x_wconf 84' lang='grc' dir='ltr'>Α.</span> 
     </span>
     <span class='ocr_line' id='line_1_29' title="bbox 109 2645 1682 2694; baseline 0.003 -15"><span class='ocrx_word' id='word_1_266' title='bbox 109 2658 142 2688; x_wconf 92' lang='grc'>4.</span> <span class='ocrx_word' id='word_1_267' title='bbox 168 2645 243 2680; x_wconf 83' lang='grc' dir='ltr'>ἇδδ.</span> <span class='ocrx_word' id='word_1_268' title='bbox 264 2647 327 2691; x_wconf 87' lang='lat' dir='ltr'>(sic</span> <span class='ocrx_word' id='word_1_269' title='bbox 345 2658 407 2691; x_wconf 88' lang='lat' dir='ltr'>pro</span> <span class='ocrx_word' id='word_1_270' title='bbox 424 2647 511 2691; x_wconf 84' lang='grc' dir='ltr'>ἁνδ.)</span> <span class='ocrx_word' id='word_1_271' title='bbox 530 2647 573 2680; x_wconf 86' lang='grc' dir='ltr'>Α.</span> <span class='ocrx_word' id='word_1_272' title='bbox 718 2645 750 2679; x_wconf 89' lang='lat'>6.</span> <span class='ocrx_word' id='word_1_273' title='bbox 776 2647 814 2679; x_wconf 89' lang='grc' dir='ltr'>τὸ</span> <span class='ocrx_word' id='word_1_274' title='bbox 832 2646 1019 2689; x_wconf 80' lang='grc' dir='ltr'>ὑπόλειμμα</span> <span class='ocrx_word' id='word_1_275' title='bbox 1036 2649 1094 2680; x_wconf 89' lang='grc' dir='ltr'>τοῦ</span> <span class='ocrx_word' id='word_1_276' title='bbox 1110 2645 1247 2691; x_wconf 80' lang='grc' dir='ltr'>Ἰακὼβ]</span> <span class='ocrx_word' id='word_1_277' title='bbox 1275 2649 1334 2681; x_wconf 85' lang='grc' dir='ltr'>τοῦ</span> <span class='ocrx_word' id='word_1_278' title='bbox 1351 2659 1421 2681; x_wconf 90' lang='lat' dir='ltr'><strong>om.</strong></span> <span class='ocrx_word' id='word_1_279' title='bbox 1442 2648 1479 2683; x_wconf 86' lang='lat' dir='ltr'><strong>F.</strong></span> <span class='ocrx_word' id='word_1_280' title='bbox 1497 2651 1543 2694; x_wconf 79' lang='grc' dir='ltr'>τῷ</span> <span class='ocrx_word' id='word_1_281' title='bbox 1560 2648 1682 2688; x_wconf 81' lang='grc' dir='ltr'>Ἰακὼβ</span> 
     </span>
     <span class='ocr_line' id='line_1_30' title="bbox 108 2692 1680 2740; baseline 0.002 -13"><span class='ocrx_word' id='word_1_282' title='bbox 108 2694 148 2727; x_wconf 80' lang='grc' dir='ltr'>τὸ</span> <span class='ocrx_word' id='word_1_283' title='bbox 164 2693 354 2737; x_wconf 84' lang='grc' dir='ltr'>ὑπόλειμμα</span> <span class='ocrx_word' id='word_1_284' title='bbox 371 2692 463 2727; x_wconf 87' lang='lat' dir='ltr'><strong>Edd.</strong></span> <span class='ocrx_word' id='word_1_285' title='bbox 483 2692 596 2738; x_wconf 81' lang='lat'><strong>(153.)</strong></span> <span class='ocrx_word' id='word_1_286' title='bbox 613 2693 722 2726; x_wconf 81' lang='lat' dir='ltr'>invito</span> <span class='ocrx_word' id='word_1_287' title='bbox 739 2693 783 2726; x_wconf 90' lang='lat' dir='ltr'>A.</span> <span class='ocrx_word' id='word_1_288' title='bbox 885 2701 916 2737; x_wconf 90' lang='lat'>7.</span> <span class='ocrx_word' id='word_1_289' title='bbox 943 2693 1198 2727; x_wconf 84' lang='grc' dir='ltr'>καταπίπτουσα</span> <span class='ocrx_word' id='word_1_290' title='bbox 1217 2693 1254 2727; x_wconf 90' lang='lat' dir='ltr'>F.</span> <span class='ocrx_word' id='word_1_291' title='bbox 1349 2695 1382 2728; x_wconf 85' lang='grc'>8.</span> <span class='ocrx_word' id='word_1_292' title='bbox 1409 2695 1617 2740; x_wconf 76' lang='grc' dir='ltr'>ἐπισυναχθῇ</span> <span class='ocrx_word' id='word_1_293' title='bbox 1636 2697 1680 2730; x_wconf 90' lang='grc' dir='ltr'>Α.</span> 
     </span>
     <span class='ocr_line' id='line_1_31' title="bbox 111 2740 1681 2787; baseline 0.003 -14"><span class='ocrx_word' id='word_1_294' title='bbox 111 2750 166 2773; x_wconf 86' lang='lat'><strong>12.</strong></span> <span class='ocrx_word' id='word_1_295' title='bbox 191 2740 249 2774; x_wconf 82' lang='grc' dir='ltr'>τὸν</span> <span class='ocrx_word' id='word_1_296' title='bbox 264 2740 405 2785; x_wconf 85' lang='grc' dir='ltr'>ἀριθμὸν</span> <span class='ocrx_word' id='word_1_297' title='bbox 422 2746 602 2784; x_wconf 82' lang='lat' dir='ltr'>assumpta</span> <span class='ocrx_word' id='word_1_298' title='bbox 619 2752 659 2773; x_wconf 87' lang='lat' dir='ltr'>ex</span> <span class='ocrx_word' id='word_1_299' title='bbox 677 2740 720 2773; x_wconf 89' lang='lat' dir='ltr'>A.</span> <span class='ocrx_word' id='word_1_300' title='bbox 855 2749 908 2783; x_wconf 80' lang='lat'><strong>13.</strong></span> <span class='ocrx_word' id='word_1_301' title='bbox 934 2753 973 2783; x_wconf 92' lang='grc' dir='ltr'>γε</span> <span class='ocrx_word' id='word_1_302' title='bbox 990 2747 1023 2773; x_wconf 88' lang='lat' dir='ltr'>et</span> <span class='ocrx_word' id='word_1_303' title='bbox 1040 2740 1155 2773; x_wconf 68' lang='grc' dir='ltr'>ἄλλων</span> <span class='ocrx_word' id='word_1_304' title='bbox 1171 2740 1259 2785; x_wconf 87' lang='grc' dir='ltr'>φημὶ</span> <span class='ocrx_word' id='word_1_305' title='bbox 1276 2740 1315 2784; x_wconf 87' lang='grc' dir='ltr'>δὴ</span> <span class='ocrx_word' id='word_1_306' title='bbox 1333 2744 1399 2775; x_wconf 83' lang='grc' dir='ltr'>τῶν</span> <span class='ocrx_word' id='word_1_307' title='bbox 1418 2741 1494 2787; x_wconf 76' lang='grc' dir='ltr'>[τὴν</span> <span class='ocrx_word' id='word_1_308' title='bbox 1511 2742 1599 2787; x_wconf 82' lang='lat' dir='ltr'>(Sic)</span> <span class='ocrx_word' id='word_1_309' title='bbox 1617 2754 1681 2787; x_wconf 89' lang='lat' dir='ltr'>pro</span> 
     </span>
     <span class='ocr_line' id='line_1_32' title="bbox 108 2785 1682 2832; baseline 0.002 -12"><span class='ocrx_word' id='word_1_310' title='bbox 108 2790 174 2821; x_wconf 81' lang='grc' dir='ltr'>τῶν</span> <span class='ocrx_word' id='word_1_311' title='bbox 190 2785 252 2832; x_wconf 89' lang='grc' dir='ltr'>Α.]</span> <span class='ocrx_word' id='word_1_312' title='bbox 273 2793 492 2821; x_wconf 81' lang='lat' dir='ltr'>accesserunt</span> <span class='ocrx_word' id='word_1_313' title='bbox 509 2799 550 2820; x_wconf 85' lang='lat' dir='ltr'>ex</span> <span class='ocrx_word' id='word_1_314' title='bbox 569 2786 612 2820; x_wconf 90' lang='lat' dir='ltr'>A.</span> <span class='ocrx_word' id='word_1_315' title='bbox 664 2785 787 2820; x_wconf 83' lang='lat' dir='ltr'>Statim</span> <span class='ocrx_word' id='word_1_316' title='bbox 806 2785 844 2828; x_wconf 83' lang='grc' dir='ltr'>ἐξ</span> <span class='ocrx_word' id='word_1_317' title='bbox 861 2792 1081 2830; x_wconf 87' lang='lat' dir='ltr'>assumptum</span> <span class='ocrx_word' id='word_1_318' title='bbox 1099 2798 1140 2819; x_wconf 85' lang='lat' dir='ltr'>ex</span> <span class='ocrx_word' id='word_1_319' title='bbox 1159 2787 1248 2820; x_wconf 88' lang='grc' dir='ltr'>Α.Β.</span> <span class='ocrx_word' id='word_1_320' title='bbox 1402 2798 1455 2832; x_wconf 90' lang='lat'>15.</span> <span class='ocrx_word' id='word_1_321' title='bbox 1486 2788 1581 2823; x_wconf 84' lang='lat' dir='ltr'><strong>Haec</strong></span> <span class='ocrx_word' id='word_1_322' title='bbox 1598 2804 1682 2823; x_wconf 80' lang='grc' dir='ltr'>τε-</span> 
     </span>
     <span class='ocr_line' id='line_1_33' title="bbox 106 2832 1680 2880; baseline 0.003 -13"><span class='ocrx_word' id='word_1_323' title='bbox 106 2835 165 2877; x_wconf 82' lang='grc' dir='ltr'>τῆς</span> <span class='ocrx_word' id='word_1_324' title='bbox 181 2833 328 2869; x_wconf 88' lang='grc' dir='ltr'>πίστεως</span> <span class='ocrx_word' id='word_1_325' title='bbox 344 2839 564 2868; x_wconf 82' lang='lat' dir='ltr'>accesserunt</span> <span class='ocrx_word' id='word_1_326' title='bbox 580 2845 621 2867; x_wconf 84' lang='lat' dir='ltr'>ex</span> <span class='ocrx_word' id='word_1_327' title='bbox 639 2833 682 2866; x_wconf 92' lang='lat' dir='ltr'>A.</span> <span class='ocrx_word' id='word_1_328' title='bbox 834 2832 885 2865; x_wconf 89' lang='lat'><strong>16.</strong></span> <span class='ocrx_word' id='word_1_329' title='bbox 912 2833 1158 2868; x_wconf 82' lang='grc' dir='ltr'>συναθλοῦντες</span> <span class='ocrx_word' id='word_1_330' title='bbox 1173 2833 1285 2868; x_wconf 78' lang='grc' dir='ltr'>αὐτοῖς</span> <span class='ocrx_word' id='word_1_331' title='bbox 1302 2834 1354 2867; x_wconf 81' lang='grc' dir='ltr'>καὶ</span> <span class='ocrx_word' id='word_1_332' title='bbox 1371 2837 1619 2880; x_wconf 90' lang='grc' dir='ltr'>συνηλγηκότες</span> <span class='ocrx_word' id='word_1_333' title='bbox 1635 2836 1680 2870; x_wconf 90' lang='grc' dir='ltr'>Α.</span> 
     </span>
     <span class='ocr_line' id='line_1_34' title="bbox 107 2877 1682 2925; baseline 0.002 -11"><span class='ocrx_word' id='word_1_334' title='bbox 107 2880 354 2923; x_wconf 86' lang='grc' dir='ltr'>συνηθληκότες</span> <span class='ocrx_word' id='word_1_335' title='bbox 371 2880 462 2914; x_wconf 90' lang='lat' dir='ltr'><strong>Edd.</strong></span> <span class='ocrx_word' id='word_1_336' title='bbox 572 2890 624 2924; x_wconf 89' lang='lat'>17.</span> <span class='ocrx_word' id='word_1_337' title='bbox 643 2877 846 2925; x_wconf 81' lang='grc' dir='ltr'>εὐαγγελίῳ]</span> <span class='ocrx_word' id='word_1_338' title='bbox 863 2882 900 2919; x_wconf 73' lang='lat'>-†—</span> <span class='ocrx_word' id='word_1_339' title='bbox 920 2881 966 2924; x_wconf 80' lang='grc' dir='ltr'>τῷ</span> <span class='ocrx_word' id='word_1_340' title='bbox 986 2879 1029 2913; x_wconf 88' lang='grc' dir='ltr'>Β.</span> <span class='ocrx_word' id='word_1_341' title='bbox 1143 2880 1195 2914; x_wconf 89' lang='grc'>18.</span> <span class='ocrx_word' id='word_1_342' title='bbox 1214 2878 1287 2914; x_wconf 84' lang='grc' dir='ltr'>οἷάν</span> <span class='ocrx_word' id='word_1_343' title='bbox 1304 2880 1395 2914; x_wconf 89' lang='lat' dir='ltr'><strong>Edd.</strong></span> <span class='ocrx_word' id='word_1_344' title='bbox 1509 2893 1563 2916; x_wconf 88' lang='lat'>20.</span> <span class='ocrx_word' id='word_1_345' title='bbox 1584 2882 1682 2918; x_wconf 87' lang='lat' dir='ltr'>Haec</span> 
     </span>
     <span class='ocr_line' id='line_1_35' title="bbox 108 2926 1680 2972; baseline 0.003 -12"><span class='ocrx_word' id='word_1_346' title='bbox 108 2926 144 2960; x_wconf 85' lang='grc' dir='ltr'>ἐν</span> <span class='ocrx_word' id='word_1_347' title='bbox 160 2926 277 2970; x_wconf 81' lang='grc' dir='ltr'>κήποις</span> <span class='ocrx_word' id='word_1_348' title='bbox 292 2929 395 2972; x_wconf 80' lang='grc' dir='ltr'>ἤγουν</span> <span class='ocrx_word' id='word_1_349' title='bbox 411 2932 629 2961; x_wconf 85' lang='lat' dir='ltr'>accesserunt</span> <span class='ocrx_word' id='word_1_350' title='bbox 647 2938 687 2960; x_wconf 84' lang='lat' dir='ltr'>ex</span> <span class='ocrx_word' id='word_1_351' title='bbox 705 2926 750 2959; x_wconf 88' lang='lat' dir='ltr'>A.</span> <span class='ocrx_word' id='word_1_352' title='bbox 918 2937 972 2960; x_wconf 92' lang='lat'><strong>21.</strong></span> <span class='ocrx_word' id='word_1_353' title='bbox 998 2940 1079 2960; x_wconf 89' lang='grc' dir='ltr'>ποτε</span> <span class='ocrx_word' id='word_1_354' title='bbox 1097 2937 1160 2970; x_wconf 90' lang='lat' dir='ltr'>pro</span> <span class='ocrx_word' id='word_1_355' title='bbox 1175 2928 1274 2962; x_wconf 85' lang='grc' dir='ltr'>πόαις</span> <span class='ocrx_word' id='word_1_356' title='bbox 1290 2942 1326 2961; x_wconf 82' lang='grc' dir='ltr'>τε</span> <span class='ocrx_word' id='word_1_357' title='bbox 1344 2927 1436 2962; x_wconf 88' lang='lat' dir='ltr'><strong>Edd.</strong></span> <span class='ocrx_word' id='word_1_358' title='bbox 1454 2928 1570 2963; x_wconf 86' lang='lat' dir='ltr'>invitis</span> <span class='ocrx_word' id='word_1_359' title='bbox 1588 2929 1680 2964; x_wconf 89' lang='grc' dir='ltr'><strong>Α.Β.</strong></span> 
     </span>
     <span class='ocr_line' id='line_1_36' title="bbox 108 3019 1679 3068; baseline 0.002 -14"><span class='ocrx_word' id='word_1_360' title='bbox 108 3024 330 3054; x_wconf 77' lang='lat' dir='ltr'><strong>accesserunt</strong></span> <span class='ocrx_word' id='word_1_361' title='bbox 346 3032 387 3053; x_wconf 87' lang='lat' dir='ltr'>ex</span> <span class='ocrx_word' id='word_1_362' title='bbox 404 3021 448 3054; x_wconf 84' lang='lat' dir='ltr'><strong>A.</strong></span> <span class='ocrx_word' id='word_1_363' title='bbox 498 3019 677 3064; x_wconf 81' lang='grc' dir='ltr'>ἐμαράνθαι</span> <span class='ocrx_word' id='word_1_364' title='bbox 697 3019 776 3062; x_wconf 83' lang='lat' dir='ltr'>(Sic)</span> <span class='ocrx_word' id='word_1_365' title='bbox 794 3019 837 3052; x_wconf 89' lang='lat' dir='ltr'><strong>A.</strong></span> <span class='ocrx_word' id='word_1_366' title='bbox 935 3030 989 3061; x_wconf 85' lang='grc'>24.</span> <span class='ocrx_word' id='word_1_367' title='bbox 1015 3021 1189 3062; x_wconf 81' lang='grc' dir='ltr'>κοσμικαῖς</span> <span class='ocrx_word' id='word_1_368' title='bbox 1206 3019 1393 3065; x_wconf 81' lang='grc' dir='ltr'>ἐπιθυμίαις</span> <span class='ocrx_word' id='word_1_369' title='bbox 1410 3023 1489 3067; x_wconf 90' lang='lat' dir='ltr'>(pro</span> <span class='ocrx_word' id='word_1_370' title='bbox 1505 3023 1679 3068; x_wconf 87' lang='grc' dir='ltr'>φιληδον.)</span> 
     </span>
    </p>
   </div>
   <div class='ocr_carea' id='block_1_8' title="bbox 25 2901 1681 3176">
    <p class='ocr_par' dir='ltr' id='par_1_13' title="bbox 25 2901 1681 3176">
     <span class='ocr_line' id='line_1_37' title="bbox 25 2901 1681 3063; baseline 0.002 -57"><span class='ocrx_word' id='word_1_371' title='bbox 25 2901 32 3063; x_wconf 61' lang='grc' dir='ltr'>’ἱ</span> <span class='ocrx_word' id='word_1_372' title='bbox 109 2983 165 3007; x_wconf 87' lang='lat'><strong>22.</strong></span> <span class='ocrx_word' id='word_1_373' title='bbox 191 2973 346 3016; x_wconf 84' lang='grc' dir='ltr'>ἐμπίπτει</span> <span class='ocrx_word' id='word_1_374' title='bbox 363 2973 453 3008; x_wconf 91' lang='grc' dir='ltr'><strong>Α.Β.</strong></span> <span class='ocrx_word' id='word_1_375' title='bbox 472 2973 629 3016; x_wconf 87' lang='grc' dir='ltr'>ἐμπίπτοι</span> <span class='ocrx_word' id='word_1_376' title='bbox 647 2971 738 3006; x_wconf 87' lang='lat' dir='ltr'><strong>Edd.</strong></span> <span class='ocrx_word' id='word_1_377' title='bbox 997 2984 1052 3017; x_wconf 82' lang='lat'><strong>23.</strong></span> <span class='ocrx_word' id='word_1_378' title='bbox 1081 2972 1176 3007; x_wconf 83' lang='lat' dir='ltr'>Haec</span> <span class='ocrx_word' id='word_1_379' title='bbox 1194 2973 1240 3009; x_wconf 83' lang='grc' dir='ltr'>εἷς</span> <span class='ocrx_word' id='word_1_380' title='bbox 1257 2974 1337 3008; x_wconf 79' lang='grc' dir='ltr'>αὐτό</span> <span class='ocrx_word' id='word_1_381' title='bbox 1355 2989 1426 3010; x_wconf 90' lang='grc' dir='ltr'>πως</span> <span class='ocrx_word' id='word_1_382' title='bbox 1442 2976 1502 3019; x_wconf 79' lang='grc' dir='ltr'>ἤδη</span> <span class='ocrx_word' id='word_1_383' title='bbox 1521 2979 1555 3010; x_wconf 74' lang='lat' dir='ltr'>et</span> <span class='ocrx_word' id='word_1_384' title='bbox 1571 2976 1681 3010; x_wconf 82' lang='grc' dir='ltr'>δοκεῖν</span> 
     </span>
     <span class='ocr_line' id='line_1_38' title="bbox 29 3065 1288 3112; baseline 0.001 -11"><span class='ocrx_word' id='word_1_385' title='bbox 29 3075 32 3096; x_wconf 81' lang='grc'>1</span> <span class='ocrx_word' id='word_1_386' title='bbox 109 3071 189 3111; x_wconf 82' lang='lat' dir='ltr'>post</span> <span class='ocrx_word' id='word_1_387' title='bbox 206 3069 283 3101; x_wconf 84' lang='grc' dir='ltr'>νοῦν</span> <span class='ocrx_word' id='word_1_388' title='bbox 298 3071 433 3112; x_wconf 76' lang='lat' dir='ltr'><strong>transp.</strong></span> <span class='ocrx_word' id='word_1_389' title='bbox 452 3066 494 3101; x_wconf 89' lang='lat' dir='ltr'><strong>B.</strong></span> <span class='ocrx_word' id='word_1_390' title='bbox 544 3065 749 3111; x_wconf 82' lang='grc' dir='ltr'>καταφλέγει</span> <span class='ocrx_word' id='word_1_391' title='bbox 767 3066 810 3100; x_wconf 94' lang='grc' dir='ltr'>Α.</span> <span class='ocrx_word' id='word_1_392' title='bbox 832 3066 1116 3112; x_wconf 83' lang='grc' dir='ltr'>καταφλεγμαίνει</span> <span class='ocrx_word' id='word_1_393' title='bbox 1136 3066 1177 3101; x_wconf 89' lang='grc' dir='ltr'>Β.</span> <span class='ocrx_word' id='word_1_394' title='bbox 1197 3066 1288 3102; x_wconf 87' lang='lat' dir='ltr'><strong>Edd.</strong></span> 
     </span>
     <span class='ocr_line' id='line_1_39' title="bbox 30 3153 33 3176; baseline 0 0"><span class='ocrx_word' id='word_1_395' title='bbox 30 3153 33 3176; x_wconf 89' lang='grc' dir='ltr'>Ι</span> 
     </span>
    </p>
   </div>
  </div>
 </body>
</html>
