2021 3434
128 247 166 274 v.
186 233 223 274 6.
511 236 583 276 IN
623 235 1010 277 MICHAEAM.
1071 236 1220 278 TOM.
1253 236 1314 278 II.
1611 239 1692 279 683

127 343 284 398 νύντες
313 344 367 397 τὸ
398 347 602 413 ἀτερπὲς,
629 350 959 410 ἀποσοβοῦσιν
995 351 1056 402 ὡς
1089 348 1235 399 λύκον
1259 350 1506 415 μονονουχὶ
1545 370 1688 399 κατα·
1711 374 1732 397 ο

125 425 369 481 δάκνοντες
406 431 481 479 καὶ
519 432 601 494 τῆς
637 435 731 481 τῶν
757 435 932 495 νοητῶν
956 430 1210 497 προβάτων
1232 429 1406 496 ἀγέλης
1436 428 1549 480 εἶναι
1583 430 1694 484 τέως

125 507 355 560 ἀπωτάτω
381 513 455 561 καὶ
481 511 572 580 ἔξω
592 512 818 580 φέρεσθαι
842 515 916 564 καὶ
937 513 1023 580 οὐχ
1043 512 1229 566 ἑκόντας
1252 511 1692 579 παρασκευάζοντες.

124 589 250 640 οῦτοι
292 591 348 656 δὴ
390 593 470 643 οὖν
509 597 552 644 οἱ
588 593 708 646 ἑπτα
748 594 961 662 ποιμένες,
1003 596 1078 645 καὶ
1115 596 1176 648 ὡς
1216 595 1265 645 ἐν
1305 593 1416 646 ὀκτὼ
1458 594 1695 658 νοούμενοι

82 689 104 726 5
126 667 343 737 δήγμασι,
369 677 628 741 ποιμανοῦσι
666 677 733 728 τον
758 676 939 746 'Aeo-obp
971 678 1008 728 ἐν
1039 678 1261 747 ῥομφαία.
1322 676 1376 727 τὸ
1414 679 1696 745 ποιμανοῦσιν

123 755 226 805 ἀντὶ
262 761 345 807 τοῦ
383 758 606 827 διώξουσι
642 759 786 826 λέγει.
853 762 949 811 ἐπεὶ
986 758 1079 826 γὰρ
1116 761 1327 824 ἐμνήσθη
1363 759 1580 828 ποιμένων,
1615 783 1690 811 τε·

121 834 291 902 τήρηκε
327 841 385 907 τῇ
422 845 505 891 τοῦ
543 840 690 907 λόγου
728 846 973 912 μεταφορᾷ
1009 841 1063 893 τὸ
1097 841 1288 907 πρέπον,
1323 841 1376 893 τὸ
1414 845 1695 911 ποιμανοῦσιν

119 919 276 971 εἰπών.

194 1004 289 1053 Καὶ
326 1003 397 1057 τίς
431 1004 459 1068 ἦ
498 1007 703 1074 ῥομφαῖοο
737 1005 872 1057 νοοῖτ’
904 1004 962 1055 ἂν
995 1005 1194 1069 εἰκότως,
1225 1004 1253 1074 ᾗ
1293 1009 1551 1073 κεχρῆσθαι
1588 1006 1694 1060 τοῦς

46 1102 49 1106 A
133 1083 144 1097 c
190 1083 202 1101 t
311 1084 335 1102 ,ν
654 1091 674 1100 Α
750 1087 762 1102 ι
891 1087 901 1101 ε
1151 1086 1163 1100 x
1319 1089 1332 1104 x
1465 1092 1485 1100 n
1678 1091 1691 1107 x
1844 1101 1851 1105 .
1870 1091 1876 1096 ·
1893 1102 1901 1105 ψ

54 1106 102 1131 10
119 1106 276 1150 αγιους
305 1089 419 1148 εθος,
446 1091 669 1154 σαφηνιει
701 1093 856 1152 λεγων
882 1109 907 1137 ο
933 1090 1197 1156 ψαλμῳδος
1229 1110 1334 1153 περι
1364 1110 1518 1139 αυτων
1548 1095 1575 1117 “
1598 1092 1692 1139 Και
1753 1090 1911 1173 ἐξώλ-

119 1171 147 1194 “
171 1167 398 1236 ῥομφαῖαι
436 1168 650 1231 δίστομοι
687 1169 736 1218 ἐν
760 1173 859 1222 ταῖς
892 1170 1055 1235 χερσὶν
1081 1169 1244 1231 αὐτῶν,
1272 1174 1354 1220 τοῦ
1391 1172 1586 1233 ποιῆσαι
1613 1171 1686 1221 ἐκ·

119 1254 148 1277 “
173 1250 357 1314 δίκησιν
394 1252 442 1301 ἐν
475 1254 570 1304 τοῖς
604 1250 800 1313 ἔθνεσιν,
825 1249 1049 1316 ἐλεγμοῦς
1088 1253 1136 1301 ἐν
1173 1256 1269 1305 τοῖς
1307 1252 1485 1306 λαοῖς·”
1537 1259 1564 1281 “
1584 1255 1691 1303 Ζῶν
1751 1268 1840 1300 Heb
1855 1270 1898 1301 iv.

121 1337 149 1360 ‘⁶
172 1330 264 1398 γὰρ
302 1333 327 1383 ὁ
362 1331 506 1398 λόγος
542 1338 624 1383 τοῦ
660 1336 783 1383 Θεοῦ
818 1334 892 1383 καὶ
928 1332 1132 1399 ἐνεργὴς,
1168 1336 1243 1384 καὶ
1280 1334 1539 1400 τομώτερος
1576 1322 1792 1401 ὑπερᾶ
1756 1361 1845 1396 440
1862 1361 1913 1395 A,

122 1420 149 1444 ‘⁶
173 1419 335 1466 πᾶσαν
371 1414 606 1483 μάχαιραν
644 1415 911 1478 δι’στομον.”
975 1416 1231 1484 ἐξοπλίζων
1263 1415 1310 1467 δὲ
1339 1419 1413 1467 καὶ
1444 1418 1469 1467 ὁ
1498 1420 1693 1472 Παῦλος

55 1513 101 1553 15
121 1497 203 1548 τὸν
231 1499 280 1548 ἐν
304 1502 503 1567 Χριστῷ
540 1497 787 1560 νοούμενον
818 1499 1129 1564 στρατιώτην,
1159 1500 1350 1550 δίδωσιν
1381 1502 1506 1568 αυτῷ
1543 1506 1571 1528 “
1590 1497 1694 1563 Τὴν
1753 1517 1838 1558 Eph.
1855 1519 1896 1549 vi.

120 1586 149 1609 ‘⁶
171 1579 406 1648 μάχαιραν
431 1585 513 1631 τοῦ
534 1580 820 1644 Πνεύματος,
843 1580 868 1631 ὅ
893 1582 995 1631 ἐστι
1019 1582 1146 1647 ῥῆμα
1166 1582 1334 1632 Θεοῦ.”
1376 1580 1447 1632 ὅτι
1471 1581 1518 1631 δὲ
1545 1581 1693 1632 διώκει
1757 1571 1805 1601 Ι’“

119 1660 202 1713 τὸν
238 1661 418 1731 Ἀσ-ο-οῗνρ
454 1663 482 1726 ἡ
517 1663 616 1713 θειά
655 1685 705 1712 τε
742 1664 817 1712 καὶ
852 1661 1097 1726 παναλκὴς
1139 1666 1356 1731 ῥομφαία,
1393 1663 1633 1714 τουτέστιν
1668 1665 1693 1714 ὁ

118 1749 202 1795 τοῦ
233 1747 357 1795 Θεοῦ
383 1744 552 1810 Λόγος,
589 1744 718 1794 οὐδὲν
743 1744 884 1808 ἧττον
921 1744 1042 1808 ἡμᾶς
1081 1746 1320 1796 ἀναπείσει
1359 1746 1514 1810 λέγων
1552 1747 1628 1796 καὶ
1666 1747 1691 1797 ὁ

117 1828 363 1897 προφήτης
397 1828 605 1882 Ἡσαΐας
642 1836 668 1859 “
694 1831 788 1880 Καὶ
821 1828 954 1880 ε”σται
988 1830 1036 1880 ἐν
1069 1834 1127 1897 τῇ
1163 1829 1311 1899 ἡμέρᾳ
1348 1831 1494 1899 ἐκείνῃ
1532 1830 1692 1901 ἐπάξει
1752 1840 1843 1915 gvii
1872 1895 1883 1916 1

46 1918 146 1951 '20⁶‘
171 1912 196 1962 ὃ
231 1912 352 1965 Θεὸς
394 1910 478 1976 τὴν
519 1911 754 1978 μάχαιραν
795 1909 881 1974 τὴν
922 1912 1061 1977 ἁγίαν
1103 1911 1189 1975 τὴν
1229 1911 1445 1977 μεγάλην
1487 1915 1562 1963 καὶ
1606 1912 1692 1977 τὴν
1847 1909 1853 1916 ’
1893 1909 1898 1915 ¹

118 1999 144 2023 ‘⁶
171 1992 370 2061 ἰσχυρὰν
395 1995 468 2045 ἐπὶ
492 1992 573 2044 τὸν
600 1992 830 2060 δράκοντα
855 1991 938 2044 τὸν
962 1992 1073 2061 ὅφιν
1096 1993 1178 2044 τὸν
1204 1993 1416 2058 σκολιὸν,
1440 1996 1514 2045 καὶ
1538 1996 1733 2055 ἀνελεῖὶ)

117 2082 145 2105 “
167 2075 249 2126 τὸν
280 2075 563 2141 δράκοντα·”
629 2077 704 2126 καὶ
737 2074 884 2126 πάλιν
918 2082 945 2104 “
968 2077 1062 2126 Καὶ
1096 2075 1243 2139 ἔσται,
1277 2075 1389 2127 ὅταν
1426 2077 1689 2146 συντελέσῃ
1751 2098 1913 2130 1b.x.12-

117 2164 144 2187 ‘⁶
173 2158 346 2224 Κύριος
383 2156 538 2209 πάντα
571 2161 718 2208 ποιῶν
755 2159 803 2207 ἐν
841 2160 906 2227 τῷ
948 2156 1041 2223 ὅρει
1082 2157 1205 2208 Σιὼν
1244 2161 1318 2208 καὶ
1359 2160 1407 2209 ἐν
1445 2160 1688 2225 Ἱερουσα-
1755 2151 1804 2181 14'

116 2246 144 2268 “
169 2239 286 2304 λὴμ,
329 2239 489 2309 ἐπάξει
526 2241 600 2291 ἐπὶ
640 2238 722 2290 τὸν
763 2245 870 2290 νοῦν
913 2238 994 2290 τὸν
1036 2239 1183 2305 μέγαν
1227 2239 1309 2291 τὸν
1350 2241 1556 2308 ἄρχοντα
1598 2246 1692 2294 τῶν

48 2334 97 2373 25
117 2328 143 2351 ‘⁶
168 2320 456 2388 Ἀσσυρίων,
495 2324 569 2372 καὶ
608 2323 681 2372 ἐπὶ
721 2321 775 2372 τὸ
818 2323 941 2389 ὕψος
982 2324 1064 2385 τῆς
1108 2321 1248 2390 δόξης
1292 2327 1385 2372 τῶν
1425 2325 1691 2391 ὀφθαλμῶν

117 2411 144 2434 “
170 2405 325 2455 αὐτοῦ.
380 2401 478 2455 εἷπε
504 2403 596 2470 γάρ
616 2407 690 2471 Τῇ
716 2403 850 2470 ἰσχύϊ
867 2402 1065 2467 ποιήσω,
1091 2405 1165 2454 καὶ
1191 2407 1248 2472 τῇ
1273 2405 1425 2473 σοφίᾳ
1447 2408 1530 2469 τῆς
1553 2407 1690 2458 συνέ-

116 2492 143 2515 “
170 2509 289 2540 σεως
333 2488 498 2554 ἀφελῶ
544 2485 647 2552 ὅρια
687 2487 851 2549 ἐθνῶν,
900 2486 975 2535 καὶ
1018 2486 1103 2550 τὴν
1143 2486 1284 2554 ἰσχὺν
1326 2487 1478 2538 αὐτῶν
1521 2511 1691 2554 προνο-

163 2628 195 2652 2.
224 2615 306 2652 εἶναι
330 2619 412 2654 τέως
436 2618 598 2653 ἀπωτάτω
629 2633 681 2652 και
705 2618 770 2661 ἕξω
795 2617 963 2663 φέρεσθαι
989 2619 1041 2651 καὶ
1067 2633 1130 2662 ουχ
1157 2619 1289 2654 ἑκόντας
1312 2620 1621 2662 παρασκευάζοντες
1645 2621 1690 2655 A.

115 2663 317 2708 ἐξωθοῦντες
335 2665 427 2700 Edd.
558 2679 592 2708 4.
619 2665 654 2699 ἐν
671 2677 739 2698 om.
757 2666 802 2698 A.
944 2675 977 2709 5.
1003 2666 1279 2708 ποιμαίνουσιΑ.
1297 2666 1457 2700 invitob.
1506 2666 1542 2700 ἐν
1557 2678 1626 2701 om.
1644 2669 1689 2702 A.

114 2712 409 2755 ποιμαίνουσινΑ.
550 2713 583 2747 6.
609 2712 719 2756 λέγων
737 2711 779 2745 Β.
797 2689 964 2745 invitobD
1005 2712 1118 2754 ἐπειδὴ
1136 2712 1179 2746 A.
1198 2713 1269 2746 inv.
1287 2712 1322 2746 b.
1464 2723 1496 2757 7.
1519 2715 1636 2756 τῇτοῦ
1652 2715 1687 2748 λ.

113 2759 291 2810 μεταφορᾷ
309 2759 346 2792 τὸ
362 2759 492 2804 πρέπον
509 2761 551 2793 A.
558 2759 600 2793 B.
604 2759 638 2793 b.
655 2759 713 2802 τὴν
730 2760 789 2791 τοῦ
806 2759 840 2791 λ.
858 2759 1054 2803 μεταφορὰν
1072 2758 1162 2792 Edd.
1353 2770 1405 2792 10.
1433 2760 1611 2804 σαφηνίζει
1627 2760 1688 2795 iid.

114 2804 233 2838 invitis
250 2805 426 2841 omnibus.
602 2817 615 2839 1
626 2817 654 2839 1.
683 2805 779 2839 Haec
796 2806 855 2838 τοῦ
871 2805 1094 2848 ποιῆσαι-ἐν
1110 2807 1180 2840 τοῖς
1196 2806 1292 2839 λαοῖς
1309 2813 1527 2839 accesserunt
1545 2818 1585 2840 ex
1602 2807 1646 2841 A.
1651 2807 1686 2841 b.

119 2861 172 2895 17.
198 2866 236 2885 τε
252 2860 473 2897 assumptum
491 2865 532 2887 ex
550 2853 594 2886 A.
716 2852 767 2885 18.
794 2851 985 2885 ἀναπείσειε
1003 2851 1045 2885 Β.
1175 2862 1230 2885 20.
1258 2852 1310 2885 καὶ
1327 2864 1390 2896 pro
1407 2852 1466 2896 τὴν
1484 2853 1622 2887 tertium
1641 2854 1686 2888 A.

116 2908 172 2931 21.
199 2898 295 2932 Haec
320 2898 401 2944 ὅφιν
424 2901 482 2934 τὸν
507 2905 726 2933 accesserunt
752 2910 792 2931 ex
820 2897 861 2931 B.
889 2898 932 2931 cf.
950 2897 1039 2932 infra
1057 2897 1122 2932 602
1143 2909 1172 2933 c.
1198 2898 1279 2943 ὅφιν
1303 2899 1356 2932 καὶ
1374 2899 1417 2932 A
1467 2899 1567 2943 ἀνελῇ
1594 2900 1689 2935 Edd.

117 2955 172 2988 23.
198 2944 233 2978 ἐν
249 2944 326 2991 alt.]
351 2951 387 2986 —†-
408 2949 447 2989 τῇ
468 2945 559 2980 Edd.
580 2946 674 2989 (109,
693 2946 790 2989 302.)
807 2944 916 2978 invito
934 2944 977 2978 A.
1236 2955 1290 2987 24.
1292 2944 1438 2995 μέγαν]
1463 2951 1499 2986 -1-
1521 2946 1576 2980 ἐπὶ
1594 2946 1685 2981 Edd.

115 2990 225 3025 invito
242 2992 286 3025 A.
306 2992 448 3037 (Alex.)
553 3003 607 3034 25.
634 2993 691 3034 τῆς
708 2992 807 3034 δόξης
824 3002 894 3024 om.
912 2991 956 3024 A.
976 2990 1086 3036 (302.)
1193 2991 1247 3025 26.
1273 2989 1344 3026 εἶπε
1368 2991 1451 3038 γάρ]
1476 2997 1512 3033 -f-
1533 2993 1568 3027 ἐν
1593 2993 1684 3028 Edd.

117 3037 233 3072 invitis
252 3038 341 3073 A.B.
363 3039 483 3083 (Alex.
502 3038 608 3083 XII.)
657 3053 720 3082 μου
738 3044 816 3082 post
835 3037 930 3082 ἰσχύϊ
943 3045 974 3071 et
1001 3045 1079 3083 post
1105 3038 1273 3074 συνέσεως
1290 3038 1368 3073 add.
1388 3039 1447 3073 iid.
1465 3040 1574 3075 invito
1592 3041 1635 3075 A.

846 3109 958 3147 482
