2021 3434
293 170 379 209 480
680 170 730 209 B.
775 168 1050 209 CYRILLI
1093 166 1472 207 ALEXANDR.
1684 163 1804 212 vi.1‚
1828 175 1865 204 2.

293 282 426 331 αῦται
453 280 544 346 γὰρ
579 284 623 331 αἱ
658 285 751 330 τῶν
778 281 942 331 ἄλλων
965 284 1225 340 βασιλειῶν
1251 277 1653 346 περιφανεστέραν
1679 277 1870 343 ἔχουσαι

295 362 380 425 τὴν
418 361 576 430 δόξαν
625 365 754 412 κάκεῖ
787 361 969 427 ζητεῖτε,
1008 363 1174 431 φησιν,
1217 367 1249 412 εἰ
1288 363 1473 412 πλείονα
1510 359 1570 410 τα
1607 360 1697 427 ’ὅριοι
1735 357 1871 409 αὐτῶν

299 444 389 494 ἐστὶ
427 443 506 494 τῶν
543 445 745 514 ὑμετέρων
783 447 909 513 ὁρίων.
975 444 1101 508 ἦσαν
1137 443 1221 508 μὲν
1258 444 1338 494 οῦν
1369 441 1553 494 πολλαί
1585 463 1633 490 τε
1672 442 1746 490 καὶ
1784 438 1872 490 ἀνὰ

299 526 435 592 μέρος
474 530 521 577 αἱ
557 531 798 586 βασιλεῖαι
832 531 926 577 τῶν
963 528 1121 588 ἐθνῶν,
1151 527 1179 590 ἡ
1214 529 1501 584 Μωαβιτῶν,
1535 523 1872 587 ἡἸδουμαίων,

300 608 327 671 ἡ
362 612 455 658 τῶν
489 611 598 658 υἱῶν
630 607 842 672 Ἀμμών,
906 609 1014 659 ἀλλ’
1043 608 1174 659 οὐδὲν
1206 610 1254 658 ἐν
1289 608 1445 661 αὐταῖς
1471 605 1525 657 τὸ
1551 606 1686 670 μέγα.
1752 611 1872 667 λαμ·
1893 625 1915 662 5

262 690 502 756 θπροτέρα
540 689 587 740 δὲ
628 694 721 741 τῶν
762 690 926 741 ἄλλων
964 691 992 755 ἡ
1032 693 1367 754 Δαμασκηνῶν
1406 691 1479 740 καὶ
1526 690 1874 738 Παλαιστινῶν.

301 774 376 822 καὶ
415 771 496 822 δύο
534 771 618 835 μὲν
652 771 777 837 ἦσαν
806 772 967 826 πόλεις
1002 773 1091 824 ὑπὸ
1123 771 1208 836 τὴν
1235 776 1499 835 Δαμασκοῦ
1524 769 1789 831 βασιλείαν,
1815 772 1876 821 εἷς

301 855 368 917 ἠῶ
403 855 616 918 κείμεναι,
653 853 723 908 αἶς
758 854 904 918 ὄνομα
944 856 998 906 τὸ
1039 855 1203 923 Αἱμοίθ·
1245 854 1308 905 ὧν
1352 855 1380 918 ἡ
1425 853 1509 918 μὲν
1550 849 1766 917 εὐρυτέρα
1803 851 1877 901 καὶ

300 938 476 1003 μείζων,
519 938 546 1002 ἡ
585 937 632 989 δὲ
667 944 887 1006 λαχοῦσα
933 939 986 991 τὸ
1025 945 1166 1003 μεῖον·
1211 938 1503 1004 ἑρμηνεύεται
1538 935 1585 986 δὲ
1622 933 1676 986 τὸ
1709 933 1878 998 Ῥαβέι,

300 1020 452 1086 μεῖζον
497 1019 525 1084 ὴ
566 1020 848 1087 πλατυτέρα.
915 1021 1170 1089 πορεύεσθε
1210 1022 1266 1086 δὴ
1307 1022 1387 1072 οῦν
1428 1027 1485 1076 εἰς
1527 1017 1676 1087 Alpa&
1710 1018 1877 1079 Ῥοιβέι,
1902 1039 1949 1063 10

299 1102 553 1165 τουτέστιν,
593 1107 654 1156 εἷς
690 1101 776 1167 τὴν
815 1103 974 1167 Αἷμάθ
1015 1104 1099 1169 τὴν
1141 1104 1278 1171 μείζω
1321 1128 1370 1156 τε
1409 1106 1483 1155 καὶ
1523 1101 1782 1169 εὑρυτέραν”
1822 1099 1881 1165 ἧν

300 1183 407 1249 γὰρ,
435 1186 496 1238 ὡς
523 1184 654 1254 ἔφην,
681 1185 924 1250 ὁμώνυμος
949 1186 1091 1256 ἑτέρᾳ,
1119 1193 1340 1255 λαχοῦσα
1366 1186 1420 1237 τὸ
1447 1186 1614 1252 μεῖζον.
1683 1187 1807 1253 φασὶ
1833 1184 1880 1235 δὲ

303 1265 388 1328 τὴν
422 1265 506 1329 μὲν
540 1266 700 1328 Αὶμάθ
733 1266 817 1330 τὴν
850 1274 1079 1320 πλατεῖαν
1117 1270 1290 1333 ταύτην
1325 1267 1437 1320 εἶναι
1466 1268 1552 1333 τὴν
1587 1273 1668 1319 νῦν
1697 1266 1881 1318 Ἀντιό-

83 1365 159 1398 313
181 1363 232 1396 A.
264 1370 444 1415 axecav,
494 1347 579 1412 τὴν
629 1348 677 1399 δὲ
725 1350 837 1412 μείω
885 1353 960 1401 καὶ
1010 1352 1303 1418 στενοτέραν,
1347 1350 1433 1416 τὴν
1480 1349 1665 1415 γείτονά
1706 1372 1756 1401 τε
1806 1350 1880 1400 καὶ

301 1432 473 1498 ὅμορον
521 1432 842 1502 Ἐπιφάνειαν·
892 1434 1152 1503 Ἀντιόχου,
1201 1441 1283 1486 τοῦ
1338 1435 1533 1499 ἐπίκλην
1576 1433 1880 1502 Ἐπιφανοῦς,
1903 1448 1950 1486 15

302 1514 387 1578 τὴν
427 1514 510 1576 μὲν
544 1514 850 1582 Ἀντιόχειαν,
892 1517 1203 1585 Ἐπιφάνειαν
1239 1516 1286 1569 δὲ
1319 1516 1405 1581 τὴν
1439 1517 1599 1583 ἑτέραν
1638 1521 1699 1570 εἰς
1737 1516 1881 1585 δόξαν

303 1599 422 1648 ἰδίαν
460 1596 768 1661 ὠνομακότος.
836 1599 863 1663 ἡ
897 1599 945 1650 δὲ
979 1598 1054 1651 Γὲθ
1085 1599 1224 1654 πόλις
1261 1599 1319 1664 ἧν
1358 1599 1626 1664 τοτηνικοὶδε
1664 1602 1749 1661 τῆς
1785 1601 1882 1650 νυνὶ

305 1682 631 1744 Παλαιστίνης
668 1682 987 1748 λαμπροτέρα.
1058 1685 1105 1733 ἐν
1143 1683 1288 1750 ταύτῃ
1326 1682 1641 1747 μεμενήκασιν
1671 1685 1711 1732 οἱ
1736 1681 1877 1733 Ἐνα-

305 1765 406 1826 κεὶμ
457 1765 531 1814 καὶ
582 1766 623 1814 οἱ
686 1765 965 1828 καλούμενοι
1017 1768 1300 1828 Φιλιστιεῖμ,
1352 1766 1435 1816 οὐκ
1496 1762 1884 1831 ὀλοθρευσοῖντων

305 1844 470 1900 αὐτοὺς
503 1845 770 1910 τοτηνικοὶδε
809 1851 902 1898 τῶν
942 1851 1051 1898 υἱῶν
1081 1847 1297 1914 Ἰσραήλ.
1363 1847 1586 1916 ταύτῃτοί
1619 1852 1742 1916 φησι
1778 1848 1883 1913 περὶ
1904 1861 1953 1886 20

306 1928 446 1991 αὐτῆς
476 1933 551 1981 Εἰς
583 1926 660 1979 Γὲθ
698 1929 987 1998 ἀλλοφύλων·
1026 1931 1257 1992 βαδίσατε
1294 1930 1448 1981 τοίνυν
1475 1932 1624 1998 φησὶν
1651 1935 1709 1985 εἰς
1732 1927 1884 1998 Alpa&

305 2009 462 2069 ‘Poessba
503 2016 579 2061 καὶ
621 2016 679 2065 εἰς
716 2009 792 2062 Γέθ
827 2012 1118 2081 ἀλλοφύλων·
1160 2014 1235 2064 καὶ
1269 2013 1650 2080 περιεργάσασθε
1688 2016 1885 2075 λεπτῶς,

263 2095 347 2142 bel
389 2091 453 2155 μὴ
493 2097 684 2156 μᾶλλον
723 2094 847 2156 ὑμεῖς
883 2095 1128 2161 εὐρυτεραν
1168 2099 1329 2146 οἰκεῖτε
1368 2096 1544 2163 χώραν,
1589 2098 1682 2146 τῶν
1720 2094 1886 2146 ἄλλων

309 2174 511 2225 ἀπασῶν
535 2174 620 2239 τὴν
645 2176 815 2239 ἀμείνω
841 2178 915 2226 καὶ
940 2178 1258 2245 προῦχουσαν.

386 2256 568 2307 Εἱδέναι
606 2256 653 2308 δὲ
687 2258 952 2323 ἀναγκαῖον,
979 2259 1049 2310 ὅτι
1083 2264 1177 2310 τῶν
1201 2261 1437 2326 εΕβραίων
1462 2260 1490 2324 ἡ
1517 2259 1679 2329 γραφὴ
1713 2282 1882 2326 προτε-
1907 2276 1954 2314 25

363 2472 391 2495 Ι.
415 2462 709 2506 περιφανεστέραν
726 2463 867 2508 ἔχουσαι
884 2464 943 2507 τὴν
960 2464 1062 2506 δόξαν
1079 2464 1169 2498 A.B.
1186 2465 1473 2510 περιφανέστεροι
1492 2464 1583 2499 Edd.
1751 2477 1783 2511 3.
1809 2466 1888 2511 ἡμε-

313 2507 417 2551 τέρων
434 2508 493 2542 iid.
511 2514 589 2542 ante
609 2509 742 2554 Migne.
789 2510 850 2554 μὲν
867 2510 958 2544 Α.Β.
976 2512 1041 2556 γὰρ
1060 2511 1152 2545 Edd.
1261 2524 1294 2554 4.
1319 2511 1488 2556 Ἰδουμαῖα
1504 2512 1549 2546 Α.
1654 2522 1687 2556 5.
1713 2513 1827 2548 αὐταῖς
1844 2513 1887 2548 Β.

312 2554 424 2589 αὐτοῖς
443 2554 533 2589 Edd.
830 2556 862 2591 6.
890 2559 1137 2601 Παλαιστηνῶν
1155 2558 1196 2591 Β.
1493 2568 1524 2604 7.
1550 2559 1614 2593 ὑπὸ
1630 2559 1689 2603 τὴν
1706 2562 1890 2604 Δαμασκοῦ

312 2601 493 2640 βασιλείαν
510 2602 600 2636 A.B.
617 2603 682 2636 ὑπὸ
707 2605 746 2647 τῇ
773 2609 859 2647 Δαμ.
877 2606 1039 2649 βασιλείᾳ
1059 2604 1160 2639 Pont.
1180 2605 1313 2650 hligne.
1338 2605 1402 2639 ὑπὸ
1427 2608 1486 2639 τοῦ
1512 2611 1597 2648 Δαμ.
1614 2607 1776 2651 βασιλείᾳ
1793 2607 1887 2641 Aub.

315 2648 347 2681 8.
373 2648 416 2682 ἕω
433 2649 476 2682 Α.
525 2649 672 2693 ὀνόματα
689 2662 751 2694 pro
769 2650 873 2694 ὄνομα
889 2652 928 2685 τὸ
945 2652 988 2685 A.
1252 2664 1285 2697 9.
1311 2654 1470 2692 λαβοῦσα
1487 2654 1525 2687 τὸ
1542 2654 1655 2697 μεῖζον
1671 2665 1734 2698 pro
1751 2655 1832 2698 λαχ.
1850 2654 1888 2687 τὸ

314 2696 407 2737 μεῖον
426 2695 515 2740 (sic)
533 2696 576 2729 A.
627 2697 662 2730 δέ
680 2698 737 2731 alt.
756 2704 979 2742 assumptum
997 2710 1037 2732 ex
1055 2698 1146 2733 ΑΒ.
1194 2697 1323 2739 Ῥαββὰ
1340 2699 1384 2732 Α.
1631 2711 1683 2734 10.
1709 2700 1828 2743 μείζων
1846 2700 1887 2734 Β.

317 2740 442 2775 Statim
468 2742 552 2777 haec
576 2742 594 2787 ἢ
619 2744 812 2788 πλατυτέρα
837 2751 1017 2789 assumpta
1041 2757 1082 2779 ex
1108 2745 1199 2779 A.B.
1263 2745 1449 2790 πορεύεσθε
1475 2746 1514 2790 δὴ
1533 2746 1622 2780 Α.Β.
1641 2747 1779 2791 διάβητε
1797 2746 1889 2781 Edd.

319 2798 371 2820 11.
397 2789 588 2834 μειζοτέραν
605 2790 648 2824 A.
843 2802 895 2826 12.
921 2792 964 2827 ὡς
982 2792 1067 2837 ἔφην
1085 2792 1175 2826 Α.Β.
1193 2793 1259 2837 ἔφη
1279 2792 1370 2828 Edd.
1424 2792 1519 2837 ἑτέρᾳ
1538 2804 1607 2826 om.
1626 2794 1669 2827 A.
1717 2794 1830 2838 μεῖζον
1845 2793 1889 2827 Α.

315 2835 408 2875 μεῖον
425 2834 517 2869 Edd.
568 2837 694 2871 Statim
711 2838 802 2883 φησὶ
817 2839 861 2872 Α.
1342 2851 1395 2884 13.
1422 2840 1457 2873 δέ
1475 2846 1553 2873 ante
1569 2841 1731 2874 πλατεῖαν
1747 2840 1826 2874 add.
1844 2840 1888 2874 A.

321 2880 372 2913 IS.
398 2882 632 2929 λαμπροτέρα]
652 2884 799 2930 προτέρα
817 2884 908 2919 Edd.
1271 2897 1326 2920 21.
1355 2887 1451 2921 Haec
1467 2886 1890 2931 βαδίσατε-ἀλλοφύλων

318 2925 494 3006 ᾷεειὲῃῐὲη
514 2929 603 2963 Edd.
880 2943 935 2966 22.
961 2932 1089 2973 ῬαΒβὰ
1107 2933 1150 2967 Α.
1436 2945 1490 2978 23.
1515 2933 1645 2979 χώραν]
1668 2939 1705 2974 -ὶ-
1725 2933 1779 2967 καὶ
1796 2932 1886 2967 Edd.

318 2983 387 3005 mv]
407 2984 426 3006 0
481 3001 486 3007 .
