2021 3434
112 190 198 232 viii.
226 203 290 246 13,
317 202 379 242 14.
589 188 662 230 IN
704 188 895 230 AMOS.
956 187 1106 229 TOM.
1152 186 1230 228 IV.
1606 182 1689 223 523

113 299 188 348 καὶ
226 301 322 351 τοῖς
358 298 405 347 ἐν
444 296 673 364 θαλάσσῃ
717 295 892 360 κύμασι
935 297 1263 361 προσεοικυῖαν
1304 289 1486 353 λοιπὸν,
1523 287 1554 340 ἃ
1591 292 1692 342 ταῖς

112 382 207 429 τῶν
229 379 410 443 ἀνέμων
434 379 659 442 ἐμβολαῖς
684 380 985 444 διαριπτεῖται
1007 378 1241 444 πανταχῆ.

189 461 284 511 Καὶ
307 461 414 512 καθ’
443 461 596 528 ἕτερον
619 459 668 512 δὲ
699 460 889 526 τρόπον.
931 459 1283 525 σταυρωθέντος
1305 459 1536 523 Χριστοῦ,
1564 453 1694 524 λιμὶν

114 542 349 610 ἐσχήκασι
385 548 479 595 τῶν
515 542 645 610 παρὰ
683 547 807 594 Θεοῦ
845 542 1005 608 λόγων
1038 543 1080 592 οἱ
1117 540 1318 593 τάλανες
1352 539 1583 590 Ἰουδαῖοι.
1641 537 1694 588 οὖ

75 645 97 682 5
115 624 209 691 γὰρ
243 625 373 677 ἔστιν
403 625 468 676 ἔτι
498 623 606 692 παρ’
634 625 787 678 αὐτοῖς
818 623 1080 692 προφήτης,
1106 623 1159 673 οὐ
1186 620 1473 674 διδάσκαλος
1500 616 1696 686 ἀκριβὴς

115 710 198 771 τῆς
216 709 508 771 Μωυσαϊκῆς
535 707 743 773 ἱστορίας
761 705 815 756 τὸ
834 705 986 773 πάχος
1009 703 1349 756 ἀπολεπτύνειν
1372 701 1514 764 εἰδὼς,
1536 702 1611 752 καὶ
1637 699 1696 751 τὰ

116 794 212 843 τοῖς
238 787 488 856 γράμμασι
521 788 794 856 κεχωσμένα
832 791 1108 854 διατρανοῦν
1147 784 1401 852 μυστήρια.
1456 784 1510 835 οὐ
1543 805 1696 849 προσ-
1716 809 1738 837 c

117 870 292 936 ήκαντο
326 869 419 937 γὰρ
449 870 652 937 λέγοντα
694 868 776 921 τὸν
812 867 1029 936 Χριστόν
1055 875 1082 898 “
1105 866 1237 934 Ἐγώ
1275 871 1366 929 εἶμι
1393 867 1418 917 ὁ
1445 865 1584 931 ἄρτος
1615 867 1698 928 τῆς
1756 874 1901 949 8250311·

119 961 146 984 ‘⁶
170 954 303 1021 ζωῆς,
350 955 376 1005 ὁ
419 954 468 1004 ἐκ
507 958 590 1004 τοῦ
634 953 830 1018 οὐρανοῦ
877 949 1100 1013 καταβὰς,
1143 951 1219 1000 καὶ
1270 947 1390 1016 ζωὴν
1440 945 1593 1000 διδοὺς
1632 948 1699 1015 τῷ
1758 928 1876 1002 {gh

53 1058 99 1083 10
119 1043 146 1065 “
172 1035 382 1106 κόσμῳ.”
444 1034 612 1098 ἤκουον
653 1034 701 1084 δὲ
738 1032 955 1101 ταύτῃτοι
994 1034 1069 1083 καὶ
1106 1031 1258 1084 πάλαι
1298 1030 1520 1097 λε’γοντος
1559 1028 1702 1079 αὐτοῦ

119 1117 195 1169 διὰ
238 1120 397 1187 φωνῆς
436 1116 643 1168 εΗσαίου
688 1113 855 1166 είἸδοὺ
906 1118 948 1166 οἱ
989 1113 1286 1167 δουλεύοντές
1325 1135 1406 1177 μοι
1448 1109 1699 1179 φάγονται,
1762 1120 1818 1152 Es-
1836 1119 1903 1150 lxv.

120 1207 147 1230 “
173 1202 297 1264 ὑμεῖς
324 1199 370 1251 δὲ
393 1198 654 1250 πεινάσετε·
699 1196 796 1249 ἰδοὺ
828 1200 870 1249 οἱ
904 1195 1200 1251 δουλεύοντές
1233 1218 1311 1259 μοι
1347 1195 1547 1257 πίονται,
1576 1194 1702 1257 ὑμεῖς
1766 1172 1816 1204 η’

118 1289 146 1311 “
171 1280 220 1333 δὲ
253 1281 521 1350 διψήσετε.”
586 1282 661 1331 καὶ
695 1279 788 1346 γάρ
822 1281 953 1331 ἐστιν
988 1278 1160 1343 ἀληθὲς
1191 1280 1252 1332 ὡς
1281 1284 1307 1308 “
1327 1278 1433 1328 Οὐκ
1471 1275 1528 1327 ἂν
1567 1283 1703 1339 λιμο-
1762 1285 1908 1316 Prov.x.

120 1370 147 1394 ‘⁶
173 1363 380 1432 κτονήσῃ
427 1361 539 1415 ποτὲ
595 1361 769 1429 Κύριος
817 1360 982 1431 ψυχὴν
1024 1361 1213 1423 δικαίου,
1253 1358 1372 1427 ζωὴν
1417 1357 1466 1409 δὲ
1511 1359 1704 1419 ἀσεβῶν
1764 1336 1794 1369 3·

55 1471 100 1507 15
121 1452 149 1475 ‘⁶
174 1444 472 1515 ἀνατρε’ψει,”
514 1443 597 1496 τὸν
631 1448 754 1496 θεῖον
790 1445 945 1498 αὐτοῖς
983 1444 1036 1495 οὐ
1077 1444 1247 1496 καθιεὶς
1278 1442 1429 1508 λόγον
1464 1439 1547 1492 τὸν
1578 1443 1697 1491 ἀπο-

119 1529 353 1598 τρέφοντα
386 1527 469 1580 τὸν
501 1532 609 1579 νοῦν
643 1530 705 1581 εἷς
737 1527 902 1597 ε”φεσιν
928 1528 1106 1593 ἀρετῆς.
1156 1527 1217 1580 ὡς
1243 1524 1335 1592 γὰρ
1363 1523 1501 1578 αὐτὸς
1526 1523 1703 1590 εἴρηκεν
1724 1524 1752 1567 d

123 1612 148 1662 ὁ
176 1610 343 1677 Σωτήρ
384 1617 411 1641 “
431 1611 536 1662 Οὐκ
578 1609 646 1662 ἐπ’
692 1610 819 1679 ἄρτῳ
861 1607 989 1679 μόνῳ
1041 1607 1231 1675 ζήσεται
1273 1607 1538 1674 ἄνθρωπος,
1590 1606 1700 1657 ἀλλ’

125 1699 153 1723 “
177 1694 252 1745 ἐπὶ
275 1695 415 1745 παντὶ
441 1691 612 1760 ῥήματι
636 1691 981 1762 ἐκπορευομένῳ
1007 1689 1082 1743 διὰ
1108 1688 1349 1755 στόματος
1374 1689 1540 1741 Θεοῦ.”

1764 1593 1927 1647 ξ.ΜαὴὶῙι.

1764 1650 1808 1672 ιν.
1828 1651 1857 1677 4.

122 1938 198 1980 Ἐν
237 1941 288 1996 τῷ
329 1938 465 1995 ἡμέρᾳ
500 1935 640 1994 ἐκείνῌ
682 1934 951 1986 ἐκλείψουσιν
994 1932 1036 1976 ui
1073 1935 1276 1992 Παρθένοι
1313 1930 1355 1975 αἶ
1393 1931 1519 1973 καλαὶ
1557 1931 1625 1973 καὶ
1665 1928 1704 1973 οἷ
1728 1944 1773 1980 13

58 2040 107 2065 20
193 2021 406 2064 νεανίσκοι
442 2022 486 2063 ὲν
523 2020 651 2073 δίψει,
677 2018 714 2062 οἱ
748 2021 977 2070 ὀμνύοντες
1003 2019 1109 2061 κατὰ
1142 2022 1216 2060 τοῦ
1253 2015 1430 2067 ἱλασμοῦ
1457 2014 1704 2072 Σαμαρείας
1727 2029 1773 2063 14

194 2106 263 2147 καί
288 2103 326 2147 οἱ
353 2106 546 2153 λὲΓοντεε
571 2104 630 2163 Ζιξι
657 2104 680 2146 ὁ
709 2105 804 2147 θεὸε
831 2118 905 2146 σου
929 2103 1018 2144 Δὰν
1046 2103 1114 2144 καί
1139 2107 1182 2160 <fi
1207 2102 1230 2144 ὁ
1257 2101 1354 2144 θεός
1380 2115 1453 2143 σου
1477 2099 1705 2157 ΒΗρσαβεὲ,

195 2188 264 2230 καί
288 2192 518 2232 Πεσοῦνται
545 2188 613 2229 καί
639 2188 686 2230 οὐ
713 2188 768 2236 μὴ
797 2185 1037 2229 ἀναστῶσιν
1064 2185 1140 2228 ἔτι.

191 2318 448 2389 ’Έμφασιν
488 2317 572 2383 μὲν
612 2318 637 2370 ὁ
677 2317 821 2384 λόγος
859 2317 951 2386 ἔχει
991 2321 1075 2368 τοῦ
1112 2312 1559 2382 διαρπασθήσεσθαι
1596 2312 1705 2379 παρ’

129 2403 309 2469 ἐχθρῶν
334 2400 456 2455 υἱούς
481 2424 529 2452 τε
556 2401 709 2451 αὐτῶν
735 2401 810 2450 καὶ
839 2399 1113 2465 θυγατέρας·
1153 2402 1291 2449 τοῦτο
1322 2395 1415 2462 γὰρ
1442 2402 1490 2447 αἱ
1515 2394 1707 2465 παρθένοι

63 2506 110 2544 25
134 2492 210 2536 καὶ
255 2490 289 2536 οἱ
341 2487 547 2535 νεανίσκοι
599 2483 905 2547 σημαίνουσι,
960 2480 1174 2545 μάλιστα
1221 2478 1314 2545 γὰρ
1361 2481 1443 2542 τῆς
1493 2477 1746 2543 τοιαύτηςε

182 2679 212 2703 1.
237 2668 475 2713 προσεοικυῖαν
492 2666 535 2702 Β.
552 2665 786 2711 προσεοικέναι
805 2663 895 2700 Edd.
1144 2673 1176 2698 2.
1202 2662 1370 2697 διαπίπτει
1389 2661 1469 2706 (Sic)
1488 2661 1531 2696 A.
1583 2661 1710 2696 Statim

131 2716 305 2759 πανταχοῦ
323 2713 416 2748 Edd.
434 2714 550 2747 invitis
568 2713 658 2747 A.B.
918 2722 950 2755 3.
978 2710 1014 2744 δέ
1031 2721 1100 2744 om.
1121 2709 1210 2744 B.b.
1460 2722 1493 2751 4.
1520 2709 1596 2742 οὐδὲ
1616 2708 1708 2743 Edd.

133 2762 250 2796 invitis
267 2761 357 2795 A.B.
369 2761 405 2795 b.
593 2769 625 2804 5.
652 2760 746 2793 ἔστιν
762 2764 982 2802 assumptum
1000 2770 1040 2790 ex
1058 2757 1099 2790 Β.
1290 2765 1322 2801 7.
1348 2755 1601 2801 διακεχωσμένα
1617 2755 1708 2789 Edd.

133 2808 251 2843 invitis
268 2807 359 2841 Α.Β.
554 2817 606 2840 10.
633 2806 668 2839 δέ
686 2806 729 2839 A.
749 2805 787 2848 δὴ
808 2804 898 2838 Edd.
948 2806 1052 2838 πάλαι
1070 2804 1112 2838 A.
1131 2804 1233 2837 πάλιν
1251 2802 1343 2836 Edd.
1526 2814 1577 2846 13,
1604 2802 1708 2846 διψή-

134 2870 212 2890 σετε
231 2854 322 2888 Α.Β.
341 2853 453 2897 (Vat.)
472 2852 666 2898 διψήσεσθε
686 2851 777 2886 Edd.
796 2852 928 2896 (Alex.)
1201 2862 1253 2892 14.
1280 2850 1408 2884 δικαίου
1427 2849 1468 2884 Β.
1487 2849 1562 2893 (23.
1583 2849 1644 2893 al.)
1664 2849 1707 2884 ef.

135 2912 372 2992 3}¹‹}'c{a(}:¹‹›¹)e‘
391 2900 519 2935 δικαίαν
535 2901 579 2934 A'
600 2899 653 2980 E?
650 2899 690 2979 1d'
727 2946 810 2979 ‘om
842 2898 1049 2988 Εῐόιὲᾱῗῑύτῖξ
1067 2897 1313 2989 1)ῗῖῗύτὲῖὲἷῖ
1333 2896 1401 2977 ῗὶη
1434 2943 1460 2977 F
1492 2896 1709 2987 Edffio'gg'g

151 2958 165 2982 ⁴1
220 2975 227 2982 .
316 2974 322 2981 .
671 2972 678 2980 .
704 2961 735 2979 οι
815 2972 823 2979 .
871 2971 879 2979 .
980 2970 988 2979 .
1051 2955 1083 2978 2.
1137 2971 1143 2978 .
1227 2960 1247 2987 ῃ
1318 2970 1324 2977 .
1407 2970 1414 2978 .
1465 2970 1472 2977 .
1576 2970 1582 2977 .
1680 2970 1686 2977 .

137 3007 192 3031 22.
217 2996 326 3030 οὐκέτι
346 2994 383 3029 F.
402 2993 478 3039 (23,
497 3005 553 3037 42,
573 2993 616 3028 86
635 3005 707 3038 mg.
730 2992 825 3038 198.)

890 3059 912 3100 3
936 3059 962 3086 x
986 3059 1009 3088 2
