2021 3434
99 171 183 212 viii.
211 185 276 227 13,
307 186 366 225 14.
563 174 636 215 IN
676 174 872 216 AMOS.
934 174 1084 215 TOM.
1119 174 1196 215 IV.
1596 175 1677 213 525

99 283 174 332 καὶ
223 281 387 336 αὐτοὺς
443 282 581 349 ἔργον
637 284 856 349 γενέσθαι
909 284 1060 352 χειρὸς
1111 282 1420 352 ἀλλοφύλων,
1470 280 1500 346 ὴ
1551 282 1679 350 ξίφει

97 362 345 428 πεσόντας,
379 363 409 429 ἢ
444 364 528 429 τὴν
570 367 716 416 ἀκλεᾶ
760 369 835 417 καὶ
878 366 1134 418 δύσοιστον
1172 363 1465 419 ἀνατλάντας
1503 367 1676 432 αἰχμα-

97 446 294 498 λωσίαν.

172 529 526 594 Σταυρωθέντος
561 528 610 580 δὲ
647 535 729 580 τοῦ
763 533 992 596 Χριστοῦ,
1031 533 1105 580 καὶ
1144 529 1386 583 δεδυκότος
1424 534 1520 582 τοῖς
1554 529 1676 579 Ἰου-

56 628 78 666 5
99 609 254 671 δαίοις,
297 611 413 672 ὁμοῦ
453 634 503 662 τε
542 612 660 681 ἡλίῳ
701 615 766 680 τῷ
808 610 925 662 κατὰ
969 609 1052 662 τὸν
1097 610 1279 675 κόσμον
1324 614 1399 661 καὶ
1449 612 1572 679 φωτὶ
1612 614 1678 680 τῷ
1699 615 1725 655 d

97 697 322 764 αἰσθητῷ,
348 698 422 747 καὶ
455 699 537 760 τῆς
573 699 739 760 νοητῆς
770 697 916 762 αὐγῆς
939 698 1015 746 καὶ
1039 700 1290 764 φωτισμοῦ
1315 702 1397 747 τοῦ
1425 695 1501 746 διὰ
1529 696 1681 746 Πνεύ-

96 795 258 836 ματος·
317 778 593 844 ὑστέρηνται
628 777 722 844 γὰρ
768 783 850 828 τοῦ
895 779 1018 829 θείου
1063 777 1227 844 λόγου,
1269 779 1344 828 καὶ
1383 780 1464 841 τῆς
1504 778 1683 829 ἄνωθεν

96 859 457 925 παρακλήσεως·
513 862 849 912 ἐκλελοίπασιν
896 867 943 911 αἱ
988 860 1098 925 παρ’
1145 861 1300 913 αὐτοῖς
1345 858 1539 928 παρθένοι
1586 866 1682 914 τοῖς

100 943 340 995 νεανίσκοις
372 944 502 1005 ὁμοῦ,
529 942 771 993 τουτέστιν
801 945 847 992 αἱ
882 943 1023 992 καλαὶ
1056 943 1132 992 καὶ
1166 940 1397 1004 εὐδόκιμοι
1422 943 1592 1009 ψυχαὶ,
1616 940 1681 993 ὧν

31 1048 78 1073 10
97 1023 150 1074 τὸ
194 1023 279 1088 μὲν
317 1024 552 1092 ἄχραντον
595 1023 670 1075 διὰ
710 1026 791 1088 τῆς
833 1020 1050 1093 παρθένου,
1094 1022 1148 1073 τὸ
1190 1021 1338 1089 γεμὴν
1376 1022 1590 1077 εὐσθενές
1630 1046 1680 1074 τε

95 1107 172 1156 καὶ
215 1105 541 1169 ἀλκιμώτατον
589 1105 664 1157 διὰ
713 1111 796 1156 τοῦ
847 1104 1066 1157 νεανίσκου
1108 1105 1397 1168 σημαίνεται.
1466 1106 1536 1159 τίς
1585 1104 1680 1172 γὰρ

99 1186 232 1253 ἅγιος
266 1189 314 1238 ἐν
353 1189 522 1249 αὐτοῖς,
562 1185 692 1238 οὐδὲν
730 1192 936 1238 τελειοῦν
974 1185 1222 1254 ἰσχύοντος
1259 1192 1343 1237 τοῦ
1383 1185 1540 1249 νόμου,
1574 1188 1680 1237 οὔτε

95 1270 188 1334 μὴν
215 1272 465 1337 ἀρκοῦντος
496 1270 651 1324 αὐτοῖς
684 1272 747 1323 εἷς
781 1269 1111 1333 δικαιοσύνην;
1150 1266 1280 1334 παρὰ
1311 1269 1400 1319 τίνι
1439 1268 1488 1320 δὲ
1524 1269 1679 1319 αὐτῶν
1698 1292 1719 1318 e

96 1353 326 1419 εὐρωστία
358 1350 644 1416 πνευματικὴ
679 1353 754 1402 καὶ
788 1350 1009 1415 εὐσθενὴς
1044 1350 1103 1402 ἂν
1133 1350 1315 1416 γένοιτο
1348 1356 1467 1413 νοῦς,
1501 1350 1577 1401 ὅτε
1614 1349 1679 1415 μὴ

31 1449 76 1488 15
95 1434 327 1500 ἐγνώκασι
359 1437 441 1498 τῆς
479 1435 780 1501 εὐαγγελικῆς
823 1434 1059 1486 πολιτείας
1097 1432 1156 1484 τὰ
1194 1432 1393 1499 λαμπρὰ
1431 1433 1676 1500 κατορθώ-

94 1539 251 1580 ματα;
300 1515 329 1581 ἢ
377 1515 470 1583 γὰρ
521 1517 621 1584 οὐχὶ
672 1517 840 1582 νωθροὶ
890 1514 1062 1569 πάντες
1111 1517 1186 1566 καὶ
1225 1517 1273 1566 ἐν
1317 1516 1562 1581 ἁμαρτίαις
1603 1518 1680 1567 καὶ

93 1599 358 1665 παρειμένοι
402 1598 485 1649 τὸν
528 1604 666 1660 νοῦν;
719 1596 816 1649 εἶτα
861 1602 960 1650 πῶς
1005 1602 1142 1648 τοῦτο
1186 1598 1495 1665 ἀμφίβολον;
1548 1598 1678 1649 ἐκλε-

95 1681 291 1732 λοίπασι
322 1679 378 1745 δὴ
412 1681 492 1732 οῦν
531 1682 568 1732 ἐν
607 1676 754 1750 δίψει,
779 1679 952 1746 εἴρηται
979 1678 1026 1730 δὲ
1054 1680 1136 1730 οὐκ
1162 1680 1314 1733 αὐτοῖς
1343 1678 1396 1730 τό
1424 1685 1451 1708 “
1471 1678 1676 1744 Ἀντλή-

94 1786 212 1814 σατε
253 1765 375 1828 ὕδωρ
413 1764 508 1825 μετ’
537 1762 832 1831 εὐφροσύνης
871 1764 919 1813 ἐκ
957 1766 1052 1812 τῶν
1087 1765 1256 1826 πηγῶν
1281 1766 1364 1812 τοῦ
1396 1762 1676 1827 σωτηρίου.”

28 1869 77 1893 20
96 1844 226 1896 ἀλλὰ
262 1844 355 1911 γὰρ
389 1847 464 1895 καὶ
491 1851 516 1875 “
537 1844 794 1896 ἐνετείλατο
828 1849 928 1898 ταῖς
964 1843 1180 1912 νεφέλαις
1212 1848 1295 1894 τοῦ
1329 1842 1393 1907 μὴ
1424 1844 1592 1912 βρέξαι
1618 1847 1679 1898 εἰς
1742 1858 1793 1892 Ib.
1810 1871 1840 1892 v.
1860 1859 1891 1892 6.

97 1935 123 1958 ‘⁶
149 1926 314 1980 αὐτοὺς
365 1925 533 1989 derby?
587 1926 658 1978 ὅτι
708 1925 824 1990 μηδὲ
873 1927 996 1995 αὐτῷ
1047 1924 1302 1992 γεγόνασιν
1354 1925 1548 1990 ὑπήκοοι
1613 1929 1679 1996 τῷ

96 2012 295 2078 Χριστῷ
319 2009 640 2074 διακεκραγότι
677 2031 725 2059 τε
762 2011 835 2059 καὶ
866 2008 1055 2074 λέγοντι
1085 2015 1112 2037 “
1132 2007 1195 2058 Εἴ
1216 2031 1284 2061 τις
1307 2010 1441 2076 διψᾷ,
1468 2008 1679 2075 ἐρχέσθω
1698 2034 1719 2057 a
1755 2025 1833 2058 341
1849 2024 1899 2059 A.

97 2099 124 2121 (ί
221 2090 232 2104 x
353 2090 364 2107 x
465 2093 478 2108 x
619 2089 632 2105 t
710 2091 733 2106 n
1112 2090 1121 2103 t
1279 2089 1290 2106 x
1379 2090 1389 2104 ο
1427 2088 1439 2103 x
1600 2090 1610 2107 p
1740 2074 1888 2106 S.J0an.

148 2114 266 2158 προς
310 2114 365 2154 με
405 2114 479 2141 και
523 2113 705 2142 πινετω.
807 2097 1198 2143 καταλελοιποτες
1243 2093 1291 2140 δε
1335 2113 1490 2152 αυτον,
1531 2113 1679 2140 καιτοι
1740 2118 1795 2148 vii.
1815 2124 1866 2158 37·

1740 2167 1835 2198 Hier.

1740 2221 1772 2241 11.
1795 2219 1806 2241 1
1815 2220 1843 2250 3.

1743 1675 1796 1706 Es.
1814 1675 1870 1708 xii.

96 2181 124 2203 “
149 2172 307 2239 πηγὴν
343 2172 454 2223 ὅντα
486 2172 615 2237 ζωῆς,
649 2171 834 2241 ὤρυξαν
866 2171 1068 2226 λάκκους
1104 2171 1520 2237 συντετριμμένους
1552 2171 1594 2222 οἳ
1626 2173 1679 2223 οὐ

30 2278 77 2316 25
96 2264 124 2286 ‘⁶
149 2255 429 2320 δυνήσονται
464 2256 586 2320 ὕδωρ
617 2255 872 2322 συνέχειν.”
936 2253 1303 2321 προσεσχήκασι
1336 2252 1427 2319 γὰρ
1454 2255 1678 2304 διδασκα-
1741 2265 1795 2338 {38-
1812 2266 1902 2339 xgix·

97 2340 218 2393 λίαις
252 2336 542 2397 ἐντάλμασιν
580 2338 856 2403 ἀνθρώπων,
887 2334 917 2387 ἂ
953 2336 1152 2402 ποτίζειν
1186 2337 1268 2386 οὐκ
1307 2333 1426 2386 οἶδεν
1453 2340 1514 2389 εἷς
1545 2335 1678 2402 ζωὴν,
1741 2319 1865 2384 Ινῗέιιὴ

97 2422 199 2471 οὕτε
224 2419 316 2483 μὴν
341 2419 553 2486 συνέχειν
576 2417 681 2473 τοῦς
709 2418 1015 2486 κεχρημένους
1039 2422 1100 2472 εἷς
1124 2418 1380 2483 σωτηρίαν.
1740 2406 1792 2428 xv
1810 2406 1840 2437 9

145 2613 177 2648 5.
203 2604 244 2637 τὰ
261 2615 322 2648 pro
339 2618 374 2637 τε
393 2603 436 2636 Α.
689 2602 721 2637 6.
748 2601 819 2647 διὰ]
844 2606 880 2643 -†-
903 2604 961 2635 τοῦ
979 2602 1022 2636 Α.
1277 2610 1309 2647 7.
1334 2601 1534 2646 ὑστέρηνται
1551 2603 1616 2648 γὰρ
1634 2603 1679 2638 A.

98 2651 292 2694 ἐστέρηνται
310 2651 374 2694 γὰρ
394 2650 436 2683 Β.
455 2649 661 2693 ἐστέρηνται.
689 2650 742 2682 καὶ
759 2650 824 2693 γὰρ
843 2648 935 2683 Edd.
1321 2660 1374 2682 10.
1400 2650 1568 2693 παρθένου
1585 2650 1677 2685 Α.Β.

97 2697 277 2741 παρθενίας
295 2696 386 2730 Edd.
580 2707 632 2730 11.
659 2695 730 2752 διὰ]
750 2697 803 2729 καὶ
820 2696 874 2729 διὰ
892 2696 935 2730 A.
1129 2705 1181 2729 12.
1209 2695 1306 2728 οὐδὲν
1323 2696 1366 2728 A.
1385 2696 1504 2729 οὐδένα
1523 2696 1565 2730 Β.
1583 2697 1678 2731 Edd.

102 2755 154 2789 13.
180 2743 369 2787 παρατείνει
387 2743 466 2786 (Sic)
485 2754 548 2787 pro
564 2744 654 2787 παρὰ
672 2757 735 2776 τινι
751 2743 795 2776 A.
1056 2743 1109 2776 16.
1137 2743 1189 2775 καὶ
1207 2754 1238 2775 a
1228 2743 1266 2775 ¹t.
1284 2748 1508 2786 assumptum
1527 2755 1568 2777 ex
1585 2744 1628 2777 A.
1635 2743 1677 2778 B.

102 2792 154 2824 18.
180 2789 388 2833 Ἀντλήσατε
405 2790 449 2823 A.
454 2789 496 2823 B.
523 2801 627 2834 supra
651 2800 713 2834 271
735 2801 764 2822 e.
783 2789 816 2822 in
846 2788 882 2822 S.
908 2788 1097 2823 JOan.182
1125 2800 1152 2823 S.
1178 2788 1202 2823 f.
1222 2788 1275 2833 (V
1277 2788 1344 2832 at.)
1362 2789 1566 2833 Ἀντλὴσετε
1585 2790 1677 2824 Edd.

99 2837 312 2882 Glaph.149
336 2848 365 2870 e.
393 2848 411 2870 a
430 2836 592 2870 Parsons.
610 2836 666 2870 cit.
686 2836 805 2880 (Alex.
826 2846 867 2879 23
885 2834 948 2878 al.)
1288 2847 1341 2880 19.
1367 2835 1438 2878 μετ’
1465 2836 1678 2881 εὐφροσύνης

99 2884 250 2918 desunt
243 2896 278 2917 1n
297 2883 389 2917 Edd.
439 2886 504 2916 τῶν
520 2882 653 2928 πηγῶν]
673 2884 729 2925 τῆς
746 2883 853 2926 πηγῆς
872 2881 964 2916 Edd.
1193 2892 1247 2916 20.
1275 2882 1321 2917 εἷς
1338 2882 1381 2916 A.
1401 2882 1450 2916 ἐπ’
1471 2882 1562 2917 Edd.
1582 2883 1678 2928 (41.)

98 2931 276 3012 gszaec
293 2945 328 2964 τε
346 2930 398 2964 καὶ
416 2930 551 2974 λέγοντι
569 2936 748 2975 assumpta
765 2941 806 2963 ex
824 2928 916 2963 Α.Β.
1211 2938 1265 2974 25.
1294 2928 1543 2975 διδασκαλίαις]
1567 2936 1603 2972 -1-
1626 2932 1680 2965 καὶ

132 2990 154 3012 u
182 2984 287 3012 crtus.
