<?xml version="1.0" encoding="UTF-8"?>
<!DOCTYPE html PUBLIC "-//W3C//DTD XHTML 1.0 Transitional//EN"
    "http://www.w3.org/TR/xhtml1/DTD/xhtml1-transitional.dtd">
<html xmlns="http://www.w3.org/1999/xhtml" xml:lang="en" lang="en">
 <head>
  <title>
</title>
<meta http-equiv="Content-Type" content="text/html;charset=utf-8" />
  <meta name='ocr-system' content='tesseract 3.04.00' />
  <meta name='ocr-capabilities' content='ocr_page ocr_carea ocr_par ocr_line ocrx_word'/>
</head>
<body>
  <div class='ocr_page' id='page_1' title='image "./operacyrilli01cyriuoft/operacyrilli01cyriuoft_0598.png"; bbox 0 0 2021 3434; ppageno 0'>
   <div class='ocr_carea' id='block_1_1' title="bbox 308 211 1882 267">
    <p class='ocr_par' dir='ltr' id='par_1_1' title="bbox 308 211 1882 267">
     <span class='ocr_line' id='line_1_1' title="bbox 308 211 1882 267; baseline 0 -12"><span class='ocrx_word' id='word_1_1' title='bbox 308 216 392 255; x_wconf 87' lang='lat'>550</span> <span class='ocrx_word' id='word_1_2' title='bbox 698 213 746 253; x_wconf 91' lang='lat' dir='ltr'>B.</span> <span class='ocrx_word' id='word_1_3' title='bbox 785 211 1062 252; x_wconf 89' lang='lat' dir='ltr'>CYRILLI</span> <span class='ocrx_word' id='word_1_4' title='bbox 1103 212 1482 254; x_wconf 83' lang='lat' dir='ltr'>ALEXANDR.</span> <span class='ocrx_word' id='word_1_5' title='bbox 1784 225 1822 267; x_wconf 81' lang='lat'>5,</span> <span class='ocrx_word' id='word_1_6' title='bbox 1845 215 1882 255; x_wconf 89' lang='lat'>6.</span> 
     </span>
    </p>
   </div>
   <div class='ocr_carea' id='block_1_2' title="bbox 87 320 1955 1212">
    <p class='ocr_par' dir='ltr' id='par_1_2' title="bbox 87 320 1928 965">
     <span class='ocr_line' id='line_1_2' title="bbox 87 320 1886 391; baseline 0.001 -17"><span class='ocrx_word' id='word_1_7' title='bbox 87 334 170 368; x_wconf 86' lang='lat'>357</span> <span class='ocrx_word' id='word_1_8' title='bbox 187 333 234 367; x_wconf 87' lang='lat' dir='ltr'>A·</span> <span class='ocrx_word' id='word_1_9' title='bbox 267 343 289 367; x_wconf 82' lang='lat' dir='ltr'>a</span> <span class='ocrx_word' id='word_1_10' title='bbox 308 325 416 388; x_wconf 86' lang='grc' dir='ltr'>ἡμῖν</span> <span class='ocrx_word' id='word_1_11' title='bbox 454 323 732 391; x_wconf 84' lang='grc' dir='ltr'>ὑπεμφαίνει</span> <span class='ocrx_word' id='word_1_12' title='bbox 757 320 916 387; x_wconf 82' lang='grc' dir='ltr'>λόγος.</span> <span class='ocrx_word' id='word_1_13' title='bbox 959 320 1074 391; x_wconf 77' lang='grc' dir='ltr'>ᾤετο</span> <span class='ocrx_word' id='word_1_14' title='bbox 1112 321 1206 388; x_wconf 81' lang='grc' dir='ltr'>γὰρ</span> <span class='ocrx_word' id='word_1_15' title='bbox 1245 321 1520 376; x_wconf 81' lang='grc' dir='ltr'>δυσάλωτος</span> <span class='ocrx_word' id='word_1_16' title='bbox 1558 323 1753 374; x_wconf 78' lang='grc' dir='ltr'>ἔσεσθαι</span> <span class='ocrx_word' id='word_1_17' title='bbox 1790 329 1886 377; x_wconf 86' lang='grc' dir='ltr'>τοῖς</span> 
     </span>
     <span class='ocr_line' id='line_1_3' title="bbox 306 403 1886 473; baseline 0.001 -16"><span class='ocrx_word' id='word_1_18' title='bbox 306 409 502 473; x_wconf 82' lang='grc' dir='ltr'>ἐχθροῖς,</span> <span class='ocrx_word' id='word_1_19' title='bbox 526 406 580 455; x_wconf 83' lang='grc' dir='ltr'>οὐ</span> <span class='ocrx_word' id='word_1_20' title='bbox 600 404 675 454; x_wconf 84' lang='grc' dir='ltr'>διά</span> <span class='ocrx_word' id='word_1_21' title='bbox 695 427 749 469; x_wconf 90' lang='grc' dir='ltr'>γε</span> <span class='ocrx_word' id='word_1_22' title='bbox 774 403 860 467; x_wconf 88' lang='grc' dir='ltr'>τὴν</span> <span class='ocrx_word' id='word_1_23' title='bbox 885 405 1083 454; x_wconf 86' lang='grc' dir='ltr'>ἐνοῦσαν</span> <span class='ocrx_word' id='word_1_24' title='bbox 1103 403 1253 468; x_wconf 88' lang='grc' dir='ltr'>ἀλκὴν</span> <span class='ocrx_word' id='word_1_25' title='bbox 1274 405 1399 473; x_wconf 74' lang='grc' dir='ltr'>αὐτῷ</span> <span class='ocrx_word' id='word_1_26' title='bbox 1424 406 1499 455; x_wconf 79' lang='grc' dir='ltr'>καὶ</span> <span class='ocrx_word' id='word_1_27' title='bbox 1524 403 1577 455; x_wconf 82' lang='grc' dir='ltr'>τὸ</span> <span class='ocrx_word' id='word_1_28' title='bbox 1597 405 1646 455; x_wconf 82' lang='grc' dir='ltr'>ἐν</span> <span class='ocrx_word' id='word_1_29' title='bbox 1665 404 1886 467; x_wconf 76' lang='grc' dir='ltr'>πολέμοις</span> 
     </span>
     <span class='ocr_line' id='line_1_4' title="bbox 306 484 1880 555; baseline -0.001 -17"><span class='ocrx_word' id='word_1_30' title='bbox 306 487 526 555; x_wconf 76' lang='grc' dir='ltr'>εὐτεχνὲς,</span> <span class='ocrx_word' id='word_1_31' title='bbox 551 485 662 537; x_wconf 88' lang='grc' dir='ltr'>ἀλλ’</span> <span class='ocrx_word' id='word_1_32' title='bbox 691 485 762 537; x_wconf 76' lang='grc' dir='ltr'>ὅτι</span> <span class='ocrx_word' id='word_1_33' title='bbox 799 485 853 537; x_wconf 85' lang='grc' dir='ltr'>τὸ</span> <span class='ocrx_word' id='word_1_34' title='bbox 887 484 1036 553; x_wconf 75' lang='grc' dir='ltr'>τραχὺ</span> <span class='ocrx_word' id='word_1_35' title='bbox 1071 487 1146 536; x_wconf 77' lang='grc' dir='ltr'>καὶ</span> <span class='ocrx_word' id='word_1_36' title='bbox 1185 485 1428 547; x_wconf 82' lang='grc' dir='ltr'>δύσβατον</span> <span class='ocrx_word' id='word_1_37' title='bbox 1456 488 1540 550; x_wconf 83' lang='grc' dir='ltr'>τῆς</span> <span class='ocrx_word' id='word_1_38' title='bbox 1577 486 1732 553; x_wconf 81' lang='grc' dir='ltr'>χώρας</span> <span class='ocrx_word' id='word_1_39' title='bbox 1762 488 1880 537; x_wconf 88' lang='grc' dir='ltr'>ἀπο-</span> 
     </span>
     <span class='ocr_line' id='line_1_5' title="bbox 305 565 1887 637; baseline -0.001 -18"><span class='ocrx_word' id='word_1_40' title='bbox 305 568 502 637; x_wconf 84' lang='grc' dir='ltr'>χρήσειν</span> <span class='ocrx_word' id='word_1_41' title='bbox 521 568 692 632; x_wconf 64' lang='grc' dir='ltr'>ἐμελλε</span> <span class='ocrx_word' id='word_1_42' title='bbox 710 565 829 634; x_wconf 74' lang='grc' dir='ltr'>πρὸς</span> <span class='ocrx_word' id='word_1_43' title='bbox 849 569 1087 634; x_wconf 83' lang='grc' dir='ltr'>σωτηρίαν</span> <span class='ocrx_word' id='word_1_44' title='bbox 1108 570 1275 622; x_wconf 84' lang='grc' dir='ltr'>αὐτοῖς.</span> <span class='ocrx_word' id='word_1_45' title='bbox 1324 567 1458 636; x_wconf 78' lang='grc' dir='ltr'>ὅχθοι</span> <span class='ocrx_word' id='word_1_46' title='bbox 1483 566 1576 634; x_wconf 78' lang='grc' dir='ltr'>γὰρ</span> <span class='ocrx_word' id='word_1_47' title='bbox 1593 565 1718 631; x_wconf 76' lang='grc' dir='ltr'>ἦσαν</span> <span class='ocrx_word' id='word_1_48' title='bbox 1739 569 1887 619; x_wconf 83' lang='grc' dir='ltr'>ἁπαν-</span> 
     </span>
     <span class='ocr_line' id='line_1_6' title="bbox 304 648 1928 717; baseline -0.001 -16"><span class='ocrx_word' id='word_1_49' title='bbox 304 653 439 717; x_wconf 83' lang='grc' dir='ltr'>ταχῆ,</span> <span class='ocrx_word' id='word_1_50' title='bbox 491 651 568 701; x_wconf 80' lang='grc' dir='ltr'>καὶ</span> <span class='ocrx_word' id='word_1_51' title='bbox 617 654 802 715; x_wconf 86' lang='grc' dir='ltr'>πετρῶν</span> <span class='ocrx_word' id='word_1_52' title='bbox 852 651 1135 717; x_wconf 85' lang='grc' dir='ltr'>ἀκρωνυχίαι</span> <span class='ocrx_word' id='word_1_53' title='bbox 1189 649 1339 700; x_wconf 81' lang='grc' dir='ltr'>δεινὸν</span> <span class='ocrx_word' id='word_1_54' title='bbox 1389 648 1758 712; x_wconf 80' lang='grc' dir='ltr'>κατεκνεύουσαι,</span> <span class='ocrx_word' id='word_1_55' title='bbox 1811 652 1884 700; x_wconf 76' lang='grc' dir='ltr'>καὶ</span> <span class='ocrx_word' id='word_1_56' title='bbox 1906 668 1928 706; x_wconf 89' lang='grc'>5</span> 
     </span>
     <span class='ocr_line' id='line_1_7' title="bbox 303 730 1887 800; baseline 0 -18"><span class='ocrx_word' id='word_1_57' title='bbox 303 736 488 792; x_wconf 88' lang='grc' dir='ltr'>βουνῶν</span> <span class='ocrx_word' id='word_1_58' title='bbox 512 730 746 798; x_wconf 87' lang='grc' dir='ltr'>ἀγριότης,</span> <span class='ocrx_word' id='word_1_59' title='bbox 773 733 848 782; x_wconf 81' lang='grc' dir='ltr'>καὶ</span> <span class='ocrx_word' id='word_1_60' title='bbox 875 733 997 797; x_wconf 87' lang='grc' dir='ltr'>ὀρῶν</span> <span class='ocrx_word' id='word_1_61' title='bbox 1024 731 1277 800; x_wconf 78' lang='grc' dir='ltr'>ὑψώματα.</span> <span class='ocrx_word' id='word_1_62' title='bbox 1329 732 1379 782; x_wconf 86' lang='grc' dir='ltr'>τί</span> <span class='ocrx_word' id='word_1_63' title='bbox 1398 732 1492 794; x_wconf 77' lang='grc' dir='ltr'>οὖν,</span> <span class='ocrx_word' id='word_1_64' title='bbox 1521 733 1658 800; x_wconf 76' lang='grc' dir='ltr'>φησὶ,</span> <span class='ocrx_word' id='word_1_65' title='bbox 1684 735 1767 796; x_wconf 84' lang='grc' dir='ltr'>τῆς</span> <span class='ocrx_word' id='word_1_66' title='bbox 1793 737 1887 783; x_wconf 90' lang='grc' dir='ltr'>τῶν</span> 
     </span>
     <span class='ocr_line' id='line_1_8' title="bbox 304 811 1883 883; baseline 0.001 -19"><span class='ocrx_word' id='word_1_67' title='bbox 304 811 528 865; x_wconf 84' lang='grc' dir='ltr'>ἐπιόντων</span> <span class='ocrx_word' id='word_1_68' title='bbox 566 813 718 881; x_wconf 83' lang='grc' dir='ltr'>χειρὸς</span> <span class='ocrx_word' id='word_1_69' title='bbox 755 812 909 878; x_wconf 80' lang='grc' dir='ltr'>μάτην</span> <span class='ocrx_word' id='word_1_70' title='bbox 940 813 1363 880; x_wconf 77' lang='grc' dir='ltr'>καταλαζονεύεσθε</span> <span class='ocrx_word' id='word_1_71' title='bbox 1386 836 1397 876; x_wconf 84' lang='lat'>3</span> <span class='ocrx_word' id='word_1_72' title='bbox 1442 817 1477 864; x_wconf 82' lang='grc' dir='ltr'>εἰ</span> <span class='ocrx_word' id='word_1_73' title='bbox 1503 813 1597 879; x_wconf 79' lang='grc' dir='ltr'>γὰρ</span> <span class='ocrx_word' id='word_1_74' title='bbox 1625 816 1700 864; x_wconf 75' lang='grc' dir='ltr'>καὶ</span> <span class='ocrx_word' id='word_1_75' title='bbox 1728 812 1883 883; x_wconf 76' lang='grc' dir='ltr'>κατῴ-</span> 
     </span>
     <span class='ocr_line' id='line_1_9' title="bbox 305 894 1886 965; baseline 0.001 -20"><span class='ocrx_word' id='word_1_76' title='bbox 305 918 448 960; x_wconf 87' lang='grc' dir='ltr'>κηκας</span> <span class='ocrx_word' id='word_1_77' title='bbox 474 897 522 946; x_wconf 86' lang='grc' dir='ltr'>ἐν</span> <span class='ocrx_word' id='word_1_78' title='bbox 547 896 680 965; x_wconf 74' lang='grc' dir='ltr'>χώρᾳ</span> <span class='ocrx_word' id='word_1_79' title='bbox 704 894 831 947; x_wconf 77' lang='grc' dir='ltr'>πολὺ</span> <span class='ocrx_word' id='word_1_80' title='bbox 858 894 1076 963; x_wconf 83' lang='grc' dir='ltr'>λαχούσῃ</span> <span class='ocrx_word' id='word_1_81' title='bbox 1102 895 1155 946; x_wconf 81' lang='grc' dir='ltr'>τὸ</span> <span class='ocrx_word' id='word_1_82' title='bbox 1181 894 1440 957; x_wconf 80' lang='grc' dir='ltr'>δύσβατον,</span> <span class='ocrx_word' id='word_1_83' title='bbox 1471 896 1644 964; x_wconf 88' lang='grc' dir='ltr'>ἠρμένῃ</span> <span class='ocrx_word' id='word_1_84' title='bbox 1670 919 1719 947; x_wconf 89' lang='grc' dir='ltr'>τε</span> <span class='ocrx_word' id='word_1_85' title='bbox 1746 897 1886 964; x_wconf 78' lang='grc' dir='ltr'>ὑψοῦ,</span> 
     </span>
    </p>

    <p class='ocr_par' dir='ltr' id='par_1_3' title="bbox 260 975 2016 1212">
     <span class='ocr_line' id='line_1_10' title="bbox 260 975 1884 1045; baseline 0.001 -18"><span class='ocrx_word' id='word_1_86' title='bbox 260 987 287 1027; x_wconf 88' lang='lat' dir='ltr'><strong>b</strong></span> <span class='ocrx_word' id='word_1_87' title='bbox 306 975 392 1028; x_wconf 80' lang='grc' dir='ltr'>κᾶν</span> <span class='ocrx_word' id='word_1_88' title='bbox 418 980 455 1028; x_wconf 79' lang='grc' dir='ltr'>εἰ</span> <span class='ocrx_word' id='word_1_89' title='bbox 481 976 630 1043; x_wconf 89' lang='grc' dir='ltr'>γένοιό</span> <span class='ocrx_word' id='word_1_90' title='bbox 656 1001 725 1031; x_wconf 88' lang='grc' dir='ltr'>τις</span> <span class='ocrx_word' id='word_1_91' title='bbox 751 978 895 1040; x_wconf 58' lang='grc' dir='ltr'>ἀετὶς,</span> <span class='ocrx_word' id='word_1_92' title='bbox 925 976 1021 1028; x_wconf 77' lang='grc' dir='ltr'>οἷον</span> <span class='ocrx_word' id='word_1_93' title='bbox 1046 977 1247 1043; x_wconf 74' lang='grc' dir='ltr'>ἐναέριον</span> <span class='ocrx_word' id='word_1_94' title='bbox 1273 978 1414 1028; x_wconf 81' lang='grc' dir='ltr'>αὐτοῦ</span> <span class='ocrx_word' id='word_1_95' title='bbox 1440 976 1526 1042; x_wconf 88' lang='grc' dir='ltr'>τὴν</span> <span class='ocrx_word' id='word_1_96' title='bbox 1552 976 1721 1028; x_wconf 82' lang='grc' dir='ltr'>καλιὰν</span> <span class='ocrx_word' id='word_1_97' title='bbox 1746 978 1884 1045; x_wconf 76' lang='grc' dir='ltr'>ἔχων·</span> 
     </span>
     <span class='ocr_line' id='line_1_11' title="bbox 305 1058 1955 1128; baseline 0.001 -19"><span class='ocrx_word' id='word_1_98' title='bbox 305 1059 614 1124; x_wconf 82' lang='grc' dir='ltr'>ὑπερβολικὸς</span> <span class='ocrx_word' id='word_1_99' title='bbox 653 1058 702 1111; x_wconf 76' lang='grc' dir='ltr'>δὲ</span> <span class='ocrx_word' id='word_1_100' title='bbox 740 1058 887 1111; x_wconf 86' lang='grc' dir='ltr'>πάλιν</span> <span class='ocrx_word' id='word_1_101' title='bbox 914 1061 938 1110; x_wconf 87' lang='grc' dir='ltr'>ὁ</span> <span class='ocrx_word' id='word_1_102' title='bbox 974 1060 1134 1126; x_wconf 89' lang='grc' dir='ltr'>λόγος·</span> <span class='ocrx_word' id='word_1_103' title='bbox 1177 1060 1286 1110; x_wconf 86' lang='grc' dir='ltr'>ἀλλ’</span> <span class='ocrx_word' id='word_1_104' title='bbox 1315 1060 1394 1110; x_wconf 73' lang='grc' dir='ltr'>οὖν</span> <span class='ocrx_word' id='word_1_105' title='bbox 1420 1061 1589 1111; x_wconf 83' lang='grc' dir='ltr'>ἐκεῖθεν</span> <span class='ocrx_word' id='word_1_106' title='bbox 1615 1061 1879 1128; x_wconf 87' lang='grc' dir='ltr'>καταῤῥαχ-</span> <span class='ocrx_word' id='word_1_107' title='bbox 1909 1080 1955 1104; x_wconf 93' lang='lat'>10</span> 
     </span>
     <span class='ocr_line' id='line_1_12' title="bbox 305 1140 1886 1212; baseline 0.001 -20"><span class='ocrx_word' id='word_1_108' title='bbox 305 1140 447 1209; x_wconf 84' lang='grc' dir='ltr'>θήσῃ,</span> <span class='ocrx_word' id='word_1_109' title='bbox 486 1145 610 1193; x_wconf 80' lang='grc' dir='ltr'>Θεοῦ</span> <span class='ocrx_word' id='word_1_110' title='bbox 646 1141 1011 1209; x_wconf 83' lang='grc' dir='ltr'>κατασύροντος·</span> <span class='ocrx_word' id='word_1_111' title='bbox 1079 1143 1299 1193; x_wconf 83' lang='grc' dir='ltr'>ἀδυνατεῖ</span> <span class='ocrx_word' id='word_1_112' title='bbox 1338 1141 1430 1208; x_wconf 78' lang='grc' dir='ltr'>γὰρ</span> <span class='ocrx_word' id='word_1_113' title='bbox 1474 1143 1599 1212; x_wconf 71' lang='grc' dir='ltr'>αὐτῷ</span> <span class='ocrx_word' id='word_1_114' title='bbox 1641 1147 1886 1197; x_wconf 80' lang='grc' dir='ltr'>παντελῶς</span> 
     </span>
    </p>
   </div>
   <div class='ocr_carea' id='block_1_3' title="bbox 305 1221 449 1274">
    <p class='ocr_par' dir='ltr' id='par_1_4' title="bbox 305 1221 449 1274">
     <span class='ocr_line' id='line_1_13' title="bbox 305 1221 449 1274; baseline 0.007 -1"><span class='ocrx_word' id='word_1_115' title='bbox 305 1221 449 1274; x_wconf 83' lang='grc' dir='ltr'>οὐδέν.</span> 
     </span>
    </p>
   </div>
   <div class='ocr_carea' id='block_1_4' title="bbox 266 1404 1952 1632">
    <p class='ocr_par' dir='ltr' id='par_1_5' title="bbox 266 1404 1952 1632">
     <span class='ocr_line' id='line_1_14' title="bbox 267 1404 1883 1467; baseline 0.002 -20"><span class='ocrx_word' id='word_1_116' title='bbox 267 1420 288 1456; x_wconf 88' lang='lat'>5</span> <span class='ocrx_word' id='word_1_117' title='bbox 312 1404 355 1447; x_wconf 80' lang='grc' dir='ltr'>Ξῖ</span> <span class='ocrx_word' id='word_1_118' title='bbox 375 1408 551 1448; x_wconf 69' lang='grc' dir='ltr'>κλέπται</span> <span class='ocrx_word' id='word_1_119' title='bbox 585 1405 780 1449; x_wconf 58' lang='grc' dir='ltr'>εἰσῆλθον</span> <span class='ocrx_word' id='word_1_120' title='bbox 806 1409 913 1465; x_wconf 70' lang='grc' dir='ltr'>πρὸς</span> <span class='ocrx_word' id='word_1_121' title='bbox 949 1409 994 1451; x_wconf 78' lang='grc' dir='ltr'>σε</span> <span class='ocrx_word' id='word_1_122' title='bbox 1023 1409 1045 1449; x_wconf 62' lang='grc' dir='ltr'><em>ἒ</em></span> <span class='ocrx_word' id='word_1_123' title='bbox 1073 1409 1225 1467; x_wconf 73' lang='grc' dir='ltr'>λῌσταὶ</span> <span class='ocrx_word' id='word_1_124' title='bbox 1252 1409 1413 1460; x_wconf 73' lang='grc' dir='ltr'>νυκτὸς,</span> <span class='ocrx_word' id='word_1_125' title='bbox 1439 1411 1519 1449; x_wconf 80' lang='grc' dir='ltr'>ποῦ</span> <span class='ocrx_word' id='word_1_126' title='bbox 1548 1407 1597 1449; x_wconf 78' lang='grc' dir='ltr'>ἂν</span> <span class='ocrx_word' id='word_1_127' title='bbox 1625 1408 1883 1466; x_wconf 73' lang='grc' dir='ltr'>ἀπεῤῥίφΗε;</span> 
     </span>
     <span class='ocr_line' id='line_1_15' title="bbox 374 1490 1883 1549; baseline 0.003 -19"><span class='ocrx_word' id='word_1_128' title='bbox 374 1490 448 1530; x_wconf 86' lang='grc' dir='ltr'>οὐκ</span> <span class='ocrx_word' id='word_1_129' title='bbox 485 1490 535 1531; x_wconf 82' lang='grc' dir='ltr'>ἂν</span> <span class='ocrx_word' id='word_1_130' title='bbox 573 1490 760 1541; x_wconf 79' lang='grc' dir='ltr'>ἔκλεψαν</span> <span class='ocrx_word' id='word_1_131' title='bbox 797 1492 848 1532; x_wconf 79' lang='grc' dir='ltr'>τά</span> <span class='ocrx_word' id='word_1_132' title='bbox 888 1490 1008 1533; x_wconf 79' lang='grc' dir='ltr'>ἱκανὰ</span> <span class='ocrx_word' id='word_1_133' title='bbox 1039 1490 1233 1544; x_wconf 47' lang='lat' dir='ltr'>&amp;omniq</span> <span class='ocrx_word' id='word_1_134' title='bbox 1283 1493 1352 1533; x_wconf 76' lang='grc' dir='ltr'>καὶ</span> <span class='ocrx_word' id='word_1_135' title='bbox 1378 1490 1413 1533; x_wconf 79' lang='grc' dir='ltr'>εἰ</span> <span class='ocrx_word' id='word_1_136' title='bbox 1450 1493 1650 1549; x_wconf 78' lang='grc' dir='ltr'>τρυΓΗταὶ</span> <span class='ocrx_word' id='word_1_137' title='bbox 1687 1490 1883 1534; x_wconf 65' lang='grc' dir='ltr'>εἰσῆλθον</span> 
     </span>
     <span class='ocr_line' id='line_1_16' title="bbox 266 1572 1952 1632; baseline 0.004 -18"><span class='ocrx_word' id='word_1_138' title='bbox 266 1587 287 1621; x_wconf 82' lang='lat'>6</span> <span class='ocrx_word' id='word_1_139' title='bbox 373 1572 480 1630; x_wconf 72' lang='grc' dir='ltr'>πρὸς</span> <span class='ocrx_word' id='word_1_140' title='bbox 519 1574 579 1625; x_wconf 75' lang='grc' dir='ltr'>σὲ,</span> <span class='ocrx_word' id='word_1_141' title='bbox 621 1574 696 1614; x_wconf 69' lang='grc' dir='ltr'>οὐκ</span> <span class='ocrx_word' id='word_1_142' title='bbox 739 1574 788 1615; x_wconf 81' lang='grc' dir='ltr'>ἂν</span> <span class='ocrx_word' id='word_1_143' title='bbox 828 1575 1086 1617; x_wconf 75' lang='grc' dir='ltr'>ὑπελίποντο</span> <span class='ocrx_word' id='word_1_144' title='bbox 1128 1575 1437 1631; x_wconf 59' lang='grc' dir='ltr'>ἐπιφυλλίδας,</span> <span class='ocrx_word' id='word_1_145' title='bbox 1487 1575 1579 1616; x_wconf 68' lang='grc' dir='ltr'>πῶς</span> <span class='ocrx_word' id='word_1_146' title='bbox 1622 1575 1881 1632; x_wconf 65' lang='grc' dir='ltr'>ὲὲΗρευνήθΗ</span> <span class='ocrx_word' id='word_1_147' title='bbox 1908 1594 1952 1631; x_wconf 91' lang='lat'>15</span> 
     </span>
    </p>
   </div>
   <div class='ocr_carea' id='block_1_5' title="bbox 365 1656 1437 1715">
    <p class='ocr_par' dir='ltr' id='par_1_6' title="bbox 365 1656 1437 1715">
     <span class='ocr_line' id='line_1_17' title="bbox 365 1656 1437 1715; baseline 0.002 -18"><span class='ocrx_word' id='word_1_148' title='bbox 365 1656 514 1708; x_wconf 65' lang='grc' dir='ltr'>“Ησαῦ,</span> <span class='ocrx_word' id='word_1_149' title='bbox 542 1657 610 1698; x_wconf 75' lang='grc' dir='ltr'>καὶ</span> <span class='ocrx_word' id='word_1_150' title='bbox 642 1658 889 1714; x_wconf 62' lang='grc' dir='ltr'>κατελήφΘΗ</span> <span class='ocrx_word' id='word_1_151' title='bbox 918 1658 1046 1700; x_wconf 78' lang='grc' dir='ltr'>αὐτοῦ</span> <span class='ocrx_word' id='word_1_152' title='bbox 1069 1659 1119 1700; x_wconf 80' lang='grc' dir='ltr'>τὰ</span> <span class='ocrx_word' id='word_1_153' title='bbox 1147 1660 1437 1715; x_wconf 56' lang='grc' dir='ltr'>κεκρυμμένα,</span> 
     </span>
    </p>
   </div>
   <div class='ocr_carea' id='block_1_6' title="bbox 257 1777 2001 2672">
    <p class='ocr_par' dir='ltr' id='par_1_7' title="bbox 266 1777 1952 2426">
     <span class='ocr_line' id='line_1_18' title="bbox 266 1777 1884 1849; baseline 0.001 -18"><span class='ocrx_word' id='word_1_154' title='bbox 266 1806 287 1831; x_wconf 80' lang='lat' dir='ltr'>c</span> <span class='ocrx_word' id='word_1_155' title='bbox 371 1777 506 1844; x_wconf 75' lang='grc' dir='ltr'>”Ηδη</span> <span class='ocrx_word' id='word_1_156' title='bbox 541 1779 813 1847; x_wconf 81' lang='grc' dir='ltr'>φθάσαντες</span> <span class='ocrx_word' id='word_1_157' title='bbox 847 1780 1046 1845; x_wconf 72' lang='grc' dir='ltr'>εἴπομεν,</span> <span class='ocrx_word' id='word_1_158' title='bbox 1074 1780 1143 1832; x_wconf 81' lang='grc' dir='ltr'>ὅτι</span> <span class='ocrx_word' id='word_1_159' title='bbox 1178 1783 1253 1831; x_wconf 80' lang='grc' dir='ltr'>καὶ</span> <span class='ocrx_word' id='word_1_160' title='bbox 1283 1780 1475 1849; x_wconf 82' lang='grc' dir='ltr'>ῥωχμάς</span> <span class='ocrx_word' id='word_1_161' title='bbox 1505 1782 1641 1847; x_wconf 87' lang='grc' dir='ltr'>ὀρῶν,</span> <span class='ocrx_word' id='word_1_162' title='bbox 1667 1780 1884 1846; x_wconf 78' lang='grc' dir='ltr'>σπήλαιά</span> 
     </span>
     <span class='ocr_line' id='line_1_19' title="bbox 306 1861 1884 1930; baseline 0.002 -19"><span class='ocrx_word' id='word_1_163' title='bbox 306 1883 355 1911; x_wconf 93' lang='grc' dir='ltr'>τε</span> <span class='ocrx_word' id='word_1_164' title='bbox 405 1862 481 1911; x_wconf 83' lang='grc' dir='ltr'>καὶ</span> <span class='ocrx_word' id='word_1_165' title='bbox 529 1861 802 1929; x_wconf 79' lang='grc' dir='ltr'>διασφαγάς</span> <span class='ocrx_word' id='word_1_166' title='bbox 846 1864 893 1913; x_wconf 86' lang='grc' dir='ltr'>ἐν</span> <span class='ocrx_word' id='word_1_167' title='bbox 941 1864 1143 1929; x_wconf 83' lang='grc' dir='ltr'>πέτραις,</span> <span class='ocrx_word' id='word_1_168' title='bbox 1196 1864 1396 1930; x_wconf 84' lang='grc' dir='ltr'>δρυμούς</span> <span class='ocrx_word' id='word_1_169' title='bbox 1442 1886 1492 1914; x_wconf 92' lang='grc' dir='ltr'>τε</span> <span class='ocrx_word' id='word_1_170' title='bbox 1543 1865 1884 1930; x_wconf 83' lang='grc' dir='ltr'>διερευνώμενοι</span> 
     </span>
     <span class='ocr_line' id='line_1_20' title="bbox 304 1941 1879 2014; baseline 0.003 -22"><span class='ocrx_word' id='word_1_171' title='bbox 304 1941 411 1996; x_wconf 73' lang='grc' dir='ltr'>τοὺς</span> <span class='ocrx_word' id='word_1_172' title='bbox 437 1943 724 2008; x_wconf 83' lang='grc' dir='ltr'>Ἰδουμαίους</span> <span class='ocrx_word' id='word_1_173' title='bbox 750 1945 1071 2013; x_wconf 83' lang='grc' dir='ltr'>ἀπέσφαττον,</span> <span class='ocrx_word' id='word_1_174' title='bbox 1109 1949 1150 1996; x_wconf 81' lang='grc' dir='ltr'>οἱ</span> <span class='ocrx_word' id='word_1_175' title='bbox 1187 1950 1282 1998; x_wconf 88' lang='grc' dir='ltr'>τοῖς</span> <span class='ocrx_word' id='word_1_176' title='bbox 1312 1945 1368 2014; x_wconf 74' lang='grc' dir='ltr'>ἐξ</span> <span class='ocrx_word' id='word_1_177' title='bbox 1397 1944 1599 2012; x_wconf 85' lang='grc' dir='ltr'>Ἰσραὴλ</span> <span class='ocrx_word' id='word_1_178' title='bbox 1625 1952 1879 2007; x_wconf 91' lang='grc' dir='ltr'>συνεισβε-</span> 
     </span>
     <span class='ocr_line' id='line_1_21' title="bbox 303 2023 1952 2094; baseline 0.003 -20"><span class='ocrx_word' id='word_1_179' title='bbox 303 2023 532 2089; x_wconf 85' lang='grc' dir='ltr'>βληκότες</span> <span class='ocrx_word' id='word_1_180' title='bbox 572 2028 647 2076; x_wconf 80' lang='grc' dir='ltr'>καὶ</span> <span class='ocrx_word' id='word_1_181' title='bbox 688 2028 1085 2090; x_wconf 63' lang='grc' dir='ltr'>συνεπιτιθεμενοι</span> <span class='ocrx_word' id='word_1_182' title='bbox 1125 2032 1218 2078; x_wconf 90' lang='grc' dir='ltr'>τῶν</span> <span class='ocrx_word' id='word_1_183' title='bbox 1260 2028 1550 2094; x_wconf 80' lang='grc' dir='ltr'>ἑτερογενῶν,</span> <span class='ocrx_word' id='word_1_184' title='bbox 1590 2030 1652 2082; x_wconf 88' lang='grc' dir='ltr'>ὡς</span> <span class='ocrx_word' id='word_1_185' title='bbox 1693 2029 1882 2094; x_wconf 80' lang='grc' dir='ltr'>ὀλίγους</span> <span class='ocrx_word' id='word_1_186' title='bbox 1904 2055 1952 2079; x_wconf 87' lang='lat'>20</span> 
     </span>
     <span class='ocr_line' id='line_1_22' title="bbox 302 2105 1876 2178; baseline 0.003 -22"><span class='ocrx_word' id='word_1_187' title='bbox 302 2112 558 2169; x_wconf 85' lang='grc' dir='ltr'>παντελῶς,</span> <span class='ocrx_word' id='word_1_188' title='bbox 597 2105 627 2172; x_wconf 76' lang='grc' dir='ltr'>ἦ</span> <span class='ocrx_word' id='word_1_189' title='bbox 671 2108 846 2172; x_wconf 82' lang='grc' dir='ltr'>μηδένα</span> <span class='ocrx_word' id='word_1_190' title='bbox 884 2108 1164 2176; x_wconf 78' lang='grc' dir='ltr'>τοπαράπαν</span> <span class='ocrx_word' id='word_1_191' title='bbox 1204 2114 1402 2177; x_wconf 81' lang='grc' dir='ltr'>ἰσχῦσαι</span> <span class='ocrx_word' id='word_1_192' title='bbox 1450 2112 1711 2178; x_wconf 84' lang='grc' dir='ltr'>διαφυγεῖν.</span> <span class='ocrx_word' id='word_1_193' title='bbox 1777 2112 1876 2162; x_wconf 83' lang='grc' dir='ltr'>ἐπι-</span> 
     </span>
     <span class='ocr_line' id='line_1_23' title="bbox 301 2187 1877 2257; baseline 0.003 -18"><span class='ocrx_word' id='word_1_194' title='bbox 301 2187 495 2255; x_wconf 72' lang='grc' dir='ltr'>τωθάζει</span> <span class='ocrx_word' id='word_1_195' title='bbox 532 2189 588 2254; x_wconf 86' lang='grc' dir='ltr'>δὴ</span> <span class='ocrx_word' id='word_1_196' title='bbox 615 2191 695 2240; x_wconf 78' lang='grc' dir='ltr'>οὖν</span> <span class='ocrx_word' id='word_1_197' title='bbox 722 2192 746 2241; x_wconf 86' lang='grc' dir='ltr'><em>ὁ</em></span> <span class='ocrx_word' id='word_1_198' title='bbox 773 2191 918 2257; x_wconf 88' lang='grc' dir='ltr'>λόγος</span> <span class='ocrx_word' id='word_1_199' title='bbox 949 2192 1115 2254; x_wconf 80' lang='grc' dir='ltr'>αὐτοῖς,</span> <span class='ocrx_word' id='word_1_200' title='bbox 1143 2194 1218 2242; x_wconf 76' lang='grc' dir='ltr'>καὶ</span> <span class='ocrx_word' id='word_1_201' title='bbox 1257 2191 1491 2245; x_wconf 77' lang='grc' dir='ltr'>οἱονείπως</span> <span class='ocrx_word' id='word_1_202' title='bbox 1516 2194 1563 2242; x_wconf 85' lang='grc' dir='ltr'>ἐν</span> <span class='ocrx_word' id='word_1_203' title='bbox 1588 2192 1687 2256; x_wconf 76' lang='grc' dir='ltr'>ἤθει</span> <span class='ocrx_word' id='word_1_204' title='bbox 1725 2215 1877 2243; x_wconf 80' lang='grc' dir='ltr'>κατει-</span> 
     </span>
     <span class='ocr_line' id='line_1_24' title="bbox 300 2270 1882 2347; baseline 0.004 -27"><span class='ocrx_word' id='word_1_205' title='bbox 300 2270 546 2337; x_wconf 80' lang='grc' dir='ltr'>ρωνεύεται</span> <span class='ocrx_word' id='word_1_206' title='bbox 572 2273 652 2322; x_wconf 89' lang='grc' dir='ltr'>καί</span> <span class='ocrx_word' id='word_1_207' title='bbox 679 2280 830 2341; x_wconf 89' lang='grc' dir='ltr'>φησιν</span> <span class='ocrx_word' id='word_1_208' title='bbox 858 2279 908 2324; x_wconf 79' lang='grc' dir='ltr'>Εἰ</span> <span class='ocrx_word' id='word_1_209' title='bbox 934 2277 1178 2347; x_wconf 67' lang='grc' dir='ltr'>λῃστρικῆς</span> <span class='ocrx_word' id='word_1_210' title='bbox 1204 2273 1376 2343; x_wconf 84' lang='grc' dir='ltr'>ἐφόδου</span> <span class='ocrx_word' id='word_1_211' title='bbox 1401 2275 1673 2340; x_wconf 83' lang='grc' dir='ltr'>πεπείρασο,</span> <span class='ocrx_word' id='word_1_212' title='bbox 1702 2275 1782 2325; x_wconf 86' lang='grc' dir='ltr'>καί</span> <span class='ocrx_word' id='word_1_213' title='bbox 1802 2298 1882 2326; x_wconf 92' lang='grc' dir='ltr'>σοι</span> 
     </span>
     <span class='ocr_line' id='line_1_25' title="bbox 301 2351 1881 2426; baseline 0.003 -24"><span class='ocrx_word' id='word_1_214' title='bbox 301 2351 361 2402; x_wconf 80' lang='grc' dir='ltr'>τὰ</span> <span class='ocrx_word' id='word_1_215' title='bbox 389 2358 607 2405; x_wconf 81' lang='grc' dir='ltr'>κλεπτῶν</span> <span class='ocrx_word' id='word_1_216' title='bbox 631 2355 910 2422; x_wconf 82' lang='grc' dir='ltr'>ἐπεφοίτησε</span> <span class='ocrx_word' id='word_1_217' title='bbox 935 2356 1061 2422; x_wconf 82' lang='grc' dir='ltr'>γένη,</span> <span class='ocrx_word' id='word_1_218' title='bbox 1087 2357 1170 2407; x_wconf 80' lang='grc' dir='ltr'>οὐκ</span> <span class='ocrx_word' id='word_1_219' title='bbox 1197 2356 1254 2407; x_wconf 77' lang='grc' dir='ltr'>ἂν</span> <span class='ocrx_word' id='word_1_220' title='bbox 1280 2356 1584 2422; x_wconf 78' lang='grc' dir='ltr'>ἠρκέσθησαν</span> <span class='ocrx_word' id='word_1_221' title='bbox 1609 2361 1676 2426; x_wconf 73' lang='grc' dir='ltr'>τῷ</span> <span class='ocrx_word' id='word_1_222' title='bbox 1702 2361 1881 2421; x_wconf 80' lang='grc' dir='ltr'>λαβεῖν,</span> 
     </span>
    </p>

    <p class='ocr_par' dir='ltr' id='par_1_8' title="bbox 257 2432 2001 2672">
     <span class='ocr_line' id='line_1_26' title="bbox 257 2432 2001 2503; baseline 0.002 -18"><span class='ocrx_word' id='word_1_223' title='bbox 257 2442 284 2481; x_wconf 84' lang='lat' dir='ltr'>d</span> <span class='ocrx_word' id='word_1_224' title='bbox 303 2432 421 2501; x_wconf 80' lang='grc' dir='ltr'>ἅπερ</span> <span class='ocrx_word' id='word_1_225' title='bbox 447 2435 503 2500; x_wconf 84' lang='grc' dir='ltr'>ἧν</span> <span class='ocrx_word' id='word_1_226' title='bbox 532 2435 650 2490; x_wconf 77' lang='grc' dir='ltr'>εἰκὸς</span> <span class='ocrx_word' id='word_1_227' title='bbox 681 2437 893 2503; x_wconf 74' lang='grc' dir='ltr'>ἀρκέσειν</span> <span class='ocrx_word' id='word_1_228' title='bbox 920 2439 1108 2500; x_wconf 72' lang='grc' dir='ltr'>αὐτοῖς,</span> <span class='ocrx_word' id='word_1_229' title='bbox 1153 2442 1189 2489; x_wconf 81' lang='grc' dir='ltr'>εἰ</span> <span class='ocrx_word' id='word_1_230' title='bbox 1226 2437 1274 2489; x_wconf 77' lang='grc' dir='ltr'>δὲ</span> <span class='ocrx_word' id='word_1_231' title='bbox 1309 2438 1364 2501; x_wconf 86' lang='grc' dir='ltr'>δὴ</span> <span class='ocrx_word' id='word_1_232' title='bbox 1393 2440 1467 2489; x_wconf 75' lang='grc' dir='ltr'>καὶ</span> <span class='ocrx_word' id='word_1_233' title='bbox 1502 2438 1715 2502; x_wconf 79' lang='grc' dir='ltr'>ἀμπέλου</span> <span class='ocrx_word' id='word_1_234' title='bbox 1750 2438 1880 2503; x_wconf 83' lang='grc' dir='ltr'>δίκην</span> <span class='ocrx_word' id='word_1_235' title='bbox 1902 2461 1948 2498; x_wconf 88' lang='lat'>25</span> <span class='ocrx_word' id='word_1_236' title='bbox 1996 2467 2001 2483; x_wconf 64' lang='grc' dir='ltr'>ε</span> 
     </span>
     <span class='ocr_line' id='line_1_27' title="bbox 301 2517 1874 2589; baseline 0.002 -22"><span class='ocrx_word' id='word_1_237' title='bbox 301 2517 566 2588; x_wconf 75' lang='grc' dir='ltr'>ἀπετρῦγων</span> <span class='ocrx_word' id='word_1_238' title='bbox 591 2518 721 2581; x_wconf 80' lang='grc' dir='ltr'>τινὲς,</span> <span class='ocrx_word' id='word_1_239' title='bbox 749 2520 831 2570; x_wconf 80' lang='grc' dir='ltr'>οὐκ</span> <span class='ocrx_word' id='word_1_240' title='bbox 857 2518 914 2570; x_wconf 80' lang='grc' dir='ltr'>ἂν</span> <span class='ocrx_word' id='word_1_241' title='bbox 940 2519 1149 2572; x_wconf 85' lang='grc' dir='ltr'>διέλαθεν</span> <span class='ocrx_word' id='word_1_242' title='bbox 1174 2521 1202 2585; x_wconf 84' lang='grc' dir='ltr'>ἡ</span> <span class='ocrx_word' id='word_1_243' title='bbox 1230 2522 1493 2589; x_wconf 64' lang='grc' dir='ltr'>ἐπιφυλλὶς,</span> <span class='ocrx_word' id='word_1_244' title='bbox 1521 2521 1666 2571; x_wconf 86' lang='grc' dir='ltr'>καίτοι</span> <span class='ocrx_word' id='word_1_245' title='bbox 1693 2544 1874 2586; x_wconf 90' lang='grc' dir='ltr'>περιερ-</span> 
     </span>
     <span class='ocr_line' id='line_1_28' title="bbox 299 2597 1875 2672; baseline 0.002 -22"><span class='ocrx_word' id='word_1_246' title='bbox 299 2597 501 2665; x_wconf 88' lang='grc' dir='ltr'>γότατον</span> <span class='ocrx_word' id='word_1_247' title='bbox 526 2599 639 2651; x_wconf 80' lang='grc' dir='ltr'>ὄντα</span> <span class='ocrx_word' id='word_1_248' title='bbox 665 2602 788 2664; x_wconf 80' lang='grc' dir='ltr'>λίαν,</span> <span class='ocrx_word' id='word_1_249' title='bbox 809 2606 903 2652; x_wconf 91' lang='grc' dir='ltr'>τῶν</span> <span class='ocrx_word' id='word_1_250' title='bbox 929 2604 1201 2669; x_wconf 83' lang='grc' dir='ltr'>ἀποτρυγᾶν</span> <span class='ocrx_word' id='word_1_251' title='bbox 1227 2603 1454 2654; x_wconf 79' lang='grc' dir='ltr'>εἰωθότων</span> <span class='ocrx_word' id='word_1_252' title='bbox 1480 2601 1561 2653; x_wconf 79' lang='grc' dir='ltr'>τὸν</span> <span class='ocrx_word' id='word_1_253' title='bbox 1587 2601 1841 2672; x_wconf 84' lang='grc' dir='ltr'>ὀφθαλμόν</span> <span class='ocrx_word' id='word_1_254' title='bbox 1863 2625 1875 2665; x_wconf 80' lang='lat'><em>3</em></span> 
     </span>
    </p>
   </div>
   <div class='ocr_carea' id='block_1_7' title="bbox 301 2730 1882 3013">
    <p class='ocr_par' dir='ltr' id='par_1_9' title="bbox 302 2730 1882 3013">
     <span class='ocr_line' id='line_1_29' title="bbox 351 2730 1882 2779; baseline 0.002 -14"><span class='ocrx_word' id='word_1_255' title='bbox 351 2742 381 2765; x_wconf 92' lang='grc' dir='ltr'>Ι.</span> <span class='ocrx_word' id='word_1_256' title='bbox 407 2731 566 2777; x_wconf 75' lang='grc' dir='ltr'>ἔσεσθαι]</span> <span class='ocrx_word' id='word_1_257' title='bbox 586 2730 668 2766; x_wconf 85' lang='grc' dir='ltr'>εἰναι</span> <span class='ocrx_word' id='word_1_258' title='bbox 687 2732 778 2767; x_wconf 86' lang='lat' dir='ltr'>Edd.</span> <span class='ocrx_word' id='word_1_259' title='bbox 971 2747 1004 2776; x_wconf 90' lang='lat'>4.</span> <span class='ocrx_word' id='word_1_260' title='bbox 1030 2733 1222 2779; x_wconf 75' lang='grc' dir='ltr'>ἁπαντιιχῆ]</span> <span class='ocrx_word' id='word_1_261' title='bbox 1241 2735 1394 2778; x_wconf 84' lang='grc' dir='ltr'>πανταχῆ</span> <span class='ocrx_word' id='word_1_262' title='bbox 1416 2733 1460 2767; x_wconf 91' lang='lat' dir='ltr'>D.</span> <span class='ocrx_word' id='word_1_263' title='bbox 1480 2733 1538 2767; x_wconf 83' lang='lat' dir='ltr'>iid.</span> <span class='ocrx_word' id='word_1_264' title='bbox 1719 2744 1749 2779; x_wconf 82' lang='lat'>7.</span> <span class='ocrx_word' id='word_1_265' title='bbox 1775 2735 1882 2778; x_wconf 88' lang='grc' dir='ltr'>μάτην</span> 
     </span>
     <span class='ocr_line' id='line_1_30' title="bbox 301 2778 1878 2826; baseline 0.003 -16.003"><span class='ocrx_word' id='word_1_266' title='bbox 301 2778 446 2812; x_wconf 74' lang='lat' dir='ltr'>accessit</span> <span class='ocrx_word' id='word_1_267' title='bbox 462 2790 503 2812; x_wconf 83' lang='lat' dir='ltr'>ex</span> <span class='ocrx_word' id='word_1_268' title='bbox 523 2779 562 2813; x_wconf 92' lang='lat' dir='ltr'>B.</span> <span class='ocrx_word' id='word_1_269' title='bbox 581 2786 661 2824; x_wconf 86' lang='lat' dir='ltr'><strong>post</strong></span> <span class='ocrx_word' id='word_1_270' title='bbox 678 2782 796 2814; x_wconf 84' lang='grc' dir='ltr'>καταλ.</span> <span class='ocrx_word' id='word_1_271' title='bbox 815 2780 913 2824; x_wconf 83' lang='lat' dir='ltr'>ponit</span> <span class='ocrx_word' id='word_1_272' title='bbox 931 2781 977 2814; x_wconf 90' lang='lat' dir='ltr'>D.</span> <span class='ocrx_word' id='word_1_273' title='bbox 1029 2780 1223 2826; x_wconf 82' lang='grc' dir='ltr'>κατῴκησας</span> <span class='ocrx_word' id='word_1_274' title='bbox 1243 2782 1286 2814; x_wconf 94' lang='lat' dir='ltr'>D.</span> <span class='ocrx_word' id='word_1_275' title='bbox 1307 2781 1397 2814; x_wconf 87' lang='lat' dir='ltr'>Edd.</span> <span class='ocrx_word' id='word_1_276' title='bbox 1597 2781 1629 2815; x_wconf 88' lang='lat'>8.</span> <span class='ocrx_word' id='word_1_277' title='bbox 1657 2779 1712 2826; x_wconf 87' lang='grc' dir='ltr'>τὸ]</span> <span class='ocrx_word' id='word_1_278' title='bbox 1732 2797 1768 2815; x_wconf 88' lang='grc' dir='ltr'>τε</span> <span class='ocrx_word' id='word_1_279' title='bbox 1787 2781 1878 2815; x_wconf 86' lang='lat' dir='ltr'>Edd.</span> 
     </span>
     <span class='ocr_line' id='line_1_31' title="bbox 303 2825 1879 2873; baseline 0.003 -16"><span class='ocrx_word' id='word_1_280' title='bbox 303 2836 335 2867; x_wconf 87' lang='lat'>9.</span> <span class='ocrx_word' id='word_1_281' title='bbox 361 2825 508 2869; x_wconf 80' lang='grc' dir='ltr'>ἐναέριον</span> <span class='ocrx_word' id='word_1_282' title='bbox 524 2825 679 2871; x_wconf 81' lang='grc' dir='ltr'>αὐτου]’</span> <span class='ocrx_word' id='word_1_283' title='bbox 663 2842 698 2860; x_wconf 82' lang='grc' dir='ltr'>εν</span> <span class='ocrx_word' id='word_1_284' title='bbox 714 2827 837 2871; x_wconf 79' lang='grc' dir='ltr'>ἀερίοις</span> <span class='ocrx_word' id='word_1_285' title='bbox 854 2828 965 2863; x_wconf 79' lang='grc' dir='ltr'>αὐτοῖς</span> <span class='ocrx_word' id='word_1_286' title='bbox 983 2827 1040 2861; x_wconf 82' lang='lat' dir='ltr'>iid.</span> <span class='ocrx_word' id='word_1_287' title='bbox 1061 2829 1095 2862; x_wconf 84' lang='grc' dir='ltr'>ἐν</span> <span class='ocrx_word' id='word_1_288' title='bbox 1111 2829 1250 2871; x_wconf 72' lang='grc' dir='ltr'>ἄστροις</span> <span class='ocrx_word' id='word_1_289' title='bbox 1266 2827 1378 2862; x_wconf 80' lang='grc' dir='ltr'>αυτοῖς</span> <span class='ocrx_word' id='word_1_290' title='bbox 1398 2827 1443 2860; x_wconf 93' lang='lat' dir='ltr'>D.</span> <span class='ocrx_word' id='word_1_291' title='bbox 1679 2839 1731 2862; x_wconf 93' lang='lat'>10.</span> <span class='ocrx_word' id='word_1_292' title='bbox 1759 2827 1879 2873; x_wconf 82' lang='grc' dir='ltr'>καταῤ-</span> 
     </span>
     <span class='ocr_line' id='line_1_32' title="bbox 302 2869 1878 2926; baseline 0.003 -22"><span class='ocrx_word' id='word_1_293' title='bbox 302 2869 476 2926; x_wconf 81' lang='grc' dir='ltr'>ῥαχθὴσῃ]</span> <span class='ocrx_word' id='word_1_294' title='bbox 496 2874 690 2917; x_wconf 80' lang='grc' dir='ltr'>καταρθὴσῃ</span> <span class='ocrx_word' id='word_1_295' title='bbox 709 2873 800 2908; x_wconf 86' lang='lat' dir='ltr'>Edd.</span> <span class='ocrx_word' id='word_1_296' title='bbox 1048 2885 1101 2919; x_wconf 85' lang='lat'>15.</span> <span class='ocrx_word' id='word_1_297' title='bbox 1127 2872 1370 2919; x_wconf 80' lang='grc' dir='ltr'>ἐπιφυλλιδιις]</span> <span class='ocrx_word' id='word_1_298' title='bbox 1393 2874 1450 2908; x_wconf 84' lang='lat' dir='ltr'>Sic</span> <span class='ocrx_word' id='word_1_299' title='bbox 1467 2874 1558 2908; x_wconf 80' lang='lat' dir='ltr'>edidi</span> <span class='ocrx_word' id='word_1_300' title='bbox 1575 2887 1616 2908; x_wconf 79' lang='lat' dir='ltr'>ex</span> <span class='ocrx_word' id='word_1_301' title='bbox 1637 2874 1677 2908; x_wconf 88' lang='lat' dir='ltr'>B.</span> <span class='ocrx_word' id='word_1_302' title='bbox 1698 2875 1799 2918; x_wconf 80' lang='lat' dir='ltr'>(XII.</span> <span class='ocrx_word' id='word_1_303' title='bbox 1819 2876 1878 2920; x_wconf 77' lang='lat' dir='ltr'>qui</span> 
     </span>
     <span class='ocr_line' id='line_1_33' title="bbox 302 2918 1878 2977; baseline 0.003 -27"><span class='ocrx_word' id='word_1_304' title='bbox 302 2931 356 2950; x_wconf 85' lang='grc' dir='ltr'>επι</span> <span class='ocrx_word' id='word_1_305' title='bbox 374 2919 414 2961; x_wconf 87' lang='grc' dir='ltr'>φ.</span> <span class='ocrx_word' id='word_1_306' title='bbox 433 2918 498 2952; x_wconf 78' lang='lat' dir='ltr'>dn</span> <span class='ocrx_word' id='word_1_307' title='bbox 491 2920 570 2953; x_wconf 83' lang='lat' dir='ltr'>lsim</span> <span class='ocrx_word' id='word_1_308' title='bbox 587 2920 706 2963; x_wconf 78' lang='lat' dir='ltr'><strong>habet)</strong></span> <span class='ocrx_word' id='word_1_309' title='bbox 724 2921 927 2965; x_wconf 80' lang='grc' dir='ltr'>ἐπιφυλίδας</span> <span class='ocrx_word' id='word_1_310' title='bbox 946 2921 987 2955; x_wconf 89' lang='grc' dir='ltr'>Β.</span> <span class='ocrx_word' id='word_1_311' title='bbox 1007 2921 1216 2966; x_wconf 79' lang='grc' dir='ltr'>ἐπιφυλλίδα</span> <span class='ocrx_word' id='word_1_312' title='bbox 1235 2921 1813 2977; x_wconf 74' lang='grc' dir='ltr'>Β.Ε(1(Ι.17.ῥωχμιις</span> <span class='ocrx_word' id='word_1_313' title='bbox 1834 2922 1878 2977; x_wconf 81' lang='lat' dir='ltr'>D.</span> 
     </span>
     <span class='ocr_line' id='line_1_34' title="bbox 303 2962 1877 3013; baseline 0.005 -17"><span class='ocrx_word' id='word_1_314' title='bbox 303 2962 394 2998; x_wconf 89' lang='lat' dir='ltr'>Edd</span> <span class='ocrx_word' id='word_1_315' title='bbox 410 2964 451 3009; x_wconf 89' lang='grc' dir='ltr'>ῥο</span> <span class='ocrx_word' id='word_1_316' title='bbox 454 2966 541 3010; x_wconf 78' lang='grc' dir='ltr'>χμὰς</span> <span class='ocrx_word' id='word_1_317' title='bbox 559 2966 600 3000; x_wconf 92' lang='grc' dir='ltr'>Β.</span> <span class='ocrx_word' id='word_1_318' title='bbox 791 2978 845 3002; x_wconf 89' lang='lat'>22.</span> <span class='ocrx_word' id='word_1_319' title='bbox 875 2968 1005 3002; x_wconf 84' lang='lat' dir='ltr'>Haec‘</span> <span class='ocrx_word' id='word_1_320' title='bbox 989 2983 1022 3002; x_wconf 85' lang='grc' dir='ltr'>εν</span> <span class='ocrx_word' id='word_1_321' title='bbox 1039 2970 1110 3013; x_wconf 75' lang='grc' dir='ltr'>ἤθει</span> <span class='ocrx_word' id='word_1_322' title='bbox 1127 2973 1346 3003; x_wconf 80' lang='lat' dir='ltr'>accesserunt</span> <span class='ocrx_word' id='word_1_323' title='bbox 1363 2979 1402 3001; x_wconf 88' lang='lat' dir='ltr'>ex</span> <span class='ocrx_word' id='word_1_324' title='bbox 1423 2967 1515 3002; x_wconf 87' lang='lat' dir='ltr'>B.D.</span> <span class='ocrx_word' id='word_1_325' title='bbox 1700 2979 1754 3011; x_wconf 88' lang='lat'>24.</span> <span class='ocrx_word' id='word_1_326' title='bbox 1781 2967 1877 3011; x_wconf 84' lang='grc' dir='ltr'>ἠρκέ-</span> 
     </span>
    </p>
   </div>
   <div class='ocr_carea' id='block_1_8' title="bbox 303 2980 727 3056">
    <p class='ocr_par' dir='ltr' id='par_1_10' title="bbox 303 2980 727 3056">
     <span class='ocr_line' id='line_1_35' title="bbox 303 2980 727 3056; baseline 0.012 -13"><span class='ocrx_word' id='word_1_327' title='bbox 303 2980 476 3056; x_wconf 69' lang='grc' dir='ltr'>σθησαν]Χ</span> <span class='ocrx_word' id='word_1_328' title='bbox 474 3014 618 3056; x_wconf 72' lang='grc' dir='ltr'>ἤρκεσαν</span> <span class='ocrx_word' id='word_1_329' title='bbox 637 3012 727 3048; x_wconf 86' lang='lat' dir='ltr'>Edd.</span> 
     </span>
    </p>
   </div>
   <div class='ocr_carea' id='block_1_9' title="bbox 1981 10 2021 3434">
    <p class='ocr_par' dir='ltr' id='par_1_11' title="bbox 1981 10 2021 3434">
     <span class='ocr_line' id='line_1_36' title="bbox 1981 10 2021 3434; baseline 0 0"><span class='ocrx_word' id='word_1_330' title='bbox 1981 10 2021 3434; x_wconf 95' lang='lat' dir='ltr'> </span> 
     </span>
    </p>
   </div>
  </div>
 </body>
</html>
