2021 3434
75 660 98 698 5

52 1778 98 1817 15

53 2193 99 2219 20

119 206 146 246 i.
174 217 321 261 13-15.
610 208 683 249 IN
724 208 915 249 AMOS.
975 208 1123 249 TOM.
1157 208 1191 249 Ι.
1605 208 1685 247 395

191 315 546 380 Ἐκτελευτήσει
584 315 640 380 δὴ
677 317 757 367 οὖν
796 320 857 370 εἰς
901 322 996 382 πῦρ
1039 339 1088 367 τε
1128 318 1202 366 καὶ
1241 313 1430 384 φλόγας
1455 313 1508 364 τὸ
1534 317 1689 377 μισεῖν

117 394 367 464 ἀδελφοὺς,
401 399 475 447 καὶ
510 398 938 467 κατεξανίστασθαι
976 402 1069 449 τῶν
1102 397 1159 466 ἐξ
1192 397 1397 461 αἵματος,
1423 394 1452 460 ἢ
1487 397 1561 446 καὶ
1595 398 1690 445 τῶν

116 477 173 546 ἐξ
191 476 466 543 οἰκειότητος
491 482 573 543 τῆς
603 483 912 544 πνευματικῆς
937 479 1308 546 συνειλεγμένων
1333 484 1395 532 εἰς
1421 479 1588 529 ἕνωσιν
1614 479 1688 527 καὶ
1708 488 1733 527 b

116 560 399 627 ὁμοψυχίαν·
457 560 758 625 ἀπήλλακται
802 561 850 612 δὲ
893 566 987 613 τῶν
1034 561 1255 612 τοιούτων
1306 565 1459 612 κακῶν
1502 558 1561 610 τὰ
1608 561 1689 622 τῆς

117 639 301 706 ἀγάπης
340 640 598 709 αὐχήματα.

116 969 228 1011 Τάδε
267 971 379 1018 λέΓει
423 969 570 1027 Κύριος
597 970 698 1011 Ἐπί
736 967 827 1011 ταῖς
858 970 989 1026 τρισίν
1028 969 1238 1019 ἀσεβείαις
1276 967 1378 1010 υίῶν
1406 968 1581 1017 Ἀμμὼν
1621 968 1687 1008 καὶ
1712 980 1756 1015 13

181 1053 251 1095 ἐπὶ
297 1051 389 1095 ταῖς
436 1055 658 1110 τέσσαρσιν
707 1053 782 1094 οὐκ
831 1054 1220 1110 ἀποστραφύσομαι
1268 1051 1434 1103 αὐτοὺς,
1484 1052 1574 1093 ἀνθ’
1629 1049 1688 1092 ὧν

180 1137 390 1194 ἀνέσχιζον
427 1138 502 1179 τὰς
539 1138 582 1179 ὲν
621 1138 765 1194 Γαστρί
802 1137 978 1193 ἐχούσας
1014 1137 1099 1178 τῶν
1140 1136 1429 1186 Γαλααὸιτών,
1464 1137 1584 1177 ὅπως
1621 1136 1692 1183 ἐμ-

180 1221 449 1262 Πλατύνωσιν
491 1220 542 1262 τὰ
591 1222 685 1277 ὅρια
735 1219 891 1262 αὐτῶν.
954 1220 1022 1261 καί
1061 1220 1216 1270 ἀνάψω
1254 1222 1331 1276 Πῦρ
1371 1219 1440 1260 ὲΠί
1482 1219 1533 1260 τὰ
1577 1217 1690 1274 τείχΗ
1716 1227 1761 1260 14

174 1303 348 1356 ‘Passssd‚
397 1303 465 1345 καὶ
513 1305 806 1360 καταφάΓεται
859 1306 1032 1353 θεμέλια
1087 1304 1215 1345 αὐτῆς
1263 1304 1368 1352 μετὰ
1419 1308 1598 1360 xpum-Fue
1646 1303 1689 1344 ὲν

181 1387 317 1447 ἡμέρα
362 1388 563 1439 Πολέμου,
611 1388 680 1429 καί
732 1388 997 1430 σεισθήσεται
1044 1387 1087 1428 ὲν
1142 1387 1280 1446 ἡμέρα
1326 1386 1568 1429 συντελείας
1617 1386 1731 1427 αὐ-Ο

179 1475 266 1522 τῆς,
307 1470 374 1512 καὶ
422 1472 703 1528 Πορεύσονται
745 1468 783 1512 οἰ
827 1468 1011 1521 βασιλεῖς
1055 1470 1196 1532 αὐγῶν
1237 1471 1282 1512 ἐν
1326 1468 1606 1529 αἰχμαλωσίᾳ,
1649 1468 1686 1510 οῖ
1713 1472 1757 1510 15

182 1551 307 1612 ἱερεῖς
355 1555 495 1597 αὐτῶν
549 1554 618 1596 καὶ
671 1552 709 1596 οἱ
761 1554 962 1612 ἄρχοντες
1011 1554 1152 1595 αὐτῶν
1202 1554 1270 1596 ἐπὶ
1319 1554 1366 1597 τὸ
1414 1554 1530 1605 αὐτὸ,
1580 1555 1689 1601 λέΓει

184 1637 344 1695 Κύριος.

191 1774 561 1843 Καταγράφεται
599 1780 673 1826 καὶ
699 1775 990 1844 Ἀμμανιτῶν
1023 1776 1051 1840 ἡ
1083 1779 1418 1839 Δαμασκηνῶν
1452 1772 1685 1841 ἀγριότης.

114 1855 398 1908 ἀπεκτόνασι
435 1855 528 1924 γὰρ
567 1857 641 1908 καὶ
680 1859 809 1908 αὐτοὶ
850 1857 936 1914 τέις
977 1859 1014 1910 ἐν
1051 1864 1213 1928 ’γεω-τρὶ
1256 1856 1450 1921 ἑχούσοις
1486 1855 1564 1908 τῶν
1601 1868 1691 1908 Γοι-

115 1935 353 2001 Amana,
392 1940 479 2006 οὐχ
509 1939 677 2006 ἑτέροις
711 1942 836 1991 τισὶν
870 1939 1193 2003 ἐπαμύνοντες,
1229 1941 1333 1991 οὕτε
1371 1940 1463 2004 μὴν
1501 1939 1692 1993 ὀθνείοις

115 2020 391 2087 δανείζοντες
421 2020 503 2076 τὰς
535 2020 691 2088 ὀργὰς,
718 2024 827 2072 ἀλλ’
856 2023 971 2089 ὑπερ
1002 2045 1056 2088 γε
1094 2027 1236 2091 σφῶν
1275 2023 1440 2085 αὐτῶν,
1470 2021 1525 2072 ἵν’
1555 2022 1687 2088 εὐρυ-

115 2103 250 2170 τέραν
291 2103 437 2171 ἔχοιεν
477 2102 562 2168 τὴν
602 2103 767 2172 ἀρχὴν,
812 2106 887 2155 καὶ
927 2104 1062 2172 μέχρι
1102 2110 1291 2156 πολλοῦ
1329 2103 1569 2169 διήκοντας
1609 2106 1736 2168 τῆςὰ

115 2186 362 2247 βασιλείας
399 2184 505 2239 τοὺς
537 2184 687 2252 ὅρους,
714 2187 1088 2255 καταδῃωθείσης
1123 2185 1313 2250 ἁπάσης
1351 2190 1432 2250 τῆς
1457 2187 1692 2237 Ἰουδαίων

115 2269 217 2332 γῆς,
267 2269 342 2318 καὶ
391 2269 805 2334 ἁνατετραμμένων
868 2268 1069 2320 εἰσάπαν
1119 2273 1213 2320 τῶν
1263 2268 1320 2337 ἐξ
1364 2267 1579 2334 Ἰσραὴλ,
1632 2271 1694 2322 ὡς

115 2349 400 2403 πεπονθότος
439 2353 563 2401 Θεοῦ
603 2348 657 2401 τὸ
699 2350 882 2413 ἅναλκι,
918 2354 994 2402 καὶ
1033 2349 1348 2415 ἠσθενηκότος
1386 2352 1573 2415 ἀληθῶς
1611 2356 1693 2401 τοῦ

117 2431 356 2498 διασώζειν
398 2431 763 2498 ἐπηγγελμένου,
809 2434 883 2483 καὶ
927 2438 1022 2486 τοῖς
1061 2437 1282 2495 πολεμεῖν
1320 2432 1564 2483 ἐθέλουσιν
1605 2434 1687 2483 ἀν-

117 2513 300 2567 άλωτον
325 2518 680 2586 ἀποφαίνοντος.
748 2515 931 2570 ἑλόντες
963 2516 1019 2580 δὴ
1052 2518 1132 2567 οὖν
1157 2518 1230 2567 καὶ
1264 2517 1389 2567 οὗτοι
1412 2516 1496 2570 τὰς
1518 2516 1691 2579 πόλεις,

169 2742 196 2765 1.
221 2733 339 2777 φλόγα
359 2732 399 2765 B.
726 2743 758 2776 3.
783 2733 841 2775 τῆς
859 2737 1078 2775 assumptum
1097 2743 1138 2765 ex
1158 2731 1200 2765 B.
1527 2744 1559 2774 4.
1585 2736 1691 2767 κακῶν

112 2784 337 2823 'assumptum
355 2791 396 2813 ex
415 2779 458 2813 A.
842 2786 874 2822 7.
900 2778 1019 2813 αὐτοὺς
1039 2778 1121 2812 B.F.
1141 2777 1231 2812 Edd.
1251 2778 1383 2822 (Alex.)
1401 2778 1501 2812 αὐτὸν
1517 2778 1560 2813 Α.
1580 2779 1689 2824 (Vat.)

123 2834 175 2858 10.
199 2823 329 2866 Ῥαββὰ
346 2825 436 2859 Α.Β.
456 2824 576 2869 (Alex.
596 2824 703 2868 XII.)
718 2824 870 2865 Ῥαββὰθ
888 2824 978 2858 Edd.
998 2824 1111 2868 (Vat.)
1308 2836 1359 2858 ΙΙ.
1387 2826 1582 2861 συντελείας
1598 2826 1690 2861 Α.Β.

120 2871 349 2907 συντελέσεως
370 2871 406 2905 F.
427 2871 518 2905 Edd.
538 2870 643 2916 (Co.)
940 2882 991 2905 12.
1016 2870 1239 2915 πορεύσονται
1257 2872 1287 2905 οἱ
1304 2873 1461 2912 βασιλεῖς
1477 2873 1584 2907 αὐτῶν
1600 2873 1689 2907 Α.Β.

118 2917 318 2962 πορεύσεται
336 2920 354 2951 ὁ
370 2919 534 2959 βασιλεὺς
551 2919 651 2961 αὐτῆς
671 2917 706 2951 F.
726 2916 817 2951 Edd.
1010 2926 1061 2962 15.
1087 2917 1106 2961 ἡ
1124 2918 1214 2953 Α.Β.
1233 2919 1276 2954 ὡς
1294 2918 1384 2953 Edd.
1549 2919 1601 2954 16.
1625 2920 1690 2965 ’γὰρ

119 2970 339 3009 assumptum
356 2976 398 2998 ex
417 2965 508 2998 A.B.
725 2975 776 3008 19.
803 2963 929 3010 ἔχοιεν]
948 2965 1055 3009 ἔχωσι
1074 2964 1164 2999 Edd.
1374 2976 1428 2999 20.
1453 2964 1615 3003 Ἰουδαίας
1632 2967 1691 3001 iid.

124 3019 177 3052 24.
203 3010 311 3057 οὗτοι]
327 3011 420 3045 αὐτοὶ
438 3012 480 3045 Α.

861 3079 884 3119 3
908 3079 931 3105 E
954 3079 976 3107 2
