2021 3434
12 1941 29 1960 S

103 242 140 268 V·
165 243 203 284 3-
489 231 562 271 IN
603 229 986 272 MICHAEAM.
1047 227 1198 269 TOM.
1231 226 1293 267 II.
1595 223 1677 264 677

106 337 164 406 ἐξ
209 338 362 389 αὐτῶν
412 340 599 393 εὐωδίας
647 339 1046 401 ἀναπίμπλασθαι
1097 341 1287 401 νοητῶς·
1354 335 1535 403 ἔφασκε
1585 331 1679 397 γάρ

107 426 134 448 “
159 420 288 485 Ἐγὼ
314 420 454 475 ἄνθος
479 428 561 472 τοῦ
586 423 759 484 πεδίου,
787 422 942 487 κρίνον
968 424 1061 470 τῶν
1092 418 1362 470 κοιλάδων.”
1427 419 1509 467 ἀπ’
1537 413 1678 484 ἀρχῆς
1740 418 1834 493 Ξᾶῃῖ·
1853 418 1888 448 fi·

106 501 154 553 δὲ
191 500 305 553 εἶναι
344 505 466 573 φησὶ
500 504 586 557 τας
613 500 779 573 ἑξόὸους
811 504 941 553 αὐτοῦ
972 504 1046 552 καὶ
1078 501 1123 570 ἐξ
1148 499 1304 569 ἦμερῶν
1330 498 1492 559 αἱῶνσς,
1527 496 1556 561 ἢ
1594 495 1720 559 τὴνο

104 583 386 650 προαιώνιον
433 584 634 653 ὕπαρξιν
671 590 753 635 τοῦ
789 583 948 648 Λόγου
992 583 1250 646 σημαίνων·
1305 581 1408 632 ε”στι
1446 579 1539 645 γὰρ
1578 579 1680 629 ε”στι

65 675 87 713 5
106 665 343 720 συναΐδιος
375 671 441 736 τῷ
479 666 577 735 ἰδίῳ
618 665 879 731 Γεννήτορι,
906 667 980 715 καὶ
1013 663 1151 717 αὐτὸς
1181 667 1275 713 τῶν
1307 662 1484 712 αἰώνων
1519 663 1544 711 ὁ
1577 683 1681 711 ποι-

105 746 231 812 ητής·
272 748 419 813 ἤγουν
459 747 528 798 ὅτι
568 747 732 813 γέγονε
772 747 856 809 μὲν
897 747 1140 813 ἄνθρωπος·
1185 748 1246 798 ὡς
1287 747 1335 795 ἐν
1375 743 1557 812 λοίσθῳ
1597 749 1681 793 τοῦ

106 833 271 883 αἰῶνος
309 834 466 899 καιρῷ,
505 831 777 895 προώριστο
814 828 963 893 γεμὴν
1002 830 1062 881 ὡς
1100 829 1148 878 ἐν
1188 826 1457 892 προγνώσει
1491 823 1681 891 Πατρὸς

105 912 179 961 καὶ
205 910 297 976 πρὸ
327 914 408 974 τῆς
443 915 537 961 τῶν
563 911 741 961 αἰώνων
769 913 1038 974 καταβολῆς
1065 909 1117 959 τὸ
1145 910 1212 960 ἐπ’
1243 910 1367 977 αὐτῷ
1403 908 1678 973 μυστήριον.

107 988 240 1061 ἔξοδον
265 994 420 1043 τοίνυν
444 994 594 1061 φησὶν
621 991 648 1057 ὴ
675 992 761 1056 τὴν
792 993 993 1060 ἄχρονον
1018 993 1068 1042 ἐκ
1094 995 1217 1042 Θεοῦ
1246 988 1435 1056 Πατρὸς
1462 988 1682 1054 γέννησιν

41 1095 88 1119 10
106 1077 166 1127 εἰς
206 1075 324 1125 ἰδίαν
354 1075 556 1142 ὕπαρξιν
587 1080 670 1125 τοῦ
696 1078 826 1136 Υὶοῦ,
872 1074 972 1139 ἤτοι
1010 1073 1095 1137 τὴν
1133 1072 1380 1141 ἀνάδειξιν,
1412 1070 1496 1134 τὴν
1535 1073 1597 1123 ὡς
1635 1072 1682 1121 ἐν

107 1161 280 1222 καιροῖς
315 1157 553 1220 ἐσομένην,
591 1155 666 1206 ὅτε
700 1156 863 1221 γε’γονε
897 1156 1040 1224 σάρξ,
1067 1159 1102 1206 εἰ
1134 1157 1208 1206 καὶ
1242 1158 1324 1205 ἀπ’
1354 1151 1494 1221 ἀρχῆς
1531 1155 1604 1203 καὶ
1637 1153 1682 1221 ἐξ

106 1238 261 1307 ἡμερῶν
301 1239 450 1293 αἱῶνος
488 1238 757 1305 προώριστό
795 1261 844 1288 τε
882 1241 958 1288 καὶ
1001 1239 1174 1289 τε’θειτο
1211 1235 1339 1303 παρὰ
1375 1241 1457 1286 τοῦ
1494 1233 1727 1300 Πατρὸςᾶ

108 1319 275 1386 Σωτήρ
317 1343 367 1370 τε
415 1322 489 1371 καὶ
534 1320 789 1386 λυτρωτὴς,
831 1321 914 1371 οὐκ
963 1319 1246 1385 ἠγνοηκότος
1289 1318 1348 1369 τὰ
1398 1316 1574 1386 μεταξὺ
1617 1320 1684 1386 τῷ

106 1403 383 1472 ἀνθρωπίνῳ
426 1401 544 1468 γε’νει
583 1401 932 1467 συμβησόμενα
975 1401 1050 1454 διὰ
1095 1400 1180 1466 τὴν
1221 1403 1268 1452 ἐν
1318 1399 1474 1463 Ἀδὰμ
1525 1398 1678 1466 παρά·

42 1494 88 1532 15
106 1488 267 1545 βασιν.

107 1684 186 1724 Διά
223 1686 344 1725 τοῦτο
382 1682 535 1726 δώσεις
572 1684 726 1725 αὐτοὺς
757 1686 840 1726 ἕως
873 1687 1019 1741 καιροῦ
1053 1685 1289 1725 τικτούσι-ιο.
1342 1685 1520 1735 τέξεται,
1547 1683 1615 1725 καὶ
1641 1682 1679 1725 οἱ
1701 1695 1722 1730 3

176 1767 392 1809 ἐπίλοιποι
428 1768 514 1808 τῶν
552 1767 755 1823 ἀδελφῶν
794 1767 935 1809 αὐτῶν
979 1768 1300 1824 ὲΠιστρὲψουσιν
1327 1766 1392 1808 ἐπὶ
1427 1768 1524 1808 τοὺς
1566 1765 1680 1808 υἱοὺς

169 1849 357 1907 Ἰσραήλ.

173 1974 364 2025 ’Έοικεν
405 1975 430 2025 ὃ
473 1975 742 2042 Προφήτηςἶ
769 1977 1108 2038 ἐντεθυμῆσθαι
1153 1976 1258 2025 καθ’
1298 1973 1461 2025 ἑαυτὸν
1505 1976 1683 2025 κάκεῖνο

43 2077 91 2102 20
110 2057 232 2124 τάχα
257 2080 348 2108 που
375 2057 728 2123 διαλογίζεσθαί
747 2080 796 2107 τε
822 2059 897 2107 καὶ
922 2056 1074 2122 λέγειν
1101 2058 1176 2108 Οὐ
1201 2056 1517 2125 ψευδοεπήσει
1545 2054 1680 2115 Θεὸς,

111 2141 394 2204 ἀποπερανεῖ
427 2138 475 2190 δὲ
512 2138 700 2192 πάντως
739 2138 798 2190 τὰ
829 2139 1166 2204 ἐπηγγελμένα.
1229 2140 1304 2189 καὶ
1331 2138 1455 2203 ε’ίπερ
1481 2139 1610 2188 ἐστὶν
1635 2139 1682 2188 ἐν
1701 2167 1723 2193 e

113 2227 349 2287 λαμπραῖς
387 2223 533 2276 οὕτως
565 2221 754 2273 ἐλπίσιν
789 2223 813 2272 ὁ
838 2219 1052 2287 Ἰσραὴλ,
1085 2223 1159 2271 καὶ
1193 2219 1566 2287 ἀποτεχθήσεται
1600 2219 1685 2283 μὲν

87 2304 264 2378 ἀὐτοῖς
306 2305 330 2353 ὁ
382 2303 650 2369 ἡγούμενος,
700 2303 917 2371 κατάρξει
969 2302 1029 2364 δὲ,
1075 2304 1148 2353 καὶ
1191 2301 1366 2355 παντὸς
1416 2300 1685 2370 ἀπαλλάξει

112 2391 267 2447 κακοῦ,
302 2386 351 2436 τί
383 2388 457 2437 καὶ
485 2385 609 2440 ὅλως
643 2385 776 2436 ἔσται
812 2386 1123 2450 δορίληπτος;
1170 2382 1267 2435 εἶτα
1291 2387 1373 2448 τῆς
1402 2384 1686 2450 ἐπαγγελίας

159 2551 192 2581 4.
209 2538 353 2583 ὕπαρξιν
370 2550 439 2573 om.
451 2539 495 2572 A.
544 2539 604 2582 τὴν
621 2550 682 2584 pro
699 2542 759 2573 τοῦ
773 2539 907 2584 Migne.
955 2540 1030 2573 ἔστι
1047 2539 1105 2572 alt.
1124 2544 1345 2583 assumptum
1363 2550 1404 2572 ex
1421 2538 1465 2573 A.
1559 2548 1593 2581 5.
1610 2553 1686 2584 γεν-

113 2584 226 2629 νήτορι
242 2586 285 2619 A.
304 2586 406 2630 πατρὶ
423 2585 515 2620 Edd.
565 2588 583 2619 ὁ
601 2598 670 2620 om.
688 2586 731 2620 A.
1046 2594 1076 2630 7.
1104 2587 1205 2631 καιρῷ
1224 2585 1268 2619 A.
1286 2588 1400 2628 καιροῦ
1418 2585 1509 2619 Edd.
1560 2585 1686 2619 Statim

111 2633 307 2677 προώριστο
325 2633 367 2666 Α.
385 2634 595 2677 προώρισται
611 2632 670 2666 iid.
765 2632 797 2665 8.
817 2636 883 2665 τῶν
899 2632 1025 2665 αἰώνων
1042 2632 1084 2666 Β.
1102 2635 1161 2666 τοῦ
1179 2633 1309 2675 κόσμου
1327 2631 1419 2665 Edd.
1516 2643 1547 2677 9.
1568 2631 1688 2674 ἔξοδον

112 2679 224 2713 τοίνυν
236 2679 279 2713 A.
299 2679 435 2721 ἐξόδους
452 2679 509 2713 οὖν
524 2679 614 2713 Edd.
664 2677 825 2723 ἄχρονον]
840 2680 990 2722 ἀχρόνως
1008 2680 1050 2712 A.
1101 2679 1136 2712 ἐκ
1149 2681 1235 2712 Θεοῦ
1254 2679 1320 2712 hoc
1333 2678 1455 2713 Ordine
1468 2679 1511 2713 A.
1526 2681 1585 2712 τοῦ
1597 2681 1686 2712 Θεοῦ

113 2726 148 2759 ἐκ
166 2725 257 2759 Edd.
275 2728 335 2759 τοῦ
351 2727 424 2760 υἱοῦ
441 2726 477 2759 ἐκ
496 2726 537 2760 Β.
638 2737 690 2760 10.
709 2724 797 2770 ἤτοι]
815 2727 917 2769 ἤγουν
930 2725 974 2758 Α.
1023 2726 1066 2760 ὧς
1083 2731 1304 2769 assumptum
1321 2737 1363 2759 ex
1376 2726 1420 2759 A.
1535 2736 1587 2759 11.
1607 2726 1686 2759 ε’σο-

112 2771 228 2817 μένην]
247 2772 426 2818 γενομένην
445 2773 486 2806 Β.
539 2771 634 2806 Haec
651 2771 706 2806 ἀπ’
725 2772 830 2817 ἀρχῆς
847 2772 900 2805 καὶ
917 2778 1135 2805 accesserunt
1152 2784 1193 2805 ex
1212 2772 1254 2805 A.
1494 2783 1546 2805 12.
1569 2771 1687 2807 αἰῶνος

113 2818 209 2852 deest
225 2820 262 2852 in
281 2819 371 2854 Edd.
389 2820 505 2853 invitis
523 2819 614 2852 A.B.
895 2830 947 2863 19.
974 2818 1216 2861 ἐντεθυμῆσθαι
1235 2820 1278 2852 A.
1297 2818 1389 2852 Edd.
1408 2818 1623 2861 ἐνθυμεῖσθαι
1642 2819 1684 2853 Β.

113 2865 242 2899 κάκεῖνο
259 2866 302 2899 A.
321 2865 425 2899 ἐκεῖνο
444 2865 535 2900 Edd.
587 2865 711 2899 Statim
728 2879 794 2898 που
811 2865 897 2909 τάχα
914 2866 1051 2898 inverso
1069 2865 1189 2898 ordine
1206 2866 1250 2899 A.
1420 2876 1475 2898 20.
1502 2865 1687 2910 ψευδοεπεῖ

114 2923 177 2956 pro
194 2911 426 2956 ψευδοεπὴσει
442 2913 486 2946 A.
645 2923 700 2945 21.
727 2910 843 2955 καίπερ
861 2923 923 2956 pro
941 2912 993 2945 καὶ
1011 2910 1103 2956 εἴπερ
1121 2912 1165 2945 A.
1317 2923 1371 2945 22.
1398 2912 1476 2946 ἐλπ.
1495 2911 1598 2947 οὕτως
1615 2912 1687 2947 inv.

114 2958 189 2992 ord.
208 2958 251 2992 A.
519 2970 573 3000 24.
599 2958 627 2991 εἶ
644 2969 707 3002 pro
724 2958 756 2991 τί
773 2959 817 2991 A.
867 2958 1083 3003 δωρόληπτος
1100 2958 1190 2992 Edd.
1210 2964 1288 2993 ante
1306 2958 1440 3004 Migne.
1490 2958 1614 3003 νοήσας
1630 2960 1688 3003 τῆς

115 3005 235 3050 ἐπαγγ.
255 3017 317 3050 pro
333 3008 392 3050 τῆς
409 3006 529 3050 ἐπαγγ.
549 3006 742 3048 ε’ννενοηκὼς
760 3007 802 3039 Α.
