2021 3434
327 212 410 251 588
716 213 766 253 Β.
805 212 1082 253 CYRILLI
1123 213 1502 253 ALEXANDR.
1781 211 1839 252 iii.
1856 221 1895 264 5.

284 299 311 340 d

287 368 309 406 5
332 332 406 374 Καὶ
435 333 685 375 ἐπίστευσαν
713 332 750 375 οἰ
777 333 928 391 ἄνδρες
957 333 1090 375 Νινευὶ
1125 335 1186 388 τῷ
1211 334 1320 388 Θεῷ,
1349 335 1417 375 καὶ
1452 333 1661 391 ἐκήρυξαν
1688 334 1898 384 νηστείαν,

395 417 463 458 καὶ
488 416 740 458 ἐνεδύσαντο
767 419 947 459 σάκκους
973 417 1057 460 ἀπὸ
1082 421 1232 474 μικροῦ
1258 419 1342 459 ἕως
1367 419 1551 466 μεΓάλου
1578 417 1732 459 αὐτῶν.

398 512 716 581 Ἐμφαντικὸς
741 514 766 564 ὃ
793 513 949 579 λόγος,
976 513 1308 566 πεπιστεύκασι
1336 513 1428 581 γὰρ
1459 521 1493 566 οἱ
1520 517 1568 565 ἐκ
1595 516 1741 566 Νινευῖ
1763 517 1900 583 φησι,

325 594 580 657 τουτέστιν,
617 599 659 646 οἱ
692 597 741 646 ἐκ
777 595 960 649 πόλεως
1000 599 1083 660 τῆς
1126 597 1198 663 ἐφ’
1241 595 1420 648 ἅπασιν
1465 598 1532 647 ἀεὶ
1573 601 1668 650 τοῖς
1711 594 1901 649 ἀτόποις

328 675 726 742 κατεγνωσμένης,
768 679 816 728 ἐν
852 676 882 746 ᾗ
919 676 1069 731 πολὺς
1112 676 1197 742 μὲν
1238 680 1312 729 καὶ
1351 680 1661 745 ἀναρίθμητος
1695 678 1942 733 εἶδώλων5

326 758 483 822 ἐσμὸς,
517 760 657 826 μυρία
695 759 743 810 δὲ
780 759 874 810 ὅσα
906 759 1083 824 τεμένη,
1119 763 1194 810 καὶ
1232 762 1280 811 ἐν
1318 764 1504 829 σπουδῇ
1545 760 1604 812 τοὶ
1641 759 1897 827 ἀπόρῥητα.

290 840 531 906 Θγοήτειαι
569 841 661 908 γὰρ
698 844 772 892 καὶ
812 842 1170 910 ψευδομαντειάι
1210 842 1269 893 τὰ
1310 844 1419 908 παρ’
1456 844 1610 896 αὐτοῖς
1651 843 1900 906 τιμώμενα,

328 926 402 974 καὶ
437 923 591 992 σοφὸς
629 923 685 989 ἧν
710 925 832 990 ἄγαν
858 926 882 975 ὁ
908 925 1150 991 περίεργον
1183 930 1279 979 τοῖς
1310 924 1504 991 ἄστροις
1532 923 1614 975 τὸν
1648 921 1903 992 ὀφθαλμὸν

328 1008 472 1066 ἐνιεὶς,
501 1008 575 1056 καὶ
607 1009 669 1060 εἷς
703 1007 843 1076 λῆξιν
877 1007 1001 1071 ἥκων
1039 1007 1246 1061 εὐκλείας
1277 1007 1302 1057 ὃ
1335 1005 1453 1073 πρὸς
1486 1011 1580 1059 πᾶν
1618 1007 1771 1057 ὁτιοῦν
1808 1010 1904 1056 τῶν

328 1086 516 1138 ἀτόπων
542 1089 746 1142 εὔκολος.
801 1088 931 1139 ἀλλὰ
956 1087 1288 1140 πεπιστεύκασι
1322 1096 1381 1159 τῷ
1407 1094 1505 1159 Θεῷ
1531 1088 1621 1140 ἀπὶ
1649 1090 1802 1157 μικροῦ
1826 1086 1902 1143 ἕως
1925 1107 1971 1132 10
2015 1102 2017 1108 '

327 1169 551 1236 μεγάλου,
587 1170 816 1234 τουτέστι,
855 1175 1120 1239 περιφανεῖς
1155 1194 1204 1222 τε
1235 1175 1310 1222 καὶ
1342 1172 1536 1236 ἄσημοι,
1581 1172 1790 1236 λαμπροὶ
1827 1172 1903 1221 καὶ

329 1252 692 1319 κατερῥιμμένοι,
721 1256 796 1304 καὶ
830 1257 871 1303 οἱ
907 1258 1007 1306 ταῖς
1041 1255 1089 1304 ἐκ
1123 1254 1334 1305 πλούτου
1365 1258 1563 1323 τρυφαῖς
1599 1250 1900 1320 ἐπιχεόμενοι,

328 1335 404 1383 καὶ
430 1337 471 1384 οἱ
496 1337 561 1402 τῷ
586 1337 668 1398 τῆς
692 1334 851 1388 πενίας
877 1335 1008 1402 ἄχθει
1034 1336 1416 1399 καταμεθύοντες·
1460 1337 1543 1399 μία
1567 1334 1616 1386 δὲ
1641 1333 1698 1399 ἦν
1725 1334 1905 1386 ἅπασιν

328 1413 568 1479 ἡσπουδὴ
619 1414 672 1467 τὸ
721 1421 817 1470 τοῖς
865 1423 947 1468 τοῦ
999 1416 1259 1485 Προφήτου
1309 1418 1673 1470 καταπείθεσθαι
1722 1417 1899 1483 λόγοις.

108 1517 193 1552 383
209 1516 260 1551 A.
290 1498 450 1563 ειμέγα
485 1497 532 1548 δὲ
567 1496 620 1549 τὸ
663 1502 836 1562 θαῦμα,
877 1501 952 1550 καὶ
988 1498 1139 1553 πολὺς
1179 1500 1301 1565 ἄγαν
1336 1505 1430 1551 τῶν
1462 1499 1841 1551 πεπιστευκότων
1879 1500 1972 1559 ὁι5

329 1579 527 1633 ἔπαινος.
606 1580 793 1631 ἕπονται
844 1581 936 1647 γὰρ
987 1580 1119 1634 εὐθὺς
1174 1583 1406 1647 ἀμελλητὶ
1448 1581 1566 1649 πρὸς
1615 1581 1669 1632 τὸ
1718 1582 1905 1646 ἄμεινον

329 1668 551 1713 καλοῦντι
588 1661 775 1726 λοιπὸν,
805 1666 879 1714 καὶ
913 1665 1146 1733 τρυφερὸν
1171 1670 1266 1718 τοῖς
1293 1665 1428 1718 θείοις
1466 1665 1764 1730 κηρύγμασιν
1798 1666 1905 1716 ὑπέ-

329 1766 470 1811 χουσι
510 1743 593 1796 τὸν
634 1745 818 1812 αὐχένα,
855 1749 930 1796 καὶ
972 1752 1109 1798 τοῦτο
1143 1748 1430 1813 ἀλλογενοῦς
1471 1749 1546 1798 καὶ
1586 1745 1685 1800 ἑνὸς
1722 1745 1904 1813 ἀνδρὸς,

331 1829 405 1877 καὶ
432 1829 484 1877 οὐ
507 1827 656 1878 πάλαι
684 1829 1040 1893 διεγνωσμένου,
1068 1835 1323 1883 καλοῦντος
1353 1832 1414 1882 εἰς
1439 1828 1752 1894 μετάγνωσιν.

402 1910 543 1960 Ἀλλ’
567 1908 652 1960 ὧδε
679 1909 764 1973 μὲν
791 1909 848 1960 τὰ
870 1914 1137 1963 Νινευιτῶν.
1181 1912 1205 1961 ὁ
1232 1912 1287 1962 δέ
1306 1935 1359 1977 γε
1384 1911 1688 1976 ἀπόπληκτος
1703 1909 1903 1978 Ἰσραὴλ
1925 1917 1973 1954 26

330 1992 510 2042 ἀπειθεῖ
542 1997 608 2062 τῷ
648 1992 788 2062 νόμῳ·
833 1998 1028 2060 διαγελᾶ
1062 1993 1120 2044 τὰ
1166 1994 1424 2057 Μωυσέως,
1463 1995 1594 2045 οὐδὲν
1631 1994 1808 2060 ἡγεῖται
1846 1994 1905 2045 τὰ
2006 1994 2010 2005 ’

330 2079 601 2141 προφητῶν.
670 2077 744 2126 καὶ
787 2077 835 2126 τί
875 2081 1012 2127 τοῦτο
1056 2076 1215 2141 λε’γως
1273 2076 1436 2143 γε’γονε
1477 2078 1552 2127 καὶ
1601 2075 1904 2143 κυριοκτόνος,

331 2156 434 2208 οὐδὲ
475 2158 598 2227 αὐτῷ
640 2156 911 2221 πειθόμενος
954 2162 1020 2227 τῷ
1063 2158 1253 2210 πάντων
1296 2159 1427 2222 ἡμῶν
1467 2162 1651 2226 Σωτῆρι
1691 2163 1903 2229 Χριστῷ.

286 2240 496 2290 Βοῦκοῦν
540 2242 587 2290 ἐν
627 2241 866 2304 ἀμείνοσιν
904 2239 960 2305 ἧν
1003 2239 1063 2291 τὰ
1106 2245 1370 2304 Νινευιτῶν,
1412 2243 1487 2292 καὶ
1530 2247 1668 2292 τοῦτο
1706 2243 1905 2310 δέδειχεν

332 2323 503 2388 ἀληθὲς
535 2325 563 2374 ὁ
598 2329 690 2375 τῶν
725 2324 850 2375 ὅλων
878 2323 1013 2383 Θεὸς,
1041 2327 1160 2376 οὕτω
1194 2348 1286 2376 που
1323 2325 1478 2391 λέγων
1505 2324 1623 2389 πρὸς
1648 2324 1730 2377 τὸν
1756 2326 1904 2389 μακά-
1925 2334 1971 2378 25
2010 2354 2012 2357 ·

113 2418 268 2479 Εκειςζϋὶ.
331 2428 431 2471 ριον
471 2405 721 2475 προφήτην
766 2405 985 2473 Ἰεζεκιήλ
1029 2415 1056 2435 “
1077 2407 1160 2458 Υἱὲ
1205 2407 1466 2474 ἀνθρώπου,
1509 2408 1680 2474 βάδιζε,
1722 2408 1905 2460 εἴσελθε

225 2484 232 2492 ’
333 2495 359 2517 “
384 2488 500 2553 πρὸς
549 2489 631 2540 τὸν
683 2486 809 2539 οἶκον
852 2495 935 2540 τοῦ
978 2488 1193 2555 Ἰσραὴλ,
1239 2491 1292 2540 οὐ
1340 2489 1457 2556 πρὸς
1508 2489 1652 2544 λαοὺς
1693 2490 1905 2545 πολλοὺς

333 2576 360 2598 “
386 2571 698 2640 ἀλλοφώνους
722 2569 751 2635 ὴ
777 2571 1176 2637 ἀλλογλώσσους,
1203 2570 1306 2622 οὐδὲ
1332 2570 1588 2638 στιβαροῦς
1612 2576 1669 2639 τῇ
1694 2573 1904 2642 γλώσσῃ

334 2658 361 2681 “
387 2651 538 2716 ὄντας,
582 2651 646 2704 ὧν
683 2654 764 2704 οὐκ
803 2653 984 2722 ἀκούσῃ
1025 2653 1130 2706 τοῦς
1172 2653 1344 2720 λόγους
1382 2655 1550 2704 αὐτῶν·
1595 2656 1670 2705 καὶ
1709 2658 1746 2705 εὶ
1788 2655 1905 2722 πρὸς

381 2798 412 2821 2.
431 2789 549 2832 μικροῦ
567 2787 626 2823 ἕως
642 2788 792 2833 μεγάλου
807 2788 849 2822 Β,
868 2788 1001 2831 (Alex.)
1017 2788 1168 2833 μεγάλου
1185 2788 1292 2822 αὐτῶν
1309 2787 1369 2823 ἕως
1385 2790 1503 2831 μικροῦ
1516 2788 1607 2823 Edd.
1621 2788 1731 2834 (Vat.)
1798 2796 1828 2834 7.
1845 2789 1904 2823 αὐ-

332 2837 398 2867 τῶν
416 2834 506 2868 Edd.
684 2846 736 2879 13.
760 2834 937 2878 μεθύοντες
956 2835 998 2868 Β.
1159 2846 1212 2877 14.
1238 2835 1414 2869 πείθεσθαι
1435 2835 1475 2869 Β.
1641 2836 1693 2870 16.
1719 2835 1900 2882 ἀμελλητὶ]

334 2881 391 2913 οὐκ
409 2880 547 2924 ἀμελητὶ
566 2881 657 2916 Edd.
678 2882 737 2916 οὐκ
754 2882 916 2925 ἀμελλητὶ
936 2882 1069 2925 Migne.
1240 2893 1294 2916 21.
1321 2883 1379 2915 τὸν
1397 2882 1525 2916 Μωσέα
1541 2882 1599 2917 iid.
1776 2893 1830 2928 23.
1857 2886 1902 2929 τῷ

332 2927 464 2960 πάντων
480 2928 570 2972 ἡμῶν
587 2931 714 2973 Σωτῆρι
732 2935 912 2973 assumpta
928 2940 969 2962 ex
988 2929 1029 2962 B.
1127 2937 1182 2971 25.
1207 2943 1272 2963 που
1290 2940 1359 2962 om.
1380 2929 1421 2963 B.
1469 2930 1528 2963 τὸν
1543 2944 1577 2973 μ.
1596 2930 1704 2975 προφ.
1723 2936 1904 2973 assumpta

333 2984 375 3005 ex
395 2973 434 3005 B.
600 2984 654 3019 27.
681 2978 740 3010 τοῦ
757 2982 789 3009 et
806 2976 956 3010 πολλοὺς
972 2975 1194 3018 ἀλλοφώνους
1211 2975 1228 3019 ἢ
1247 2983 1426 3020 assumpta
1443 2988 1483 3010 ex
1503 2976 1545 3011 B.
1709 2977 1762 3010 28.
1787 2977 1903 3020 βαρεῖς

333 3030 394 3063 pro
414 3021 596 3064 στιβαροὺς
613 3022 671 3055 fid.
864 3034 919 3067 29.
939 3023 1138 3056 ὧν-αὐτῶν
1154 3031 1333 3067 assumpta
1350 3034 1390 3056 ex
1410 3022 1449 3056 B.
