2021 3434
288 238 368 276 108
673 237 721 275 Β.
765 235 1037 275 CYRILLI
1079 235 1456 276 ALEXANDR.
1612 235 1664 275 iv.
1694 247 1756 283 12,
1784 246 1844 287 13.

285 353 566 413 προσιοῦσιν
610 350 919 412 ἀπήγγελλον.
983 346 1119 397 τοῦτό
1164 348 1266 396 ε’στι
1309 347 1362 396 τὸ
1403 348 1439 397 ἐν
1479 342 1656 415 ῥάβδοις
1697 347 1850 411 ἀπήγ-

286 444 462 496 γελλον.
526 429 769 480 πάνδεινον
807 429 886 479 οῦν
929 430 1117 492 ἀληθῶς
1162 428 1236 479 ὅτε
1279 433 1372 478 τῶν
1415 427 1580 478 ἄλλων
1624 430 1665 477 οἱ
1707 430 1847 477 παιδ-

287 514 475 577 αγωγοὶ,
504 513 577 561 καὶ
610 509 728 576 πρὸς
759 508 814 561 τὸ
844 515 910 580 τῷ
945 514 1053 579 Θεῷ
1087 509 1230 578 φίλον
1265 509 1554 576 ἀποκομίζειν
1580 507 1670 559 οἷοί
1691 531 1753 570 τε,
1778 511 1852 559 καὶ

70 596 160 668 {¹¹ssst
177 596 220 626 ⁵⁸·
287 596 561 644 πλανᾶσθαι
593 592 937 658 παρεσκεύαζον
965 595 1038 643 καὶ
1061 590 1090 660 ᾗ
1118 594 1266 660 φησὶν
1292 593 1317 642 ὁ
1341 591 1600 660 προφήτης,
1629 591 1853 641 ἐςΜανίαν

251 698 271 721 e
289 682 315 703 ‘⁴
341 677 388 725 ἐν
413 673 521 743 οἴκῳ
558 675 733 739 Κυρίου
767 674 1076 742 κατε’πηξαν.”
1140 676 1308 737 μανίαν
1337 673 1430 739 γάρ
1464 677 1585 742 φησι
1619 672 1704 737 τὴν
1728 676 1850 741 ’ψευ-
1874 689 1895 726 5

288 757 574 817 δομαντείαν.
644 756 964 823 ὑποκρίνονται
995 755 1088 822 γὰρ
1115 759 1156 807 οἱ
1181 762 1318 806 τοῦτο
1349 759 1463 821 δρᾶν
1494 754 1715 818 εἰωθότες,
1740 753 1854 818 μηδὲ

288 839 451 888 εἰδέναι
477 836 659 901 λοιπὸν,
686 837 879 904 ὅποιπέρ
911 842 1015 889 εἱσι.
1080 839 1327 901 μαίνεσθαι
1359 836 1452 903 γὰρ
1485 836 1649 891 αὐτοὺς
1676 838 1750 887 καὶ
1780 838 1852 887 ε’ν-

291 923 486 970 θουσιᾶν
518 919 730 988 εφασκόν
761 943 893 983 τινες,
929 923 989 974 ὡς
1033 922 1155 971 θειου
1195 919 1602 985 πεπληρωμένους.
1669 920 1722 970 οὐ
1763 917 1856 985 γὰρ

287 999 518 1069 ᾐδεσαν”’
495 1025 564 1052 οτι
602 1006 695 1052 τῶν
725 1002 998 1069 ἀκαθάρτων
1028 1002 1303 1066 πνευμάτων
1331 1000 1452 1056 οἰκος
1482 1024 1644 1067 ωσπερ
1669 1024 1753 1060 τις,
1782 1003 1855 1052 καὶ

289 1082 529 1147 σπήλαιον
554 1084 581 1146 ἡ
608 1089 701 1134 τῶν
726 1084 1044 1147 πλανωμενων
1068 1087 1168 1135 ἐστι
1195 1085 1373 1151 καρδια.
1882 1106 1925 1131 10

293 1286 504 1334 Πνεύματι
563 1287 762 1343 Πορνείαε
822 1288 1122 1329 ἐπλανέιθΗσαν
1173 1288 1238 1328 καὶ
1289 1288 1596 1343 ἐξεπόρνευσοιν
1645 1285 1729 1327 ἀπὸ
1788 1286 1860 1325 τοῦ

229 1380 274 1415 13
359 1369 466 1410 Θεοῦ
491 1370 645 1411 αὐτῶν.
703 1371 771 1412 ἐπὶ
808 1373 882 1412 τὰς
917 1372 1105 1428 κορυφὰς
1139 1372 1223 1412 τῶν
1261 1372 1399 1428 ὀρέων
1433 1370 1658 1428 ὲθυσίαζον,
1688 1370 1755 1410 καὶ
1788 1369 1857 1410 ἐπὶ

73 1459 126 1493 76
150 1458 195 1491 A.
254 1468 273 1491 a
359 1454 455 1493 τοὺς
499 1455 670 1502 Βουνοὺε
709 1455 831 1495 ἔθυον
872 1455 1074 1495 ὑποκάτω
1112 1454 1235 1511 δρυὸς
1277 1455 1344 1496 καὶ
1390 1456 1540 1496 λεύκΗο
1579 1454 1645 1495 καὶ
1683 1453 1857 1509 δένδρου

358 1537 659 1592 ουσκιάζοντοιῑ,
686 1538 751 1578 ὅτι
779 1538 907 1579 καλὸν
935 1540 1081 1579 σκὲΠΗ.

356 1638 471 1689 ΓὈτι
504 1638 569 1703 μὴ
603 1641 711 1707 δίχα
736 1640 1011 1704 πνευμάτων
1035 1646 1129 1692 τῶν
1154 1640 1428 1706 ἀκαθάρτων
1455 1641 1531 1690 καὶ
1560 1643 1777 1705 πονηρῶν
1802 1636 1862 1689 τά
1887 1660 1930 1696 15

291 1720 440 1771 τοιάδε
465 1722 731 1787 πράττεται,
759 1723 965 1774 διδάσκει
999 1728 1183 1791 σαφῶς.
1253 1721 1377 1773 ἅπαν
1406 1721 1499 1788 γὰρ
1533 1718 1649 1775 εἶδος
1680 1719 1861 1790 φαυλό-

291 1827 428 1867 τητος
468 1805 576 1870 παρ’
617 1806 798 1856 ἐκείνων
839 1807 955 1867 ἐστὶ,
995 1808 1069 1856 καὶ
1102 1810 1196 1856 τῶν
1239 1806 1501 1872 αἰσχίστων
1539 1802 1670 1855 οὐδὲν
1708 1805 1862 1855 ἀνεπι-

292 1885 512 1949 τήδευτον
573 1892 666 1941 τοῖς
728 1887 785 1938 τὰ
845 1889 997 1942 αὐτοῖς
1048 1890 1272 1938 δοκοῦντα
1330 1892 1545 1953 πληροῦν
1606 1885 1862 1953 ᾑρημένοις.

295 1966 599 2028 πεπλάνηντοιι
645 1971 799 2021 τοίνυν
842 1974 963 2037 φησὶ
1008 1970 1222 2036 πνεύματι
1266 1994 1477 2039 πορνειοις,
1523 1969 1597 2019 καὶ
1639 1970 1700 2021 ὡς
1743 1969 1861 2019 ἀπο-

251 2049 418 2103 breim,
461 2050 687 2116 γεγόνασι
725 2058 806 2103 τοῦ
859 2056 997 2115 Θεοῦ,
1053 2052 1303 2120 φιλήδονοί
1350 2075 1399 2102 τε
1453 2050 1748 2118 ὑπάρχοντες,
1789 2052 1864 2102 καὶ
1885 2079 1933 2103 20

294 2134 609 2199 φιλοσαρκιάς
649 2132 868 2202 ἀφορμὴν
916 2134 974 2185 τὰ
1012 2138 1094 2198 τῆς
1129 2134 1510 2200 εἷδωλολατρειάς
1549 2133 1664 2199 ε”ργα
1699 2132 1861 2184 ποιού-

293 2237 434 2275 μενοι.
502 2215 634 2267 ἕθυον
674 2215 781 2282 γὰρ,
821 2216 1018 2276 βουνούς
1061 2240 1108 2267 τε
1158 2218 1231 2267 καὶ
1276 2216 1360 2282 ὅρη
1411 2214 1863 2279 καταλαμβάνοντες,

294 2298 370 2346 καὶ
407 2296 582 2362 γηίνοις
623 2299 854 2367 ὑψώμασι
893 2297 947 2350 τὸ
989 2303 1082 2349 τῶν
1125 2299 1370 2361 δαιμονίων
1410 2296 1686 2365 χαμαιριφές
1723 2301 1860 2364 θερα-

295 2378 525 2432 πεύοντες.
576 2378 672 2431 εἶτα
696 2380 883 2444 βωμοὺς
915 2381 1125 2432 ὑποκάτω
1161 2378 1276 2449 δρυὸς
1312 2385 1388 2431 καὶ
1419 2378 1577 2440 λεύκης
1602 2381 1864 2446 ἐγείροντες,

296 2463 543 2526 προσῆγον
569 2462 796 2524 σπονδὰς,
818 2463 1033 2531 νύμφαις,
1054 2462 1176 2530 τάχα
1201 2485 1292 2513 που
1314 2467 1413 2516 ταῖς
1440 2461 1720 2527 ἁμαδρύασι,
1748 2461 1867 2513 κατὰ
1887 2493 1934 2531 25

297 2540 402 2595 τοῦς
432 2543 682 2608 Ἑλλήνων
714 2545 901 2608 μύθους,
933 2544 1067 2608 τιμὰς
1106 2545 1473 2609 ἀποπέμποντες.
1541 2546 1664 2613 φασὶ
1697 2543 1791 2612 γὰρ
1825 2549 1867 2596 οἱ

298 2628 390 2672 τῶν
423 2625 674 2689 Ἑλλήνων
707 2630 893 2692 ποιηταὶ
930 2630 1004 2678 καὶ
1041 2626 1252 2693 λογάδες,
1288 2629 1362 2678 καὶ
1397 2631 1558 2694 φυτῶν
1595 2629 1671 2677 καὶ
1708 2627 1867 2696 ξύλων

262 2729 281 2749 ι·
300 2707 407 2770 ἐρᾶν
442 2707 547 2761 τοὺς
582 2709 870 2776 ἀκαθάρτους
901 2711 1134 2773 δαίμονας,
1161 2709 1238 2763 οὓς
1263 2710 1448 2777 νύμφας
1473 2708 1721 2776 ὠνόμαζον,
1748 2708 1866 2760 κατὰ

350 2855 378 2877 1
404 2844 595 2889 ἀπήγγελοι
617 2847 658 2879 D.
674 2847 707 2880 b.
758 2848 962 2893 ἀπαγγέλειν
980 2859 1041 2892 plo
1059 2847 1276 2892 ἀπήγγελλον
1295 2847 1340 2880 D.
1509 2859 1540 2881 2.
1567 2848 1621 2882 ὅτε
1641 2847 1687 2881 D.
1705 2847 1756 2881 ὅτι
1774 2846 1865 2881 Edd.

299 2902 331 2934 ‚-3
359 2905 404 2935 ‘Hp
423 2903 491 2923 om
512 2893 1116 2939 1).ψευδομαντίιιν
1135 2895 1176 2928 B.
1418 2894 1450 2928 6.
1476 2893 1592 2939 τοῦτο]
1612 2896 1758 2928 τοιοῦτοι
1775 2893 1866 2928 Edd.

299 2950 331 2981 9.
358 2951 389 2970 τι
408 2937 682 2973 D.11.
709 2906 993 2985 ιιπεπλ)ανηθησαν
1012 2941 1048 2975 F.
1216 2952 1270 2985 23.
1296 2940 1517 2986 χαμαιριφες]
1538 2942 1594 2975 Sic
1612 2941 1743 2976 correxi
1760 2952 1802 2974 ex
1820 2940 1866 2974 D.

299 2982 523 3027 χομαιῤῥιφες
542 2984 631 3019 Edd.
822 2988 875 3022 26.
902 2987 1172 3032 ἅποπέμποντες]
1192 2987 1412 3032 ἀπονέμοντες
1430 2987 1474 3021 D.
1667 2988 1721 3022 28.
1747 2987 1802 3023 οὓς
1820 2987 1867 3021 D.

299 3029 318 3063 ἃ
341 3029 380 3063 B.
401 3029 490 3064 Edd.
