2021 3434
63 189 89 228 i.
113 203 209 245 3,4.
460 191 535 231 IN
578 190 966 232 MICHAEAM.
1026 190 1175 231 TOM.
1208 190 1243 231 I.
1552 190 1634 230 607

63 302 139 351 καὶ
174 302 413 364 ὑπομεῖναι
449 303 633 367 κίνησιν
665 302 752 366 τὴν
778 301 825 352 ε”ν
850 325 903 367 γε
929 300 1079 370 τούτῳ
1114 303 1251 370 φημὶ,
1281 300 1428 351 καίτοι
1457 297 1636 365 τροπὴν

63 382 144 432 οὐκ
188 381 330 446 εἰδὼς,
370 384 692 451 ἐρηρεισμένος
731 382 780 434 δὲ
817 388 1007 447 μᾶλλον
1052 385 1100 434 ἐν
1141 384 1231 452 ἰδία
1271 382 1428 450 φύσει,
1466 382 1543 432 καὶ
1582 379 1636 431 τὸ

61 463 265 528 βεβηκὸς
302 465 422 533 ἔχων
460 468 520 520 ὡς
547 464 682 518 Θεός.
745 464 884 524 ἐπέβη
923 463 971 515 δὲ
1011 470 1086 516 καὶ
1125 466 1196 516 ἐπὶ
1232 463 1292 516 τέο
1317 459 1415 534 ὕψη
1440 463 1514 523 της
1538 461 1636 529 γῆς,

63 547 137 595 καὶ
162 545 443 598 σεο-οίλευκεν
471 548 548 616 ὅρη,
576 550 650 597 καὶ
677 546 900 615 κατέτηξε
937 542 1172 609 κοιλάδας,
1203 552 1280 598 καὶ
1319 548 1376 601 ὡς
1412 542 1516 614 ὕδωρ
1548 545 1632 594 αὐ-

22 640 44 678 5
63 625 153 681 τὰς·
166 630 385 696 φερόμενον
406 629 443 680 ἐν
465 627 728 689 καταβάσει
748 629 913 695 ῥεῦσαι
932 627 1273 695 παρεσκεύασε.
1327 629 1403 678 καὶ
1429 624 1526 692 ὕψη
1553 625 1638 690 μὲν

63 707 137 768 τῆς
174 733 257 774 γης
295 713 341 760 αἱ
381 709 500 761 κατὰ
536 711 726 762 πάντων
765 708 1060 776 ἐπαιρόμεναι
1099 712 1257 774 νοηταὶ
1296 707 1521 771 δυνάμεις,
1562 710 1636 758 καὶ

62 788 122 841 τὰ
158 791 444 853 πνευματικὰ
481 795 563 856 τῆς
599 792 821 858 πονηρίας
849 796 1050 852 νοηθεῖεν
1077 792 1146 842 ἄν·
1191 793 1255 861 ὅρη
1282 791 1330 842 δὲ
1363 790 1682 857 σαλευομεναὶ)

64 875 106 922 οὶ
143 875 225 936 τῆς
260 875 365 924 καθ’
395 875 527 938 ἡμῶν
552 876 698 941 ἀρχῆς
725 874 1008 942 ἐξωσθέντες
1034 874 1262 937 δαίμονες.
1329 873 1639 935 ἐκβέβληνται

64 952 168 1020 γὰρ,
195 957 270 1005 καὶ
308 955 572 1020 κεκλήμεθα
609 955 778 1007 λοιπὸν
806 959 868 1008 εἷς
897 956 950 1006 τὸ
990 958 1264 1007 ὑποκεῖσθαι
1303 958 1369 1023 τῷ
1409 952 1551 1021 φύσει
1590 975 1639 1003 τε

0 1053 45 1078 10
65 1039 140 1087 καὶ
165 1036 284 1087 κατὰ
310 1037 533 1102 ἀλήθειαν
561 1042 680 1108 Θεῷ.
739 1035 945 1092 κοιλάδες
972 1037 1019 1088 δὲ
1044 1037 1190 1088 πάλιν
1217 1037 1244 1100 ἡ
1270 1040 1365 1086 τῶν
1392 1035 1642 1098 δαιμονίων

65 1120 264 1183 ἀγελαῖα
300 1120 498 1184 πληθὺς,
525 1121 553 1184 ἡ
583 1118 774 1184 ταπεινὴ
805 1122 881 1170 καὶ
920 1118 1275 1187 κατεῤῥιμμένη,
1305 1118 1333 1182 ἡ
1361 1117 1492 1181 δίκην
1522 1117 1643 1183 κηροῦ

68 1202 436 1268 κατατετηγιιένη,
477 1201 691 1269 ῥεύσασα
733 1200 783 1252 δὲ
824 1207 901 1252 καὶ
945 1204 1001 1256 ὡς
1043 1198 1148 1269 ὕδωρ
1188 1204 1250 1253 εἷς
1295 1198 1399 1252 τοὺς
1440 1200 1487 1249 ἐν
1530 1195 1644 1267 ᾅδου

64 1281 255 1349 μυχούς.
316 1283 596 1351 προσῄεσαν
622 1283 714 1350 γὰρ
741 1282 800 1334 τὰ
837 1282 1020 1349 πονηρὰ
1057 1282 1300 1345 πνεύματα
1337 1285 1403 1350 τῷ
1429 1283 1644 1349 Χριστῷ,

66 1369 140 1413 καὶ
191 1371 217 1393 “
235 1363 532 1431 παρεκάλουν
583 1365 736 1428 αὑτὸν,
780 1366 855 1416 ἵνα
895 1364 960 1429 μὴ
1011 1363 1208 1434 ἐπιτάξῃ
1254 1365 1409 1416 αὐτοῖς
1453 1367 1514 1416 εἷς
1559 1361 1644 1426 τὴν

1 1457 47 1496 15
67 1451 94 1474 ‘⁶
113 1444 336 1507 ἄβυσσον
354 1449 619 1499 ἁπελθεΐν.”
661 1450 722 1501 ὡς
748 1447 840 1514 γὰρ
867 1447 1033 1514 ἑτέρων
1053 1447 1140 1512 ἤδη
1166 1444 1643 1512 προαπεσταλμένων,

65 1530 108 1578 οἶ
143 1529 514 1598 περιλειφθέντες
550 1530 615 1581 ε”τι
648 1529 702 1581 τὸ
738 1533 897 1598 χρῆμα
936 1529 1356 1596 κατεπεφρίκεσαν.
1424 1531 1462 1577 εἰ
1501 1526 1549 1577 δὲ
1587 1525 1642 1591 δὴ

63 1608 286 1669 βούλοιτό
310 1634 377 1664 τις
405 1609 502 1681 ὕψη
528 1635 577 1663 τε
606 1618 682 1664 καὶ
711 1614 774 1682 ὅρη
804 1618 880 1663 καὶ
917 1609 1136 1664 κοιλάδας
1161 1610 1266 1663 τοὺς
1292 1615 1386 1660 τῶν
1410 1609 1645 1660 Ἰουδαίων

67 1695 234 1757 νοῆσαι
273 1693 553 1759 καθηγητὰς,
593 1698 666 1745 καὶ
704 1694 861 1758 μέντοι
903 1698 976 1744 καὶ
1008 1692 1180 1757 δήμους
1219 1691 1325 1745 τοὺς
1364 1692 1438 1742 ὑπ’
1475 1692 1644 1753 αὐτοῖς,

68 1774 110 1824 οἳ
147 1774 224 1825 διά
256 1799 310 1841 γε
344 1775 429 1840 τὴν
456 1780 518 1829 εἷς
544 1775 759 1842 Χριστὸν
784 1777 1028 1842 παροινίαν
1053 1777 1125 1826 καὶ
1160 1777 1241 1838 τῆς
1277 1774 1392 1827 ἰδίας
1424 1772 1639 1842 ἐξώσθη-

1 1879 50 1903 20
68 1880 163 1908 σαν
200 1859 361 1924 ἀρχῆς·
417 1858 637 1918 ἑτοίκησαν
668 1857 775 1924 γὰρ,
806 1860 882 1908 καὶ
920 1862 977 1912 ὡς
1018 1858 1138 1923 κηρὶς
1176 1861 1276 1909 ταῖς
1313 1860 1396 1906 τοῦ
1434 1854 1644 1917 πολέμου

66 1947 149 1992 τοῦ
191 1940 320 2008 παρὰ
353 1942 599 2005 Ῥωμαίων
637 1946 907 2010 συμφοραῖς
942 1944 1003 1995 ὡς
1045 1943 1196 2010 φλογὶ
1233 1939 1643 2007 προσβάλλοντες,

69 2030 95 2053 “
120 2023 542 2092 Ἐξουθενώθησαν
568 2024 616 2075 δὲ
648 2026 722 2074 καὶ
754 2026 815 2077 ὡς
853 2025 975 2090 ὕδωρ
1002 2021 1402 2089 διαπορευόμενον,
1429 2025 1504 2072 καὶ
1530 2023 1642 2072 ὡσεὶ

68 2113 97 2135 “
121 2106 261 2173 κηρὸς
301 2108 325 2157 ὁ
359 2110 510 2161 τακεὶς
549 2107 929 2173 ἀντανήρηνται,”
971 2105 1090 2157 κατὰ
1127 2105 1212 2170 τὴν
1244 2111 1326 2156 τοῦ
1363 2104 1643 2173 ψάλλοντος

69 2188 248 2256 φωνήν·
291 2189 373 2240 οὐκ
399 2189 489 2258 ἔξω
515 2195 597 2240 τοῦ
623 2188 883 2255 πρέποντος
908 2192 1135 2250 βαδιεῖται
1161 2192 1361 2238 σκοποῦ.

120 2358 150 2381 Ῑ.
176 2345 320 2391 τροπὴν]
349 2348 454 2381 τόπον
470 2347 514 2381 A.
703 2358 736 2391 3.
763 2347 798 2380 δέ
817 2358 885 2381 om.
907 2346 949 2379 B.
1130 2358 1163 2387 4.
1189 2344 1290 2379 αὐτὰς
1307 2343 1396 2378 Α.Β.
1414 2343 1534 2379 αὐτοὺς
1551 2342 1645 2377 Edd.

71 2394 104 2428 6.
130 2397 244 2438 νοηταὶ
261 2406 330 2428 om.
349 2394 393 2427 A.
538 2402 569 2438 7.
594 2393 763 2436 πνεύματα
780 2405 843 2438 pro
861 2392 1063 2436 πνευματικὰ
1082 2391 1173 2426 Edd.
1309 2402 1343 2435 9.
1370 2405 1405 2423 τε
1423 2397 1646 2434 assumptum

70 2452 113 2474 ex
130 2442 173 2474 A.
330 2451 385 2474 10.
413 2439 511 2477 Quae
530 2447 725 2485 sequuntur
743 2440 868 2484 partim
886 2440 1037 2474 citantur
1054 2439 1089 2472 in
1109 2438 1186 2473 Cat.
1205 2438 1241 2471 in
1258 2437 1324 2482 Ep.
1345 2448 1362 2470 2
1383 2437 1429 2470 D.
1451 2436 1541 2470 Petri
1559 2438 1591 2470 ii.
1610 2450 1644 2479 4,

71 2499 91 2521 a
108 2487 272 2521 Cramero
297 2487 399 2521 edita.
450 2487 597 2521 Codices
624 2487 779 2520 Crameri
803 2494 879 2520 tum
897 2487 984 2520 Acta
1004 2485 1068 2519 SS.
1087 2486 1192 2530 App„
1211 2492 1285 2518 tum
1306 2484 1395 2528 Epp.
1416 2483 1517 2517 Cath.
1533 2485 1643 2517 conti-

70 2541 205 2574 nentes,
220 2546 237 2568 c
249 2540 281 2568 et
293 2533 314 2567 d
332 2540 510 2573 notantur,
527 2540 565 2567 ut
583 2545 688 2577 supra
706 2546 764 2578 pp.
779 2543 858 2578 335,
874 2544 953 2578 473,
970 2533 1097 2578 quibus
1115 2532 1222 2577 adjeci
1235 2530 1322 2564 Cod.
1342 2531 1434 2564 Bibl.
1455 2530 1490 2564 S.
1511 2530 1645 2574 Synodi

72 2581 190 2626 Mosq.
209 2591 250 2625 97
271 2581 370 2624 (olim
387 2582 447 2625 98)
465 2592 531 2614 sec.
550 2580 596 2613 ix.
615 2587 774 2613 exeunte.
823 2580 859 2614 δέ
886 2592 955 2613 om.
974 2581 1017 2612 A.
1083 2579 1259 2622 δαιμονίων
1276 2577 1366 2611 AB.
1379 2589 1407 2610 c.
1429 2576 1504 2611 Cat.
1526 2577 1641 2622 Mosq.

71 2628 235 2671 δαιμόνων
253 2628 286 2661 d.
305 2627 397 2661 Edd.
566 2637 617 2660 Il.
643 2627 784 2672 ἀγελαῖα
801 2630 881 2660 ant-e
897 2631 962 2660 τῶν
979 2626 1008 2659 δ.
1026 2629 1159 2669 transp.
1179 2626 1222 2658 A.
1241 2624 1348 2670 ἀγέλη
1367 2624 1419 2657 καὶ
1435 2624 1565 2667 πληθὺς
1582 2635 1644 2668 pro

71 2673 213 2719 ἀγελαῖα
229 2674 359 2717 πληθὺς
375 2686 405 2708 c.
420 2673 454 2707 d.
474 2673 591 2719 Mosq.
641 2674 693 2707 καὶ
711 2685 772 2718 pro
790 2673 808 2715 ἡ
827 2674 884 2707 alt.
902 2674 944 2706 A.
962 2672 1078 2706 invitis
1098 2672 1188 2705 Catt.
1438 2681 1490 2704 12.
1519 2669 1580 2713 ἅδῃ
1600 2670 1642 2705 Β.

74 2731 129 2765 13.
153 2718 318 2765 προΐεσαν
331 2721 375 2755 A.
392 2719 564 2765 προὴεσαν
582 2720 699 2766 λῙοες.
770 2720 895 2753 Statim
911 2720 975 2765 γὰρ
995 2717 1072 2753 Cat.
1092 2719 1208 2763 MOSq.
1227 2717 1319 2751 Edd.
1336 2719 1419 2762 γοῦν
1437 2716 1504 2750 c.d.
1523 2716 1580 2750 οὖν
1598 2717 1642 2751 A.

75 2767 128 2801 16.
155 2768 246 2802 οὗτοι
271 2779 333 2812 pro
358 2768 389 2801 οἱ
412 2767 607 2812 περιλειφθ.
625 2768 675 2800 ἔτι
691 2768 734 2800 A.
753 2766 867 2800 invitis
886 2765 1061 2800 omnibus..
1126 2762 1434 2809 κατεπεφρίκεσαν]
1456 2763 1512 2798 Sic
1537 2763 1642 2798 edidi.

72 2814 359 2860 κατεπεφρίκασιν
377 2814 464 2848 Cod.
486 2814 601 2858 Mosq.
621 2814 910 2857 καταπεφρίκασιν
927 2812 994 2846 c.d.
1014 2812 1241 2856 ἐπεφρίκεσαν
1267 2811 1341 2844 Cat.
1367 2811 1403 2844 iu
1427 2810 1462 2844 S.
1482 2810 1567 2844 Luc.
1588 2810 1644 2855 (in

73 2860 148 2894 Mai
166 2861 269 2895 Nova
287 2861 378 2895 Bibl.
395 2861 431 2895 ii.
451 2860 550 2904 225.)
569 2861 862 2905 καταπεφρίκεσαν
878 2860 921 2893 Α.
941 2858 1031 2893 Edd.
1197 2859 1250 2892 18.
1276 2858 1328 2891 καὶ
1346 2858 1403 2890 alt.
1421 2864 1642 2902 assumptum

72 2919 115 2941 ex
131 2907 223 2942 A.B.
380 2919 434 2942 20.
460 2908 512 2941 καὶ
530 2919 599 2941 om.
620 2907 661 2940 B.
828 2917 883 2942 21.
908 2906 1189 2949 προσβάλλοντες
1205 2906 1247 2938 A.
1268 2904 1368 2938 Pont.
1386 2905 1643 2947 προσβαλόντες

72 2954 263 2989 Aubertus.
315 2955 440 2988 Statim
457 2954 730 2998 ἐξουδενὼθησαν
749 2953 790 2988 Β.
1027 2963 1149 2994 22—24.
1177 2952 1229 2985 καὶ
1248 2949 1493 2997 ὡσεὶ-φωνήν
1509 2962 1578 2985 om.
1599 2951 1641 2985 B.

75 3011 130 3045 23.
156 3003 174 3035 ὁ
190 3007 410 3047 assumptum
427 3014 468 3036 ex
486 3001 529 3035 A.

1706 1369 1737 1398 S.
1755 1369 1834 1399 Luc.

1705 1423 1771 1443 vm.
1790 1422 1840 1452 31.

1704 2046 1757 2076 Ps.
1774 2046 1842 2077 lvii.

1704 2090 1733 2128 8,
1753 2100 1781 2131 9.
