2021 3434
301 214 387 253 574
720 211 769 251 B.
814 209 1096 250 CYRILLI
1147 209 1534 249 ALEXANDR.
1691 210 1888 260 i.11,12.

301 328 328 350 ‘⁶
354 322 428 371 καὶ
465 320 551 386 οὐχ
590 317 826 385 εὑρήσετε·
891 319 966 369 καὶ
1002 317 1120 368 ὅπου
1160 320 1250 381 εἰμὶ
1291 316 1395 383 ε’γώ,
1433 319 1560 380 ὑμεῖς
1594 319 1647 368 οὐ
1685 316 1890 370 δύνασθε
1997 333 2014 379 ςιῗ

301 409 330 432 “
355 403 547 453 ἐλθεῖν·”
587 404 629 452 οἱ
656 400 703 452 δὲ
729 400 815 465 τὴν
831 400 1070 451 Ἰουδαίων
1093 398 1368 451 ἀπόστασιν
1384 401 1458 450 ἐπὶ
1483 398 1542 450 τὰ
1561 398 1669 464 ἔθνη
1688 423 1892 451 κατονει-
1997 381 2015 472 3}

79 499 111 529 S.
128 500 226 530 Joan.
301 484 516 551 δίζοντες,
557 483 772 552 ἔφασκον
811 485 1003 546 ἀμαθῶς
1040 490 1066 511 ‘⁶
1086 486 1191 534 Ποῦ
1232 482 1398 546 με’λλει
1441 481 1575 535 οὗτος
1607 483 1891 548 πορεύεσθαι
1998 509 2002 526 1

79 552 197 583 v¹¹'3⁵‘
303 573 330 596 ‘⁶
357 566 428 617 ὅτι
466 566 595 630 ἡμεῖς
635 566 722 633 οὐχ
758 564 1018 631 εὑρήσομεν
1055 563 1235 627 αὐτόν’,
1295 563 1360 628 μὴ
1398 568 1460 617 Εἷς
1494 562 1580 626 Τὴν
1626 563 1891 630 διασπορὰν

317 653 450 699 ςτῶν
499 647 753 711 Ελλήνων
803 649 969 710 μελλει
1017 648 1317 713 πορεύεσθαι,
1371 670 1445 697 και
1497 646 1735 697 διδάσκειν
1784 669 1891 699 τους
1910 669 1932 707 5

301 740 328 761 “
347 730 597 794 ΓΈλληνας
620 731 664 792 ;'’
706 732 769 784 ὡς
799 728 892 796 γὰρ
918 729 1136 798 ἐξίτηλον
1164 752 1213 780 τε
1241 731 1315 780 καὶ
1342 729 1434 797 ἔξω
1459 731 1638 794 τριβῆς,
1666 729 1742 778 καὶ
1767 750 1885 779 συν-

299 812 458 878 ηθειάς
482 815 543 866 ὡς
571 812 805 863 άπωτοίτω
839 816 935 866 τοῖς
970 813 1080 878 παρ’
1110 813 1277 873 αὐτοῖς,
1305 810 1394 862 ὑπὸ
1427 815 1593 874 μῶμον
1630 810 1804 875 ἄγουσι
1835 808 1889 860 τὸ

300 900 398 949 τοῖς
422 893 675 959 Ἑλλήνων
702 894 1028 963 ἀναφύρεσθαι
1051 892 1228 958 δήμοις.
1285 893 1355 944 ὅτι
1381 893 1536 943 τοίνυν
1556 893 1610 943 οὐ
1635 891 1891 955 μεμένηκεν

261 979 349 1029 οέν
375 982 470 1031 τοῖς
497 980 580 1041 τῆς
605 977 834 1030 Ἰουδαίας
861 976 1003 1043 ὅροις,
1034 975 1259 1027 συνέπλει
1291 975 1339 1026 δὲ
1370 976 1525 1028 αὐτοῖς
1559 979 1621 1028 εἰς
1647 972 1887 1039 Ταρσοὺς,

302 1061 514 1128 δέχονται
553 1058 637 1112 τὰς
681 1059 902 1129 ὑποψίας,
949 1058 1350 1125 διατεκμαίρονται
1393 1057 1440 1108 δὲ
1485 1056 1556 1107 ὅτι
1600 1060 1890 1122 παραιτεῖται
1914 1085 1960 1111 10

300 1142 424 1209 τάχα
464 1165 557 1193 που
591 1144 665 1192 καὶ
703 1141 788 1205 τὴν
830 1144 878 1192 ἐν
913 1141 1039 1211 νόμῳ
1079 1139 1218 1208 ζωὴν,
1259 1142 1335 1191 καὶ
1371 1145 1467 1193 τοῖς
1506 1143 1601 1189 τῶν
1636 1137 1891 1202 εΕλλήνων

301 1225 459 1275 ἔθεσιν
485 1224 649 1276 ἑαυτὸν
676 1224 870 1288 ἐπιδοὺς,
897 1224 983 1289 τὴν
1009 1226 1070 1278 ὡς
1097 1226 1146 1275 ἐκ
1171 1222 1435 1289 προσώπου
1457 1225 1581 1272 Θεοῦ
1606 1221 1889 1286 μεμελέτηκε

305 1306 484 1375 φυγήν·

238 1522 280 1547 11
308 1509 381 1551 Καὶ
413 1505 537 1551 εἶπαν
564 1524 671 1566 rrpoc
708 1508 837 1551 αὐτόν
863 1509 915 1550 Τί
949 1524 1014 1550 σοι
1040 1509 1290 1560 Ποιήσομεν,
1318 1508 1385 1548 καὶ
1421 1508 1600 1549 κοπασει
1634 1507 1658 1549 ἡ
1694 1508 1887 1548 Θάλασσα

371 1594 440 1650 ἀφ’
486 1594 636 1647 ἡμώη
674 1596 739 1635 ὅτι
782 1595 804 1634 ἡ
847 1594 1040 1635 θάλασσα
1084 1593 1332 1650 ἐπορεύετο,
1377 1592 1445 1632 καὶ
1487 1592 1680 1648 ἐξήγειρε
1721 1595 1888 1640 μᾶλλον
1912 1609 1957 1648 15

240 1691 285 1717 12
373 1676 584 1718 κλύδωνα.
664 1677 733 1718 καὶ
781 1672 899 1718 εἶπεν
946 1676 1101 1718 Ἰωνᾶς
1150 1675 1258 1732 Πρὸς
1306 1675 1461 1716 αὐτούς
1508 1675 1665 1732 Ἀρατέ
1714 1690 1765 1723 με
1820 1674 1890 1716 καὶ

258 1760 287 1801 d
371 1760 579 1811 ὲμβὰλετε
613 1758 673 1801 εἷς
705 1759 782 1802 τήν
817 1761 1049 1810 θάλασσαν,
1079 1760 1147 1800 καὶ
1175 1759 1353 1800 κοΠάσει
1381 1759 1403 1799 ἐι
1433 1759 1626 1800 θάλασσα
1652 1757 1722 1814 ἀφ’
1755 1757 1886 1807 ὑμῶν·

371 1843 480 1886 διότι
516 1844 682 1892 ἔγνωκα
720 1844 818 1896 erdo,
850 1845 916 1886 ὅτι
959 1843 1004 1885 δι’
1049 1843 1124 1892 ἐμὲ
1159 1843 1182 1886 ὁ
1217 1842 1384 1884 κλύδων
1429 1840 1553 1884 οὗτος
1590 1843 1613 1883 ὁ
1651 1842 1781 1891 μὲι-ας
1817 1840 1882 1897 ἐφ’

370 1930 478 1977 ὑμᾶς
511 1929 639 1971 ἐστιν.

378 2055 580 2106 Δεδιάσι
617 2054 701 2117 μὲν
741 2055 1079 2121 ἀγριαίνουσαν
1121 2054 1219 2104 κατ’
1257 2054 1410 2103 αὐτῶν
1456 2054 1509 2104 οὑ
1549 2056 1767 2120 φορητῶς
1805 2050 1889 2116 τὴν
1910 2079 1958 2104 20
1999 2051 2004 2104 ί

305 2138 573 2192 θάλασσαν·
619 2139 1002 2207 καταπεφρίκασι
1029 2137 1076 2189 δὲ
1104 2137 1287 2189 οὐδεν
1261 2160 1401 2234 ηττον
1427 2160 1509 2187 τον
1534 2141 1628 2188 τῶν
1652 2136 1891 2202 Εβραίων

305 2221 543 2273 Sedu-01)
573 2221 666 2288 γὰρ
699 2219 826 2286 ἦσαν
862 2222 910 2271 ἐν
945 2221 1110 2289 ἀγνοια
1147 2222 1230 2283 τῆς
1263 2218 1458 2284 ἐνούσης
1494 2220 1619 2288 αὐτῷ
1654 2217 1890 2282 δυναμεώς

301 2327 352 2355 τε
391 2306 466 2355 καὶ
512 2303 666 2373 δόξης,
709 2303 875 2369 καίπερ
914 2301 1042 2356 ὅντες
1087 2304 1371 2368 ἀλλογενεῖς.
1435 2300 1591 2365 ἐπειδὴ
1632 2300 1680 2352 δὲ
1718 2303 1890 2351 δοῦλον

303 2386 467 2438 ἑαυτὸν
517 2386 607 2455 ἔφη
648 2389 786 2447 Θεοῦ,
836 2387 1114 2451 διαποροῦσι
1162 2383 1333 2435 λοιπὸν
1381 2385 1456 2435 καὶ
1505 2382 1764 2450 μερίζονται
1805 2381 1889 2436 τὰς

263 2495 286 2523 e
305 2468 509 2535 γνώμας.
572 2469 765 2519 ὀκνοῦσι
807 2466 891 2532 μὲν
930 2467 1023 2534 γὰρ
1059 2466 1142 2518 τὸν
1185 2465 1346 2535 φόνον,
1392 2465 1767 2529 ὑποβλεπόμενοι
1803 2464 1890 2529 τὴν
1909 2487 1956 2527 25

304 2550 451 2617 ὀργὴν
481 2557 564 2602 τοῦ
606 2550 762 2602 πάντα
806 2549 1053 2618 ἰσχύοντος
1089 2553 1229 2600 Θεοῦ.
1296 2548 1683 2614 ἐπιθρωσκούσης
1721 2547 1770 2598 δὲ
1806 2550 1889 2611 τῆς

304 2632 560 2698 θαλάσσης
598 2634 751 2686 αὐτοῖς
786 2633 840 2683 οὐ
876 2637 1006 2696 μεῖον
1042 2630 1070 2696 ἢ
1104 2632 1227 2697 πρὶν,
1259 2631 1520 2696 ἀναγκαίαν
1558 2630 1643 2694 τὴν
1682 2630 1795 2696 ὑπέρ
1833 2652 1888 2695 γε

303 2720 449 2785 σφῶν
486 2716 639 2766 αὐτῶν
682 2720 922 2766 ποιοῦνται
962 2713 1202 2782 φροντίδα.
1270 2712 1488 2780 ταύτῃτοι
1527 2717 1889 2779 παρακαλοῦσιν

305 2802 447 2849 εἰπεῖν
472 2796 539 2860 τὸ,
566 2798 614 2848 τί
635 2795 694 2848 ἂν
719 2796 900 2863 γένοιτο
925 2797 1033 2863 παρ’
1057 2796 1222 2857 αὐτῶν,
1243 2795 1319 2845 καὶ
1344 2792 1778 2859 κατευνασθήσεται
1803 2792 1889 2857 μὲν

355 2934 383 2957 1.
412 2924 477 2968 ἐγώ
494 2924 559 2967 εἰμι
576 2924 714 2958 inverso
731 2922 852 2957 ordine
870 2921 963 2957 Edd.
1116 2930 1149 2966 5.
1176 2920 1229 2955 καὶ
1247 2920 1343 2956 deest
1360 2920 1397 2954 in
1415 2919 1506 2955 Edd.
1652 2930 1705 2954 12.
1731 2919 1809 2954 δοὺς
1825 2917 1886 2953 iid.

309 2979 362 3013 17.
387 2972 511 3010 βάλετε
532 2971 573 3006 Β.
994 2969 1046 3003 18.
1073 2967 1169 3004 οὗτος
1187 2970 1204 3002 ὁ
1221 2967 1326 3013 μέγας
1343 2967 1410 3003 hoc
1428 2967 1550 3003 ordine
1569 2966 1610 3002 B.
1630 2966 1708 3012 (26,
1726 2975 1784 3011 95,
1807 2977 1885 3009 114,

308 3016 384 3061 185,
404 3016 503 3061 228.)
709 3028 764 3062 29.
790 3017 828 3051 τὸ
847 3028 917 3051 om.
938 3016 980 3051 B.
