2021 3434
54 936 111 966 Es.

53 980 219 1011 xxviii.16.

53 1024 130 1054 Bar.
146 1024 190 1055 iii.

54 1069 104 1107 38.

55 1168 214 1199 &matth

52 1212 73 1243 i.
96 1221 145 1252 23·

282 175 365 214 502
679 176 727 216 B.
772 175 1049 216 CYRILLI
1090 176 1471 218 ALEXANDR.
1696 176 1766 217 vii.
1794 187 1856 215 10.

279 280 397 346 πρὸς
437 283 674 333 ἀπώλειαν
713 285 738 334 ὁ
779 289 873 338 τοῖς
911 287 992 348 τῆς
1029 287 1276 345 βασιλείας
1317 285 1586 352 αὐχήμασιν
1628 282 1857 350 ἐκπρεπὴς

236 367 262 407 b
278 364 537 429 Ιεροβοάμ,
565 365 945 429 διαμεμήνυκεν’
923 371 1140 433 εναργῶς.
1210 370 1476 431 μεμνῆσθαι
1509 367 1558 418 δὲ
1590 369 1857 432 ἀναγκαῖον,

278 447 340 498 ὡς
374 467 525 511 ετερος
559 470 689 513 παρα
723 445 806 498 τὸν
838 452 1026 514 πρῶτον
1061 450 1085 499 ὁ
1117 451 1221 515 περὶ
1255 448 1308 499 οὗ
1344 455 1425 500 νῦν
1457 450 1481 499 ὁ
1516 447 1675 514 λόγος·
1717 448 1742 498 ὁ
1772 445 1857 510 μὲν

277 525 371 593 γὰρ
397 526 455 591 ἧν
482 529 532 578 ἐκ
559 528 792 591 Ναβὰτ,
774 552 798 579 ο
823 529 871 581 δὲ
897 530 982 599 ἐξ’
989 531 1120 584 Ιωάς.

353 611 447 660 Καὶ
473 613 604 661 ταυτὶ
635 610 718 674 μὲν
752 611 863 666 τέως
896 617 991 666 τοῖς
1024 616 1105 676 τῆς
1135 614 1342 678 ἱστορίας
1368 612 1648 681 ἐφαρμόσειε
1676 610 1851 675 λόγοις.
1876 624 1897 661 5

276 687 524 759 ἀδάμαντα
558 691 607 743 δὲ
642 693 724 744 τὸν
758 695 912 758 ἀληθῆ
942 695 1209 764 παραδείξει
1241 694 1456 761 Χριστὸν
1487 692 1569 745 τὸν
1600 697 1695 744 τῶν
1721 691 1880 759 δυνά-Ι

274 797 398 836 μεων
441 773 630 840 Κύριον,
675 774 758 826 τὸν
799 775 982 843 ἄμαχον
1026 776 1192 843 ἔχοντα
1236 779 1310 827 καὶ
1349 776 1736 842 ἀκαταγώνιστον
1771 772 1857 837 τὴν

275 855 429 922 ἰσχὺν,
473 855 554 907 τὸν
597 856 923 923 συνθραύοντα
971 857 1077 913 τοὺς
1126 858 1332 926 ἐχθροὺς,
1378 861 1453 909 καὶ
1506 861 1703 908 νικῶντα
1746 855 1852 910 τοὺς

275 936 632 1002 ἀνθεστηκότας,
687 940 762 990 καὶ
826 939 915 991 ὑπὸ
973 939 1167 1005 μηδενὸς
1217 940 1520 1007 ῥηγνύμενον.
1606 938 1740 992 οὗτος
1791 939 1853 991 ὡς

275 1019 406 1073 λίθος
435 1019 650 1074 ἐκλεκτὸς
679 1025 739 1075 εἷς
776 1021 924 1083 μέσον
949 1024 1164 1073 τέτακται
1189 1027 1271 1073 τοῦ
1310 1026 1445 1072 λαοῦ.
1513 1030 1539 1051 “
1556 1020 1726 1089 ”Ωφθη
1760 1019 1853 1086 γὰρ
1882 1042 1929 1067 10

276 1109 301 1130 ‘⁶
327 1103 399 1153 ἐπὶ
431 1105 513 1166 τῆς
545 1106 630 1169 γῆς
663 1105 738 1154 καὶ
769 1109 863 1157 τοῖς
895 1104 1155 1170 ἀνθρώποις
1190 1103 1606 1172 συνανεστράφη.”
1668 1101 1855 1169 τοιγάρ-

275 1206 345 1234 τοι
383 1186 457 1234 καὶ
491 1183 709 1249 κέκληται
751 1185 825 1236 διὰ
863 1189 944 1250 τῆς
982 1186 1191 1252 ἀγγέλου
1226 1189 1386 1254 φωνῆς
1424 1194 1451 1215 “
1473 1184 1790 1249 Ἐμμανουὴλ,
1829 1184 1854 1235 ὅ

275 1273 302 1295 “
328 1267 429 1316 ἐστι
467 1266 917 1332 μεθερμηνευόμενον
954 1270 1080 1319 Μεθ’
1117 1269 1248 1333 ἡμῶν
1289 1270 1313 1319 ὁ
1354 1268 1520 1322 Θεός.”
1579 1268 1683 1331 μεθ’
1723 1268 1855 1331 ἡμῶν

275 1346 368 1412 γὰρ
412 1346 618 1412 γέγονεν,
663 1348 738 1399 ὅτε
776 1350 939 1415 γέγονε
978 1351 1085 1401 καθ’
1126 1352 1259 1413 ἡμᾶς.
1323 1350 1640 1416 ἐντεταγμένος
1679 1351 1734 1414 δὴ
1774 1350 1854 1399 οὖν

273 1430 321 1478 ἐν
356 1428 463 1491 ἡμῖν
499 1429 627 1495 παρὰ
662 1435 744 1480 τοῦ
778 1434 901 1481 Θεοῦ
940 1434 1015 1482 καὶ
1044 1430 1231 1497 Πατρὸς
1265 1434 1326 1484 ὡς
1365 1432 1496 1485 λίθος
1531 1429 1737 1500 ἀδάμας,
1769 1430 1853 1495 τὴν
1882 1452 1927 1490 15

273 1515 355 1560 τοῦ
379 1510 605 1570 διαβόλου
638 1511 881 1563 κατέσεισε
912 1515 1173 1579 τυραννίδα,
1201 1516 1508 1582 κατηφάνισεν
1535 1516 1722 1577 ἀληθῶς
1748 1512 1854 1568 τοὺς

274 1593 452 1661 βωμοὺς
477 1595 549 1644 τοῦ
571 1594 776 1659 γέλωτος.
841 1593 938 1658 ἅμα
963 1619 1012 1647 τε
1047 1595 1139 1662 γὰρ
1174 1595 1450 1663 ἐπέλαμψεν
1482 1598 1506 1647 ὁ
1532 1596 1853 1659 Ἐμμανουὴλ,

273 1677 349 1725 καὶ
383 1678 464 1738 τῆς
499 1678 704 1740 ἀληθοῦς
735 1677 956 1742 γνώσεως
987 1683 1082 1731 τοῖς
1115 1676 1204 1728 ἀνὰ
1231 1682 1394 1729 πᾶσαν
1426 1677 1511 1742 τὴν
1550 1677 1624 1729 ὑπ’
1659 1676 1856 1744 οὐρανὸν

275 1758 507 1811 διπλώσας
532 1756 585 1808 τὸ
613 1762 733 1826 φῶς,
763 1759 925 1810 ἑαυτὸν
952 1760 1060 1824 ἡμῖν
1087 1759 1321 1828 ὑπέδειξεν
1345 1757 1497 1810 εἰκόνα
1529 1761 1604 1810 καὶ
1631 1760 1856 1823 ὁμοίωσιν

232 1845 258 1885 d
275 1845 357 1891 τοῦ
384 1839 586 1906 Πατρός.
637 1839 743 1891 τότε
769 1840 826 1905 δὴ
853 1840 958 1893 τότε
984 1845 1058 1893 καὶ
1086 1843 1110 1893 ὁ
1137 1845 1219 1906 τῆς
1243 1842 1435 1908 ἀρχαίας
1466 1841 1646 1906 ἀπάτης
1671 1840 1850 1907 ἀπελή-
1882 1865 1930 1900 20

275 1930 394 1973 λατο
429 1922 612 1985 σκότος,
644 1924 720 1973 καὶ
753 1923 781 1987 ἡ
816 1923 1025 1988 βέβηλος
1051 1926 1126 1975 καὶ
1161 1922 1384 1987 θεομισὴς
1411 1925 1460 1974 ἐκ
1485 1924 1634 1986 με’σου
1665 1925 1857 1991 γέγονεν

275 2005 651 2071 εἷδωλολατρεία,
680 2007 754 2056 καὶ
785 2006 997 2057 πέπτωκε
1031 2006 1078 2058 δὲ
1104 2009 1178 2057 καὶ
1215 2004 1352 2060 αὐτὸς
1379 2006 1403 2057 ὁ
1427 2009 1510 2071 τῆς
1536 2005 1716 2072 ἀπάτης
1740 2031 1857 2075 προ-

277 2087 500 2152 εστηκὼς,
527 2087 783 2151 τουτέστιν,
811 2089 835 2138 ὁ
863 2092 1091 2142 Σατανᾶς.

212 2313 258 2338 10
279 2303 353 2345 Καὶ
382 2304 681 2347 ἐξαπέστειλεν
700 2304 908 2353 Ἀμασίας
933 2306 955 2347 ὀ
984 2304 1118 2362 ἱερεὺς
1156 2305 1314 2347 Βαιθιὶλ
1345 2305 1453 2362 πρὸς
1482 2306 1708 2363 Ἱεροβοὰμ
1741 2315 1857 2357 βασι-

344 2391 419 2430 λέα
456 2390 630 2445 Ἰσραήλ
673 2390 809 2437 λέΓων
853 2390 1106 2446 Συστροφὰε
1150 2387 1334 2431 nme-hou
1378 2390 1483 2431 κατὰ
1524 2393 1597 2432 σοῦ
1624 2390 1770 2439 Ἀμὼς
1810 2392 1854 2432 ὲν
1882 2405 1929 2441 25

343 2474 460 2527 μέσῳ
481 2470 809 2531 οἴκουἸσραέιλ,
846 2476 893 2515 οὐ
931 2475 986 2523 μή
1022 2474 1197 2516 ὃύνΗται
1236 2475 1258 2516 ἐι
1300 2479 1347 2523 Γῆ
1385 2472 1628 2522 ὑπενεΓκεῖν
1662 2477 1855 2518 ἅπαντας

329 2620 357 2644 1.
383 2610 553 2655 ἐμπρεπὴς
570 2611 662 2646 Edd.
681 2612 796 2646 invitis
814 2613 857 2647 A.
864 2613 904 2647 Β.
917 2612 951 2647 b.
1217 2624 1251 2658 5.
1276 2614 1336 2657 μὲν
1355 2613 1396 2648 Β.
1415 2614 1454 2658 δὴ
1473 2614 1515 2648 Α.
1534 2614 1569 2648 δὲ
1588 2613 1680 2648 Edd.
1732 2614 1857 2648 Statim

279 2656 360 2691 τέως
377 2666 598 2702 assumptum
619 2671 659 2692 ex
678 2660 721 2693 A.
728 2659 769 2693 B.
1052 2660 1084 2694 6.
1113 2660 1212 2701 ἅδάμ.
1216 2630 1457 2705 -παραδείξέΙι
1474 2661 1519 2694 A.
1538 2660 1628 2695 Edd.
1648 2661 1857 2704 ἀδάμαντι-

278 2705 467 2746 παρεικάζει
488 2704 529 2738 Β.
648 2715 679 2750 7.
706 2704 780 2751 τὸν]
800 2711 859 2750 τὴν
877 2705 968 2740 Edd.
1017 2706 1306 2751 ἀνανταγώνιστον
1323 2708 1366 2742 A.
1418 2707 1543 2741 Statim
1560 2708 1620 2748 τὴν
1636 2714 1856 2752 assumptum

280 2761 320 2782 ex
339 2751 381 2783 A.
389 2750 429 2784 B.
623 2763 675 2794 14.
703 2753 753 2786 ὅτι
773 2753 814 2787 Β.
864 2754 904 2796 δὴ
922 2768 980 2787 ουν
997 2754 1040 2786 A.
1060 2754 1099 2796 δὴ
1120 2754 1160 2787 Β.
1180 2754 1216 2787 δέ
1236 2753 1326 2787 Edd.
1529 2765 1583 2788 20.
1610 2756 1628 2788 ὁ
1646 2755 1689 2788 Α.
1708 2755 1746 2788 τὸ
1763 2754 1855 2788 Edd.

280 2795 471 2840 (ἶπελὴλακε
488 2797 546 2832 iid.
757 2811 811 2833 21.
838 2815 889 2833 και
908 2800 926 2843 ἡ
943 2800 1403 2845 βέβηλος-εἷδωλολατρεία
1420 2801 1462 2834 A.
1516 2800 1612 2835 Haec
1629 2801 1734 2835 verba
1751 2812 1855 2846 supra

280 2854 342 2885 pos
347 2850 359 2875 t
376 2846 435 2877 τοῦ
454 2846 587 2886 Πατρὸς
607 2846 704 2890 ponit
722 2846 764 2880 Β.
783 2847 871 2880 infra
889 2854 967 2891 post
985 2849 1002 2880 ὁ
1021 2849 1167 2882 Σατανᾶς
1186 2847 1275 2881 Edd.
1457 2859 1510 2881 22.
1538 2850 1591 2882 καὶ
1609 2848 1703 2892 prius
1721 2859 1790 2880 orn.
1810 2847 1852 2880 A.

281 2889 315 2920 δέ
335 2891 376 2922 A.
396 2891 435 2931 δὴ
458 2891 496 2924 Β.
517 2891 606 2925 Edd
797 2905 851 2935 24.
879 2893 1001 2940 ἱερεὺς]
1025 2899 1061 2933 -ὗ-
1083 2909 1129 2929 εις
1148 2894 1184 2928 F.
1204 2894 1295 2928 Edd.
1315 2894 1412 2939 (42.)
1600 2895 1654 2928 26.
1679 2892 1789 2940 μεσω]
1814 2897 1851 2934 -f-

280 2949 338 2967 του
358 2935 394 2968 F.
415 2936 505 2970 Edd.
526 2938 621 2981 (Co.)
671 2939 909 2982 δυνήσεταιΑ.
958 2941 1133 2986 ὑπενέγκαι
1153 2940 1242 2975 Edd.
1263 2941 1338 2986 (86.
1359 2940 1444 2985 Co.)
1496 2941 1702 2976 ἅπανταςΑ.
1720 2941 1854 2984 (Alex.)

282 2992 387 3025 supra
405 2993 469 3027 247
488 2984 522 3017 b.
540 2985 663 3020 πάντας
684 2986 725 3020 Β.
745 2986 837 3020 Edd.
