2021 3434
101 188 142 229 ii.
163 188 198 229 8.
597 190 671 231 IN
711 190 905 230 AMOS.
968 189 1117 230 TOM.
1156 189 1190 228 I.
1591 187 1675 227 407

101 306 127 329 ‘⁶
152 321 359 366 γραπται
408 301 470 352 Ὁ
521 299 642 355 οἶκός
697 324 788 364 μου
843 299 965 355 οἶκος
1020 301 1290 366 προσευχῆς
1341 294 1672 361 κληθήσεται.”

98 380 426 446 ἐπεσημήνατο
461 382 508 433 δὲ
543 382 597 434 τὸ
632 383 827 449 γράμμα
864 382 918 434 τὸ
957 380 1078 448 ἱερὸν
1117 384 1177 434 ὡς
1212 387 1239 410 ‘⁶
1258 378 1605 444 Ἐμνήσθησαν
1635 379 1714 427 oia
1740 392 1826 425 269
1844 390 1894 423 A.

98 469 125 492 ‘⁶
150 466 365 528 μαθηταὶ,
387 464 457 515 ὅτι
483 465 805 531 γεγραμμένον
830 464 888 529 ἧν
906 467 968 516 ‘O
989 464 1130 531 ζῆλος
1155 469 1238 515 τοῦ
1265 462 1391 513 οἴκου
1418 484 1509 511 σου
1535 482 1676 511 κατα·
1736 441 1888 523 ξ’,ζῗλω

99 552 125 575 “
152 544 357 613 φάγεταί
385 548 488 609 με.”
554 546 812 611 ἐπέπληττε
846 546 899 598 δέ
923 570 1021 598 τισι
1051 548 1125 597 καὶ
1151 547 1175 596 ὁ
1203 544 1455 598 θεσπέσιος
1484 547 1678 595 Παῦλος

57 626 250 682 5τοιάδε
294 628 396 679 τινὰ
433 634 617 693 τολμᾶν
659 628 861 680 εἰωθόσι·
908 629 1079 696 γράφει
1117 627 1210 693 γὰρ
1249 628 1369 677 οὕτω
1409 634 1435 654 “
1455 622 1540 687 Μὴ
1584 622 1677 689 γὰρ
1738 629 1848 704 {1052

100 718 127 741 ‘⁶
150 713 293 766 οἰκίας
319 714 401 764 οὐκ
425 713 548 780 ε”χετε
572 717 634 766 εἷς
660 712 714 764 τὸ
740 714 911 764 ἐσθίειν
944 715 1017 763 καὶ
1043 713 1221 771 πίνεινς
1261 709 1290 774 ἢ
1317 713 1399 773 τῆς
1427 709 1680 772 ἐκκλησίας
1774 698 1780 704 ·
1845 695 1851 702 ι

101 799 128 823 “
151 799 233 844 τοῦ
250 797 374 845 Θεοῦ
399 799 745 863 καταφρονεῖτε,
773 797 846 846 καὶ
872 793 1204 861 καταισχύνετε
1230 792 1336 846 τοὺς
1359 790 1422 854 μὴ
1447 790 1678 857 &xcv-ras?

100 875 379 929 ἀλυσιτελὲς
426 876 482 941 δὴ
527 877 607 927 οὖν
652 878 814 942 ὁρᾶται
856 879 1074 943 πανταχῆ
1126 874 1179 926 τὸ
1229 879 1324 927 τοῖς
1363 873 1498 926 θείοις
1544 872 1682 925 οἴκοις

100 961 478 1025 κατακεχρῆσθαι
509 964 705 1022 τολμᾶν,
738 960 908 1010 ὡσανεὶ
944 960 1018 1009 καὶ
1054 961 1220 1010 κοινοῖς
1255 958 1329 1007 καὶ
1368 958 1463 1008 τοῖς
1499 952 1684 1021 ἑκάστῳ

37 1060 82 1085 10
100 1041 424 1106 προσήκουσιν
469 1043 636 1095 ἰδικῶς.
704 1047 796 1092 ποῦ
840 1041 934 1107 ’γὰρ
975 1040 1033 1091 ἂν
1077 1040 1143 1090 ε”τι
1186 1037 1239 1089 τὸ
1283 1041 1392 1107 Θεῷ
1440 1037 1685 1102 προσῆκον

100 1127 285 1189 τηροῖτο
315 1123 478 1186 σέβας,
503 1128 538 1175 εἱ
574 1122 753 1188 σαρκὸς
787 1123 954 1187 ἡδονὰς
989 1122 1302 1189 θεραπεύομεν
1337 1122 1385 1171 ἐν
1418 1121 1684 1188 ὀφθαλμοῖς
1702 1132 1728 1172 b

102 1206 276 1266 αὐτοῦς
320 1208 396 1257 καὶ
431 1208 478 1257 ἐν
513 1205 579 1260 οἷς
619 1208 706 1257 ἔδει
744 1205 989 1273 λαμπροὺς
1028 1207 1231 1271 ὁρᾶσθαι
1271 1202 1346 1254 διὰ
1384 1199 1684 1265 σεμνότητος,

0 1353 1 1358 ¹
102 1289 249 1339 ἐκεῖσε
287 1292 641 1355 καταγελᾶσθαι
679 1289 1126 1341 κατολισθαίνοντας
1161 1290 1223 1340 εἷς
1261 1285 1314 1336 τὸ
1353 1283 1571 1346 ἀκαλλὲς,
1611 1284 1685 1333 καὶ

0 1369 1 1440 ᾖ
104 1375 218 1438 δρᾶν
257 1373 502 1426 ἐθέλοντας
552 1370 581 1423 ἃ
630 1372 694 1436 μὴ
740 1373 903 1436 θέμιςς
959 1371 984 1423 ὃ
1035 1370 1091 1436 δὴ
1136 1367 1384 1423 ποιοῦντάς
1428 1391 1555 1421 τινας
1604 1368 1686 1418 οὐκ

0 1445 2 1476 ι

0 1501 2 1520 ἶ

0 1535 3 1555 Ι

0 1485 2 1500 1
39 1469 85 1509 15
105 1454 381 1519 ἀμωμήτους
419 1456 484 1524 ἐᾷ,
521 1457 595 1505 καὶ
635 1453 828 1525 σφόδρα
866 1453 1065 1508 εἰκότως.
1133 1454 1185 1504 οὐ
1223 1452 1316 1518 γὰρ
1355 1450 1682 1515 ἀπήλλαττον,

105 1539 241 1607 φησί,
288 1538 707 1604 περιτανυσμάτων
764 1536 817 1588 τὸ
868 1535 1172 1607 θυσιαστήριον,
1231 1534 1341 1585 ἀλλ’
1401 1534 1474 1584 ὑπ’
1534 1533 1686 1582 αὐτῶν

103 1619 408 1682 πεπτωκότες,
446 1621 746 1684 καταμεθύειν
797 1618 1096 1680 κατετόλμων
1140 1619 1214 1668 καὶ
1258 1615 1317 1667 τά
1365 1616 1530 1679 ἡδονῆς
1572 1614 1685 1679 ἔργα

102 1710 329 1772 πληροῦν,
367 1705 442 1756 ἵνα
476 1707 550 1756 καὶ
592 1704 840 1756 ἀκούσειαν
878 1708 1002 1755 Θεοῦ
1039 1703 1259 1768 λε’γοντος
1297 1703 1501 1766 ἐναργῶς
1542 1707 1567 1728 “
1591 1700 1683 1748 Καὶ
1745 1716 1842 1766 Hier.-

105 1792 133 1816 “
157 1786 248 1853 ἐγὼ
286 1787 475 1854 μάρτυς,
514 1786 639 1853 λέγει
679 1786 888 1854 Κύριος.”
955 1787 1077 1839 τίνος
1115 1786 1157 1836 δ’
1195 1783 1253 1834 ἂν
1291 1781 1551 1849 ἀπόσχοιτο
1589 1785 1722 1843 τῶνρ
1744 1771 1855 1843 ἵζω

41 1895 88 1920 20
106 1868 294 1920 ἀτόπων
332 1869 540 1924 κάτοινος
578 1868 707 1935 ἀνὴρ,
740 1872 814 1920 καὶ
849 1868 932 1923 τὰς
969 1867 1142 1936 φρένας
1174 1863 1569 1931 παρενηνεγμένος
1609 1865 1684 1913 καὶ

105 1951 221 2018 πρὸς
262 1957 358 2003 πᾶν
401 1953 554 2003 ὁτιοῦν
594 1953 796 2006 εὐκόλως
839 1955 933 2001 τῶν
971 1954 1159 2011 κακῶν;
1205 1950 1355 2017 ἐφορᾷ
1398 1946 1481 2009 μὲν
1526 1944 1617 2011 γὰρ
1659 1946 1684 1996 ὁ

106 2038 200 2085 τῶν
234 2034 360 2086 ὅλων
395 2033 516 2088 Θεὸς
551 2036 626 2085 καὶ
665 2033 770 2084 “w‘c
806 2035 854 2084 ἐν
892 2037 957 2103 τῷ
995 2031 1192 2093 σκότει,”
1230 2029 1348 2080 κατὰ
1386 2028 1439 2079 τὸ
1479 2050 1684 2094 γεγραμ-
1744 2037 1880 2068 13311-ἱί-

107 2115 258 2179 μένον,
283 2119 358 2168 καὶ
393 2117 606 2168 ἄποπτον
637 2117 762 2185 αὐτῷ
795 2119 1037 2168 παντελῶς
1071 2112 1219 2164 οὐδέν·
1263 2114 1390 2162 δοκεῖ
1419 2111 1472 2161 δέ
1502 2132 1602 2162 πως
1628 2108 1687 2159 τὰ

108 2199 156 2249 ἐν
180 2199 448 2263 ἐκκλησίαις
478 2198 708 2263 μάλιστα,
734 2199 981 2265 μονονουχὶ
1006 2194 1237 2262 παρόντος
1265 2217 1313 2244 τε
1346 2195 1421 2243 καὶ
1446 2190 1687 2255 θεωμένου,

45 2298 91 2338 25
109 2280 399 2347 πράττεσθαι
429 2279 546 2349 πρὸς
571 2281 716 2346 ἡμῶν.
785 2281 858 2331 καὶ
887 2279 1012 2344 εἴπερ
1039 2279 1141 2328 ἐστὶ
1166 2276 1463 2342 πάναισχρον
1488 2276 1689 2337 ἀληθῶς,

159 2450 191 2473 2.
217 2436 466 2483 ἐπεσημήνατο]
488 2436 675 2480 ἐπεσήμηνε
696 2435 785 2469 Edd.
1009 2446 1041 2476 4.
1068 2432 1245 2476 κορινθίοις
1262 2442 1324 2475 pro
1338 2444 1408 2464 τισι
1428 2429 1504 2463 Cat.
1557 2428 1652 2462 Haec
1671 2430 1689 2462 ὁ

113 2485 295 2521 θεσπέσιος
311 2492 493 2530 assumpta
509 2496 549 2518 ex
568 2484 659 2518 A.B.
679 2482 755 2517 Cat.
976 2490 1008 2526 5.
1036 2481 1163 2525 γράφει
1180 2480 1245 2523 γὰρ
1264 2476 1360 2511 οὕτω·
1386 2476 1430 2520 μὴ
1447 2475 1529 2521 γὰρ]
1549 2476 1593 2519 μὴ
1611 2477 1689 2521 γὰρ,

111 2533 220 2578 φησὶν
238 2531 329 2566 Edd.
518 2540 550 2576 7.
578 2531 631 2564 καὶ
648 2528 887 2574 καταισχύνετε
904 2527 980 2562 τοὺς
996 2527 1040 2571 μὴ
1059 2524 1214 2571 ἔχοντας]
1237 2525 1333 2558 Haec
1350 2530 1569 2557 accesserunt
1587 2534 1628 2556 ex
1647 2523 1689 2556 B.

113 2580 165 2613 καὶ
182 2578 421 2623 καταισχύνετε
438 2578 516 2613 τοὺς
531 2576 687 2622 πτωχούς
705 2578 748 2610 Α.
989 2575 1021 2607 8.
1048 2574 1086 2606 οὐ
1104 2572 1283 2606 λυσιτελὲς
1302 2571 1377 2604 Cat.
1427 2571 1579 2614 πανταχῆ
1598 2569 1689 2603 A.B.

112 2628 284 2671 πανταχοῦ
304 2625 393 2659 Edd.
413 2625 488 2659 Cat.
631 2635 664 2669 9.
691 2623 743 2656 καὶ
761 2621 875 2667 prius]
899 2625 935 2661 -ξ-
956 2622 1026 2655 τοῖς
1045 2619 1134 2653 Edd.
1152 2619 1268 2652 invitis
1288 2618 1331 2651 A.
1352 2616 1427 2650 Cat.
1574 2627 1625 2650 10.
1651 2615 1692 2650 ἂν

114 2684 182 2706 om.
197 2673 241 2707 A.
261 2672 337 2706 Cat.
356 2679 435 2717 post
451 2672 625 2716 προσῆκον
642 2677 683 2704 tr.
704 2669 794 2703 Edd.
843 2671 880 2703 τὸ
902 2668 942 2701 Β.
960 2669 1006 2712 τῷ
1029 2666 1104 2701 Cat.
1126 2665 1216 2699 Edd.
1380 2674 1432 2697 ΙΙ.
1458 2664 1554 2706 τηροῖ
1573 2664 1610 2696 τὸ
1630 2674 1691 2707 pro

113 2721 245 2764 τηροῖτο
265 2719 342 2753 Cat.
463 2729 514 2752 12.
541 2718 575 2751 ἐν
593 2715 642 2751 οἶς
659 2717 738 2760 ἔδει]
760 2713 841 2750 εἶναι
859 2715 897 2758 δὴ
917 2715 996 2757 (Sic)
1012 2713 1054 2747 A.
1067 2711 1106 2746 ἵν’
1123 2713 1191 2746 ἔδει
1207 2711 1282 2745 Cat.
1332 2711 1536 2753 σεμνότητος
1552 2710 1595 2743 A.
1615 2709 1691 2744 Cat.

114 2765 301 2810 σεμνότητα
320 2765 411 2800 Edd.
557 2775 609 2809 13.
635 2764 744 2797 ἐκεῖσε
762 2761 1012 2807 καταγελᾶσθαι
1032 2760 1074 2793 Β.
1094 2760 1159 2792 ε’κεῖ
1176 2758 1344 2804 γελᾶσθαι
1364 2757 1439 2791 Cat.
1459 2756 1550 2790 Edd.
1595 2756 1692 2790 Haec

116 2812 161 2848 εἷς
177 2814 215 2847 τὸ
231 2813 283 2847 ἀκ.
302 2814 355 2846 καὶ
372 2813 454 2857 δρᾶν
471 2811 650 2845 ἐθέλοντας
667 2815 887 2843 accesserunt
905 2820 944 2842 ex
960 2807 1050 2841 A.B.
1066 2806 1142 2840 Cat.
1289 2804 1340 2838 16.
1367 2804 1586 2847 τανυσμάτων
1602 2802 1693 2837 Edd.

116 2859 169 2894 ὑπ’
187 2860 295 2894 αὐτῶν
312 2860 355 2893 A.
373 2858 426 2894 ὑπ’
445 2859 533 2904 αὐτῷ
554 2857 595 2891 Β.
612 2855 666 2890 ὑπ’
681 2856 762 2889 αὐτὸ
781 2855 872 2889 Edd.
1099 2863 1150 2897 17.
1175 2850 1309 2896 μεθύειν
1331 2851 1370 2885 Β.
1420 2852 1632 2892 κατετόλμων
1649 2850 1693 2884 Α.

118 2906 268 2950 ἐτολμων
286 2905 377 2940 Edd.
547 2904 599 2938 18.
625 2902 804 2937 ἀκούσειαν
821 2903 908 2935 Θεοῦ
926 2900 992 2935 hoc
1010 2900 1130 2934 ordine
1148 2899 1238 2933 Α.Β.
1408 2908 1462 2931 21.
1488 2897 1633 2932 εὐκόλως
1649 2897 1694 2931 A.

119 2955 255 2988 εὔκολος
274 2952 365 2987 Edd.
577 2961 630 2984 22.
655 2952 701 2995 τῷ
720 2954 941 2993 assumptum
960 2959 1000 2981 ex
1015 2947 1059 2981 A.
1076 2946 1152 2980 Cat.
1391 2955 1445 2987 24.
1471 2944 1631 2988 ἐκκλησίᾳ
1653 2943 1695 2977 Β.

122 3010 176 3044 25.
202 3000 292 3044 ὑμῶν
310 3011 372 3044 pro
389 2998 481 3043 ἡμῶν
499 2997 590 3032 Edd.
609 2995 886 3042 repugnantibus
905 2994 994 3028 AB.
1015 2993 1092 3028 Cat.
