2021 3434
105 173 146 214 ii.
165 188 316 231 30,31.
547 179 621 220 IN
661 179 934 221 JOELEM.
996 178 1144 219 TOM.
1181 177 1242 219 Π.
1584 177 1662 216 341

104 287 250 347 δῆλον
287 286 336 338 δὲ
373 287 442 339 ὅτι
473 288 556 354 τὴν
593 291 918 356 πνευματικήν.
983 292 1087 342 καθ’
1118 291 1262 341 ὕπνον
1287 287 1334 339 δὲ
1363 292 1429 357 τῷ
1459 288 1705 356 μακαρίῳθ

105 368 286 439 Παύλῳ
311 369 394 425 τὰς
419 371 550 426 λιτὰς
575 373 716 424 ἐδόκει
742 373 1027 442 προσφέρειν
1051 375 1075 424 ὁ
1102 371 1346 424 Μακεδών·
1386 370 1442 435 ἦν
1467 367 1559 435 γὰρ
1584 368 1669 433 τὴν

104 451 253 515 φρένα
276 453 560 519 πρεσβύτης,
586 454 668 506 τὸν
702 462 810 506 νοῦν
843 456 1049 521 γηραιὸς,
1080 457 1153 505 καὶ
1187 457 1268 517 τῆς
1294 453 1468 504 ἄνωθεν
1493 452 1669 519 σοφίας

104 531 331 593 ἔμπλεως.
397 537 692 603 προσεφώνει
730 537 784 589 δέ
817 561 908 589 που
950 540 1025 588 καὶ
1066 539 1090 588 ὁ
1131 535 1285 602 σοφὸς
1317 535 1536 599 Ἰωάννης
1573 537 1668 587 τοῖς

63 626 85 664 5
105 614 402 678 ἡγιασμένοις
432 618 480 667 ἐν
504 622 702 688 Χριστῷ
735 619 809 670 δια
833 621 1036 673 πίστεως
1063 626 1089 648 “
1110 619 1288 686 Γράφω
1322 618 1427 678 ὑμῖν
1461 615 1667 681 πατέρες,
1731 637 1886 672 1S.J0an.

104 703 130 725 ‘⁶
156 696 226 747 ὅτι
263 698 490 763 ἐγνώκατε
526 724 608 752 τον
646 702 721 752 ἀπ
748 703 907 769 ἀρχῆς.
974 699 1144 768 γράφω
1180 702 1285 761 ὑμῖν
1321 699 1566 760 νεανίσκοι,
1598 696 1668 747 ὅτι
1725 692 1757 712 ¹¹¹
1776 692 1887 726 13‚¹4·

104 784 131 807 ‘⁶
158 782 346 847 ἰσχυροί
366 782 474 832 ἐστε
510 784 585 833 καὶ
617 782 877 847 νενικήκατε
903 806 985 834 τον
1010 781 1258 847 πονηρόν.”
1325 778 1668 846 ἐπαγγέλλεται

103 860 158 925 δὴ
197 863 278 913 οῦν
311 863 395 926 τὴν
431 863 572 931 χύσιν
609 870 692 915 τοῦ
725 864 889 930 Ἀγίου
928 864 1199 927 Πνεύματος
1236 868 1332 916 τοῖς
1370 863 1670 913 δουλεύουσιν

102 944 239 1013 αὐτῷ.
301 945 417 999 τίνες
454 947 492 996 δ’
531 944 589 997 ἂν
627 950 668 997 οἱ
705 947 869 997 τοιοίδε
905 945 1084 996 πάλιν·
1074 987 1086 1006 ,
1136 943 1165 1009 ἢ
1205 947 1363 996 ἐκεῖνοι
1404 943 1590 997 πάντως
1629 943 1709 994 oia
1734 958 1820 992 230
1838 957 1886 991 A.

37 1050 84 1076 10
102 1030 197 1080 τοῖς
235 1027 551 1093 εὐαγγελικοῖς
586 1028 910 1091 θεσπίσμασιν
941 1027 1230 1096 ὑποφέρουσι
1267 1026 1350 1077 τὸν
1387 1026 1557 1093 αὐχένα
1590 1029 1672 1090 τῆς

103 1110 314 1172 διανοίας,
348 1112 430 1173 τῆς
463 1110 547 1174 μὲν
586 1112 634 1162 ἐν
670 1110 802 1180 τύπῳ
843 1111 1058 1176 λατρείας
1095 1107 1515 1177 ἁποφοιτήσαντες,
1550 1109 1670 1159 Ἑλ-

103 1194 293 1255 ληνικῆς
318 1190 367 1243 δὲ
392 1192 572 1257 ἀπάτης
597 1192 988 1257 ἀποπεπαυμένοι,
1016 1191 1133 1243 κατὰ
1158 1191 1240 1243 τὸν
1266 1191 1499 1257 λέγοντας

106 1427 179 1468 Καὶ
208 1427 337 1470 δώσω
377 1430 532 1486 τέρατα
566 1428 610 1470 ὲν
648 1430 710 1483 τῷ
747 1429 916 1485 οὐρανῷ
952 1428 1043 1469 ἄνω
1081 1427 1149 1469 καὶ
1185 1424 1337 1476 σΗμεῖα
1380 1427 1449 1468 ἐπὶ
1485 1431 1559 1468 τῆς
1595 1431 1667 1474 Γῆς
1689 1437 1737 1472 30

168 1513 296 1562 κάτω,
334 1507 436 1561 αἷμα
477 1513 546 1553 καὶ
577 1515 655 1570 Πῦρ
695 1512 763 1553 καί
802 1511 954 1561 ἀτμίδα
993 1514 1162 1553 καπνοῦ.
1220 1512 1243 1553 ὁ
1282 1512 1400 1551 ἥλιος
1434 1525 1668 1567 μεταστρα-
1688 1521 1732 1556 31

36 1606 81 1645 15
168 1597 349 1652 φύσεται
385 1595 444 1637 εἷο
483 1597 633 1639 σκότος
671 1596 738 1638 καὶ
781 1596 803 1638 ᾗ
843 1596 997 1639 σελήνΗ
1036 1594 1095 1638 εἷο
1132 1592 1247 1646 αἷμα,
1284 1595 1380 1652 Πρὶν
1416 1591 1554 1635 ἐλθεῖν
1590 1588 1711 1635 n‘wb

168 1681 327 1737 ἡμέραν
356 1680 502 1737 Κυρίου
528 1681 604 1722 τὴν
630 1683 814 1730 μεΓάλΗν
843 1681 910 1722 καὶ
936 1681 1135 1736 ἐπιφανῆ.

171 1803 282 1854 Ἐπὶ
324 1807 423 1857 ταῖς
463 1808 556 1854 τῶν
592 1804 826 1855 Ἰουδαίων
866 1802 1174 1865 δυσσεβείαις,
1212 1806 1311 1856 ταῖς
1354 1804 1414 1855 εἷς
1453 1799 1668 1867 Χριστὸν

101 1885 317 1950 δηλονότι
351 1886 687 1951 γεγενημέναις,
714 1888 789 1937 καὶ
827 1885 941 1950 αὐτὴ
976 1890 1068 1936 τῶν
1098 1885 1343 1952 στοιχείων
1374 1882 1667 1951 δεδυσφόρη-

101 1968 230 2031 κενή
263 1968 419 2035 φύσις,
445 1968 814 2034 κατωλοφύρατο
846 1970 893 2019 δὲ
931 1966 1094 2034 ὥσπερ
1132 1967 1158 2031 ἡ
1194 1967 1356 2028 κτίσις,
1384 1967 1667 2032 ὑβρισμένον

34 2069 82 2094 20
102 2050 262 2115 ὁρῶσα
287 2049 368 2100 τὸν
394 2051 556 2114 ἑαυτῆς
582 2050 850 2114 Δεσπότην,
879 2052 952 2100 καὶ
978 2051 1002 2100 ὁ
1028 2047 1112 2112 μὲν
1137 2052 1256 2101 θεῖος
1287 2047 1395 2102 ναὸς
1419 2050 1666 2115 μονονουχὶ

100 2133 175 2182 καὶ
208 2130 473 2199 ἀσχάλλων
513 2137 608 2185 τοῖς
641 2136 893 2183 πενθοῦσιν
931 2133 978 2182 ἐν
1016 2131 1120 2201 ἰ’σῳ,
1155 2129 1528 2196 περιεῤῥήγνυτο·
1581 2129 1664 2194 γέ-

99 2237 304 2281 γραπται
338 2213 443 2281 γὰρ,
475 2214 545 2265 ὅτι
571 2221 596 2243 “
617 2213 687 2265 Τὸ
719 2214 1057 2276 καταπέτασμα
1087 2218 1169 2263 τοῦ
1204 2218 1314 2262 ναοῦ
1344 2213 1547 2278 ἐσχίσθη
1574 2210 1666 2262 ἀπὸ
1725 2215 1884 2291 {xhvsgffllb

1819 2279 1849 2300 ,ὓ
1878 2286 1883 2291 ,

100 2304 127 2326 “
153 2297 328 2348 ἄνωθεν
367 2295 451 2350 ἕως
489 2295 658 2348 κάτω”’
700 2298 724 2347 ὁ
748 2298 866 2358 ἥλιος
896 2295 943 2346 δὲ
974 2295 1027 2347 τὸ
1062 2299 1224 2346 οἰκεῖον
1252 2294 1494 2362 ἀνακύψας
1519 2293 1666 2348 σέλας

100 2382 174 2431 καὶ
211 2379 295 2444 τὴν
331 2381 492 2430 ἀκτῖνα
525 2378 826 2444 συνενεγκὼν,
859 2379 940 2428 οὐκ
978 2377 1109 2446 ἠξίου
1147 2379 1326 2445 φαίνειν
1364 2376 1428 2426 ε”τι
1465 2380 1558 2429 τοῖς
1592 2377 1665 2427 ἐπὶ

35 2479 81 2518 25
99 2465 181 2527 τῆς
221 2465 321 2528 γῆς.
384 2462 523 2513 ἐποίει
570 2460 662 2527 γὰρ
705 2459 875 2513 σκότος
923 2459 1015 2511 ἀπὸ
1065 2458 1187 2526 ὥρας
1233 2458 1364 2523 ἕκτης
1414 2457 1497 2511 ἕως
1545 2458 1702 2525 ὥραςο
1734 2472 1855 2512 Ib-45·

150 2625 179 2648 1.
205 2613 264 2657 τὴν
280 2624 350 2647 om.
369 2612 411 2646 B.
462 2613 558 2646 Haec
574 2614 621 2659 τῷ
637 2613 785 2657 μακαρίῳ
803 2618 980 2657 assumpta
996 2623 1038 2645 ex
1057 2611 1097 2645 B.
1254 2611 1287 2644 8.
1313 2609 1428 2655 ιΑγιόυ
1445 2614 1665 2654 assumptum

99 2672 141 2695 ex
160 2660 202 2694 B.
393 2659 446 2694 16.
471 2660 530 2703 τὴν
546 2671 615 2693 om.
634 2659 724 2693 Edd.
743 2659 831 2702 (68.)
1022 2667 1073 2703 17.
1100 2661 1165 2692 τῶν
1180 2656 1348 2691 Ἰουδαίων
1365 2656 1582 2696 δυσσεβείαις
1598 2656 1664 2690 hoc

99 2707 220 2741 ordine
236 2706 271 2741 b.
285 2718 314 2740 c.
330 2706 364 2740 d.
505 2707 557 2740 18.
583 2706 738 2749 δηλονότι
756 2711 974 2750 assumptum
993 2717 1033 2738 ex
1051 2706 1084 2739 b.
1101 2717 1129 2738 c.
1146 2704 1179 2738 d.
1326 2715 1377 2749 19.
1405 2704 1664 2748 κατωλοφὺρετο

98 2760 132 2788 et
149 2753 417 2798 καθυβρισμένον
433 2752 524 2787 Edd
543 2753 658 2786 lnvitis
677 2753 816 2786 nostris.
993 2763 1048 2786 20.
1073 2753 1130 2785 τὸν
1147 2752 1262 2795 ἑαυτῆς
1278 2751 1447 2793 δεσπότην
1463 2750 1498 2784 b.
1510 2762 1538 2784 c.
1553 2750 1587 2784 d.
1605 2752 1664 2784 τὸν

100 2801 260 2835 κτίσαντα
280 2799 369 2833 Edd.
417 2800 596 2844 μονονουχὶ
614 2800 666 2833 καὶ
683 2799 716 2833 b.
731 2811 760 2833 C.
773 2799 807 2832 d.
826 2799 869 2834 ὡς
888 2798 978 2832 Edd.
1144 2810 1198 2839 21,
1219 2809 1272 2832 22.
1297 2798 1484 2842 ἀσχάλλων
1501 2799 1570 2832 τοῖς
1585 2812 1663 2831 πεν-

99 2848 220 2882 θοῦσιν
237 2853 269 2881 et
287 2847 524 2890 καταπέτασμα
541 2849 599 2880 τοῦ
617 2849 695 2880 ναοῦ
712 2845 777 2880 hoc
795 2846 915 2880 ordine
933 2845 966 2879 b.
979 2857 1008 2879 c.
1024 2844 1056 2879 d.
1241 2855 1296 2878 22.
1315 2844 1462 2890 ἐσχίσθη
1481 2851 1560 2888 post
1578 2845 1664 2878 κάτω

99 2900 231 2939 transp.
252 2893 342 2927 Edd
360 2893 634 2938 repugnantibus
653 2893 828 2927 omnibus.
988 2903 1041 2935 23.
1069 2890 1212 2925 κάτωθεν
1230 2892 1308 2936 (sic)
1326 2892 1360 2925 b.
1410 2893 1428 2924 ὁ
1446 2903 1515 2925 om.
1535 2890 1569 2925 b.
1585 2903 1613 2925 c.
1629 2891 1664 2925 d.

99 2941 289 2987 ἀνακύψας]
308 2941 500 2974 ἀνακόπτων
516 2941 550 2974 b.
568 2940 720 2974 ἀνάπτων
738 2951 766 2973 c.
780 2939 813 2973 d.
988 2950 1042 2981 24.
1071 2938 1166 2972 Haec
1185 2939 1237 2972 καὶ
1254 2939 1312 2982 τὴν
1329 2938 1442 2972 ἀκτῖνα
1460 2938 1666 2984 συνενεγκὼν

101 2988 285 3033 (συνεγκὼν
303 3000 332 3022 c.
339 2990 348 3029 )
367 2999 479 3022 access
484 2999 518 3021 ει
522 2993 584 3022 unt
602 3000 641 3021 ex
660 2987 693 3021 b.
707 2998 734 3021 c.
750 2986 782 3020 d.
927 2997 980 3031 25.
1007 2987 1092 3030 ὧρας
1110 2986 1167 3019 alt.
1186 2992 1406 3030 assumptum
1424 2997 1465 3019 ex
1483 2996 1511 3020 c.
1526 2984 1559 3019 d.
