2021 3434
127 196 197 237 vii.
213 208 253 251 5,
276 200 315 239 6.
489 200 562 241 IN
613 201 998 242 MICHAEAM.
1058 199 1210 241 TOM.
1247 199 1333 241 III.
1617 197 1698 237 719

127 305 211 368 μὲν
237 308 319 358 οὐκ
345 307 490 375 ἔδρων
514 313 556 360 οἱ
581 311 786 361 δείλαιοι·
830 309 1006 372 πόθεν;
1042 310 1330 371 δυσβουλίας
1355 306 1403 358 δὲ
1429 311 1618 370 μᾶλλον
1638 309 1699 358 εἰς

126 393 264 440 τοῦτο
301 390 612 454 κατώλισθον,
643 395 703 446 ὡς
742 392 926 443 οἴεσθαί
959 415 1008 443 τε
1047 394 1122 442 καὶ
1158 391 1405 451 πιστεύειν,
1435 388 1505 439 ὅτι
1544 385 1694 453 περιέ-

126 492 294 522 σονται
325 471 410 536 μὲν
440 476 522 538 τῆς
555 475 678 528 θείας
711 475 867 540 ὀργῆς,
894 473 1350 539 κατευμεγεθήσουσι
1386 471 1447 534 δὲ,
1481 472 1556 521 καὶ
1589 470 1699 519 λίαν

127 553 348 617 εὐκόλως,
378 555 588 619 πολεμου
612 555 801 617 παντὸς,
829 560 866 606 εἰ
903 555 987 609 τὰς
1024 560 1119 606 τῶν
1157 553 1341 621 ὁμόρων
1374 555 1519 605 ἐθνῶν
1553 552 1700 618 ἔχοιεν

18 637 21 690 s
85 653 107 691 5
127 635 398 702 ἐπικουρίας,
424 640 498 687 καὶ
521 636 605 691 τὰς
630 642 724 689 τῶν
749 638 990 705 ἀρχόντων
1014 638 1277 701 συμπνοίας
1302 638 1376 687 καὶ
1403 633 1695 700 ὑποσχέσεις.
1717 656 1739 683 e

126 715 197 767 ὅτι
221 717 270 767 δὲ
294 721 496 786 ψυχροῖς
522 721 597 770 καὶ
632 721 814 774 εἷκαιόις
851 719 1239 787 ἐπιτεθαῤῥήκασι
1279 721 1597 786 φενακισμοῖς,
1624 717 1699 766 καὶ

125 796 351 863 ἀνόνητον
388 800 549 869 ἕξουσι
587 806 830 855 παντελῶς
867 801 953 865 τὴν
983 803 1164 863 ἐλπίδα,
1197 800 1433 852 διδάσκειν
1471 797 1636 852 αὐτοῦς
1674 798 1700 847 ὁ

127 880 388 949 Προφήτης
412 888 637 949 πειρᾶται,
664 884 820 948 λέγων
847 884 921 943 Mn
952 883 1304 934 καταπιστεύετε
1331 884 1367 934 ἐν
1394 885 1562 950 φίλοις,
1589 877 1700 949 μηδὲ

126 962 329 1033 ἐλπίζετε
363 965 434 1015 ἐπὶ
468 966 728 1032 ἡγουμένοις·
770 965 1017 1033 σφαλερὸν
1041 964 1135 1030 γὰρ
1161 963 1214 1015 τὸ
1240 967 1399 1031 χρῆμα
1425 965 1500 1014 καὶ
1526 963 1695 1026 ἀνόνη-

60 1070 106 1094 10
125 1066 208 1095 τον
231 1051 487 1101 παντελῶς.
550 1047 704 1111 ἐπειδὴ
738 1046 831 1113 γὰρ
854 1047 963 1111 ἧκεν
989 1049 1014 1097 ὁ
1041 1046 1345 1107 Βαβυλώνιος
1380 1045 1699 1113 καταδῃώσων

125 1126 210 1191 τὴν
234 1128 514 1195 Σαμάρειαν,
543 1129 646 1180 τότε
674 1128 730 1193 δὴ
753 1129 857 1180 τότε
889 1133 983 1179 τῶν
1008 1128 1191 1194 ὁμόρων
1215 1131 1360 1179 ἐθνῶν
1388 1131 1430 1179 οὶ
1459 1127 1696 1195 ἡγούμενοι,

124 1210 272 1261 καίτοι
305 1211 536 1276 πλείστην
567 1210 688 1276 ὅσην
722 1212 876 1264 αὐτοῖς
906 1210 1268 1278 ὑπισχνούμενοι
1302 1209 1386 1274 τὴν
1421 1210 1695 1276 ἐπικουρίαν,

123 1292 230 1347 τοῦς
252 1294 365 1359 ὑπέρ
384 1316 439 1360 γε
462 1297 606 1362 σφῶν
631 1294 784 1344 αὐτῶν
810 1295 994 1358 ἀγῶνας
1021 1292 1204 1360 ἔχοντες
1230 1294 1283 1343 οὐ
1305 1292 1513 1358 μετρίως,
1531 1293 1690 1343 ἀσπα-

124 1372 244 1426 στὸν
292 1376 494 1440 ἡγοῦντο
537 1373 592 1426 τὸ
636 1375 873 1441 σώζεσθαι
916 1375 1079 1438 μόνον,
1122 1373 1176 1425 τὸ
1223 1374 1270 1425 δὲ
1314 1374 1371 1438 δὴ
1410 1377 1577 1441 χρῆναι
1620 1374 1735 1425 καὶει
1760 1388 1850 1423 460
1866 1388 1916 1422 A.

11 1513 13 1521 ¹
56 1481 102 1520 15
124 1456 289 1522 ἑτέροις
327 1458 593 1524 ἐπικουρεῖν,
632 1458 728 1508 οὐδ’
758 1456 876 1507 ὅσον
913 1459 974 1510 εἰς
1018 1461 1126 1507 νοῦν
1160 1458 1397 1508 ἐποιοῦντο
1436 1456 1573 1523 τάχα.
1632 1454 1695 1525 μὴ

122 1541 277 1589 τοίνυν
303 1540 340 1591 ἐν
366 1544 516 1608 φίλοις
551 1537 919 1602 nasama-redere,
949 1535 1058 1605 μηδὲ
1092 1540 1294 1609 ἐλπίζετε
1327 1539 1400 1590 ἐπὶ
1427 1538 1690 1605 ἡγουμένοις·

122 1620 226 1671 ’ίστε
260 1619 320 1683 δὲ,
348 1623 510 1689 φησὶν,
537 1620 607 1672 ὅτι
634 1625 758 1672 Θεοῦ
789 1623 895 1672 καθ’
925 1623 1053 1683 ὑμῶν
1082 1626 1316 1675 κινοῦντος
1349 1620 1408 1672 τὰ
1438 1621 1494 1689 ἐξ
1527 1622 1690 1687 ὀργῆς,

121 1702 225 1753 οὐδὲ
272 1702 409 1757 αὐτὸς
452 1705 557 1767 ὑμῖν
607 1705 632 1753 ὁ
676 1706 759 1767 τῆς
806 1703 996 1770 φύσεως
1047 1701 1187 1765 νόμος
1230 1706 1304 1753 καὶ
1354 1705 1437 1766 τῆς
1486 1702 1695 1771 ἐμφύτου

122 1785 466 1854 φιλοστοργίας
506 1786 534 1850 ἡ
577 1786 768 1849 δύναμις
811 1785 898 1849 τὴν
941 1786 1120 1836 εὔνοιαν
1163 1789 1399 1852 χαριεῖται,
1444 1783 1530 1835 κᾶν
1579 1792 1696 1851 γοῦν

54 1891 103 1916 20
121 1871 215 1918 τῶν
241 1868 297 1936 ἐξ
323 1867 517 1932 αἵματος
541 1867 683 1934 ἐγγύς
715 1890 765 1918 τε
800 1869 876 1918 καὶ
911 1867 1087 1918 οἰκείων
1119 1866 1237 1918 κατὰ
1267 1865 1352 1930 τὴν
1377 1866 1553 1933 σάρκα,
1582 1869 1692 1918 ἀλλ’

120 1949 314 2017 ἐχθροὺς
347 1948 730 2014 ἀμομιμήσονται
764 1952 840 2001 καὶ
878 1951 1022 2002 αὐτοί.
1085 1953 1160 2002 καὶ
1196 1949 1386 2015 γύναιον
1404 1949 1489 2012 μὲν
1525 1949 1694 2016 ἀνδρὸς

121 2031 352 2099 ἀλογήσει
384 2030 502 2096 τότε,
529 2035 602 2084 υἱοὶ
632 2031 680 2083 δὲ
714 2032 936 2102 πατράσιν
972 2033 1362 2092 ἐπαναστήσονται,
1391 2033 1466 2082 καὶ
1498 2031 1591 2096 μὴν
1617 2034 1691 2083 καὶ
1709 2037 1736 2078 b

120 2114 311 2183 μητράσι
338 2112 583 2183 θυγατέρες.
657 2113 795 2168 αὐτὸς
829 2113 935 2180 γὰρ,
964 2116 1128 2184 φησὶν,
1167 2115 1192 2164 ὁ
1230 2116 1310 2176 τῆς
1350 2115 1691 2180 φιλοστοργίας

119 2194 228 2250 τοὺς
253 2195 419 2260 νόμους
453 2196 756 2264 ἐγχαράττων
780 2200 839 2265 τῇ
865 2196 1022 2264 φύσει,
1048 2196 1367 2260 μεταπείσειεν
1398 2193 1455 2246 ἂν
1488 2195 1692 2251 εὐκόλως

12 2305 17 2346 s
55 2299 101 2334 25
121 2280 198 2330 καὶ
221 2283 482 2341 μεταβαλεῖ
502 2278 621 2345 πρὸς
640 2277 695 2330 τὸ
721 2277 950 2348 ῥᾴθυμον.

196 2359 338 2424 Πλὴν
368 2360 438 2411 ὅτι
462 2364 544 2425 τῆς
571 2361 620 2412 ε”ν
644 2384 699 2428 γε
731 2361 911 2414 τούτοις
946 2361 1056 2424 ἡμῖν
1088 2361 1315 2429 ῥᾳθυμίας
1347 2360 1372 2410 ὁ
1407 2359 1580 2425 τρόπος
1605 2361 1692 2428 οὐχ

119 2441 182 2495 εἷς
209 2441 267 2493 ἂν
293 2448 444 2493 νοοῖτο
469 2445 544 2493 καὶ
572 2444 596 2493 ὁ
621 2441 773 2506 αὐτὸς,
800 2441 931 2493 ἀλλὰ
955 2440 1108 2496 διττὸς
1141 2444 1217 2492 καὶ
1246 2442 1482 2509 διάφορος.
1540 2445 1583 2492 οἱ
1607 2441 1693 2506 μὲν

120 2523 213 2591 γὰρ
250 2529 346 2578 τοῖς
383 2527 466 2589 τῆς
504 2525 849 2593 φιλοστοργίας
891 2523 1243 2590 προσκρούουσι
1282 2522 1451 2587 νόμοις,
1493 2524 1694 2578 ἀνοσίως

170 2693 200 2716 1.
219 2683 250 2716 οἱ
268 2683 418 2716 δείλαιοι·
437 2682 561 2717 πόθεν·
552 2681 582 2728 3]
604 2683 661 2717 Sic
678 2681 771 2716 edidi
789 2694 830 2716 ex
848 2681 891 2715 Β.
910 2695 941 2715 οι
959 2680 1098 2715 δείλαιοι
1111 2680 1214 2714 ποθεν
1231 2680 1323 2713 Α.οἶ
1340 2680 1484 2714 δείλαιοί
1498 2695 1581 2715 ποτε
1599 2681 1692 2716 Edd.

123 2740 155 2763 2.
173 2743 209 2762 τε
226 2741 296 2763 om.
314 2729 359 2763 A.
501 2729 533 2764 6.
552 2728 703 2774 εἷκαιοις]
721 2729 885 2764 ἀεικάκοις
902 2728 946 2761 A.
997 2727 1122 2762 Statim
1139 2726 1419 2771 ἐπιτεθαρρήκασι
1435 2727 1475 2761 Β.
1495 2728 1691 2772 ἐπιτεθαρσ.

122 2774 216 2810 Edd.
388 2784 419 2821 7.
444 2775 561 2819 ἕξουσι
579 2777 652 2810 A.'
642 2777 681 2821 έχ
684 2790 762 2810 ουσι
782 2775 872 2809 Edd.
1040 2774 1073 2808 8.
1099 2773 1357 2807 καταπιστεύετε
1374 2774 1419 2808 A.
1435 2773 1613 2808 πιστεύετε
1630 2775 1690 2809 iid.

122 2834 155 2867 9.
181 2821 264 2868 γὰρ]
286 2822 322 2857 δε
340 2823 384 2857 A.
432 2822 520 2868 ῥῆμα
538 2823 627 2868 (sic)
646 2835 707 2868 pro
724 2823 836 2867 χρῆμα
854 2822 897 2855 Α.
1113 2831 1165 2862 14.
1184 2820 1232 2877 ,δὴ
1250 2831 1319 2853 om.
1338 2820 1381 2853 A.
1480 2830 1533 2865 15.
1558 2821 1692 2866 ἑτέρους

123 2868 215 2903 Edd.
377 2870 429 2904 16.
456 2869 529 2916 ἐπὶ]
552 2874 590 2911 4-
611 2872 681 2906 τοῖς
696 2869 756 2903 iid.
775 2868 884 2902 invito
901 2868 945 2900 A.
1102 2877 1154 2910 17.
1182 2866 1295 2900 ἰστέον
1313 2866 1347 2900 b.
1396 2866 1538 2912 ὑμῶν]
1523 2871 1614 2911 ημῶν
1630 2868 1690 2903 iid-

122 2916 398 2960 repugnantibus
415 2918 459 2951 A.
464 2917 504 2950 B.
510 2917 544 2951 b.
716 2915 768 2949 18.
795 2914 871 2959 ἡμῖν
886 2913 946 2947 iid.
965 2913 1081 2947 invitis
1099 2913 1181 2947 A.b.
1229 2915 1288 2957 τῆς
1305 2914 1363 2947 alt.
1382 2925 1451 2948 om.
1471 2915 1513 2947 A.
1565 2914 1691 2949 Statim

122 2961 270 3007 ἐκφύτου
289 2962 379 2997 Edd.
398 2963 515 2997 invitis
532 2963 613 2997 A.b.
846 2972 898 3005 19.
923 2960 1051 2994 ἔννοιαν
1067 2960 1110 2994 A.
1160 2959 1220 2993 κᾶν
1234 2962 1318 3005 γοῦν
1334 2959 1461 2994 A.B.b.
1479 2962 1581 3005 ἤγουν
1598 2961 1690 2997 Edd.

124 3020 179 3044 20.
205 3024 241 3043 τε
258 3016 480 3056 assumptum
497 3022 538 3045 ex
559 3009 600 3043 B.
744 3017 799 3052 27.
826 3009 844 3042 ὁ
861 3019 931 3042 om.
950 3007 993 3041 A.
1137 3007 1192 3041 28.
1218 3005 1378 3053 ἀνοσίως]
1397 3007 1538 3044 ἀναιδῶς
1555 3007 1599 3043 Β.
