2021 3434
314 224 397 263 618
695 222 745 261 B.
790 219 1065 261 CYRILLI
1116 218 1499 258 ALEXANDR.
1688 215 1798 262 i.12,
1820 226 1884 268 13.

94 350 200 408 Supra
313 331 523 397 καθάπερ
560 334 602 381 οἱ
640 328 734 381 ἀπὸ
772 328 865 379 Γὲθ
903 330 977 378 καὶ
1014 327 1247 390 Ἐνακείμ.
1315 327 1363 376 τί
1397 326 1477 376 οὖν
1511 323 1744 390 Ἰσραήλς
1797 319 1888 387 ἆρα

95 404 159 424 ΝΚ
175 404 221 425 ω’
315 413 609 479 γελάσουσιν
635 414 730 474 εἰκῆ
754 410 814 461 τὰ
839 410 1049 476 περίοικα
1078 413 1172 460 τῶν
1197 410 1356 470 ἐθνῶν,
1384 409 1458 457 καὶ
1491 411 1637 457 ταῦτα
1671 404 1888 471 δρώντων

314 495 496 546 ἐκείνων
521 492 845 562 ἀνεξικακήσει
872 490 1022 551 Θεός;
1063 491 1272 559 ἀνέξεται
1310 490 1357 541 δὲ
1395 489 1502 554 παρ’
1535 490 1714 554 ἐχθρῶν
1739 490 1889 551 γελω-

271 590 297 630 b
315 576 452 641 με’νης
486 577 626 626 αὐτοῦ
661 577 743 638 τῆς
777 572 917 642 δόξης
941 595 952 635 ;
997 574 1223 635 οὐδαμῶς,
1248 574 1412 639 φησὶν,
1439 571 1548 620 ἀλλ’
1579 569 1624 636 ἐξ
1649 566 1763 635 ὑμῶν
1788 566 1889 630 ἠ’τοι

314 660 368 710 δι’
398 660 515 722 ὑμᾶς
553 655 758 726 λήψεται
797 657 971 721 πληγὴν
1011 651 1162 714 ὀδύνης·
1213 653 1441 715 τουτέστι,
1479 647 1889 718 καταδῃωθήσεται
1909 671 1930 709 5

314 743 390 791 καὶ
421 739 535 804 αὐτὴ
570 745 668 793 ταῖς
702 738 872 791 ἄλλαις
912 738 1045 799 ὁμοῦ.
1111 735 1401 801 πεπόρθηται
1437 733 1483 784 δὲ
1527 734 1602 783 καὶ
1635 727 1889 797 ἡΣεννειέιρ,

314 824 389 874 καὶ
415 821 570 885 μέντοι
596 823 670 872 καὶ
698 820 949 886 Αἴγυπτος,
977 817 1280 870 καταθέοντος
1307 815 1450 880 αὐτὴν
1478 814 1782 881 Σεναχηρείμ.

97 923 252 987 ιηοωπ.
387 909 478 955 Δεῖ
517 903 571 967 δὴ
616 903 696 953 οὖν
734 902 824 968 ἄρα
866 903 941 952 καὶ
980 900 1061 951 τὸν
1101 902 1286 951 ἑστῶτα
1327 902 1483 950 καλῶς
1528 899 1782 965 φοβεῖσθαι
1825 892 1889 956 μὴ

98 976 133 996 ¹*
313 987 450 1055 πέσῃ,
479 987 554 1036 καὶ
590 985 766 1052 ῥίπτειν
791 983 875 1045 μὲν
901 985 962 1036 ὡς
1001 980 1233 1033 ἀπωτάτω
1262 980 1315 1031 τὸ
1352 984 1447 1032 τοῖς
1471 976 1760 1030 πεπονθόσιν
1786 977 1885 1026 ε’πι-

94 1086 200 1160 {siml
313 1073 503 1133 μειδιᾶν,
539 1075 566 1097 “
590 1067 784 1118 Κλαίειν
816 1065 863 1117 δὲ
896 1069 1083 1129 μᾶλλον
1114 1062 1232 1127 μετὰ
1263 1059 1553 1113 κλαιόντων”
1589 1062 1663 1110 καὶ
1698 1056 1761 1122 μὴ
1792 1061 1890 1110 ταῖς
1912 1087 1958 1112 10
2019 1059 2021 1087 3

94 1153 102 1159 .
143 1155 149 1160 .
186 1150 214 1170 ³.

325 1153 335 1166 .
378 1151 390 1167 2
528 1152 537 1166 ‚
728 1155 747 1164 Α
1142 1150 1161 1158 Α
1245 1146 1255 1160 ,
1393 1142 1406 1159 s
1553 1141 1565 1159 .
1652 1145 1672 1154 Α
1868 1137 1881 1152 x

313 1174 480 1217 ετερων
516 1151 866 1219 εξοφρυουο-θαι
910 1151 1192 1215 συμφοραις,
1233 1146 1476 1194 εκδεδιεναι
1517 1145 1565 1192 δε
1608 1147 1798 1205 μαλλον
1835 1161 1890 1190 το

313 1238 408 1287 τοῖς
433 1233 553 1286 ἰ’σοις
576 1236 858 1298 περιπεσεῖν.

278 1373 298 1397 C

252 1428 389 1469 12Tic
438 1428 598 1484 ἐίρέατο
647 1426 706 1467 εἰς
750 1425 886 1472 &saed
932 1427 1186 1465 κατοικοῦσι]
1234 1422 1419 1472 &bovum
1472 1422 1537 1462 ὅτι
1581 1419 1736 1468 «mean
1781 1416 1888 1458 κακὰ

250 1516 294 1551 13
381 1511 497 1568 Παρὰ
547 1511 696 1567 Κυρίου
744 1508 810 1551 ἐπὶ
859 1509 996 1550 Πύλας
1037 1506 1334 1563 Ἵερουσαλέιμ,
1373 1505 1518 1559 ψόφος
1567 1502 1771 1559 ἁρμάτων
1822 1501 1890 1542 καί

382 1595 665 1637 ἱππευόντων.
1912 1594 1956 1634 15
2013 1610 2018 1621 .

95 1738 241 1812 ῗζξῑῖῖέη
380 1726 448 1778 ςΩ
475 1730 700 1788 Γετθαῖοι,
728 1726 894 1794 φησὶν,
920 1721 957 1773 ῶ
991 1725 1073 1785 τῆς
1098 1721 1333 1784 Ἐνακεὶμ,
1367 1716 1404 1769 ῶ
1442 1720 1524 1781 τῆς
1551 1714 1759 1781 Σενναᾶρ
1793 1714 1891 1779 ἤτοι

142 1806 148 1811 ’
195 1806 201 1817 ⁷
249 1806 254 1811 ⁴
316 1809 465 1861 Σενὰν
491 1808 738 1874 οἰκήτορες,
766 1808 848 1857 οὐκ
879 1804 1116 1871 ἐπλήγητε
1145 1808 1246 1856 ταῖς
1280 1806 1374 1853 τῶν
1401 1799 1585 1865 ὁμόρων
1609 1802 1890 1866 συμφοραῖς,

314 1892 524 1959 γέλωτος
563 1893 669 1955 ὑμῖν
707 1889 899 1956 γε’γονεν
936 1885 1130 1955 ἀφορμὴ
1169 1885 1353 1937 πίπτων
1391 1905 1440 1933 τε
1478 1883 1554 1932 καὶ
1589 1879 1892 1943 διολλύμενος

316 1977 340 2026 ὁ
374 1973 524 2026 πάλαι
563 1972 707 2027 δεινὸς
742 1974 846 2035 ὑμῖν
881 1972 956 2021 καὶ
991 1969 1226 2036 ἀφόρητος
1251 1965 1465 2031 Ἰσραήλ.
1523 1961 1702 2032 ᾠήθητε
1739 1961 1786 2012 δὲ
1823 1960 1892 2012 ὅτι

316 2060 390 2108 καὶ
429 2056 548 2110 Θεὸς
586 2053 848 2120 ἠσθένησεν
884 2055 909 2103 ὁ
947 2050 1113 2116 σώζων
1151 2047 1329 2111 αὐτοὺς,
1369 2048 1562 2115 ἕῤῥωται
1606 2043 1655 2095 δὲ
1687 2043 1748 2095 τὰ
1781 2042 1889 2110 παρ’
1910 2063 1956 2089 20

272 2145 298 2184 d
318 2142 422 2202 ὑμῖν
464 2139 745 2206 χειρόκμητα
780 2137 855 2186 καὶ
889 2133 1006 2201 πρὸς
1044 2138 1183 2184 τοῦτο
1221 2129 1392 2181 διάττει
1428 2127 1636 2189 σθένους,
1675 2127 1737 2179 ὡς
1772 2127 1887 2189 ἀμο-

314 2225 423 2287 γητὶ
455 2221 684 2272 δύνασθαι
716 2217 799 2271 τὰς
831 2219 959 2280 ὑμῶν
984 2218 1219 2266 διασῶσαι
1245 2212 1423 2266 πόλεις.
1489 2211 1655 2261 οὐκοῦν
1680 2206 1774 2259 ἀπὸ
1799 2211 1891 2258 τῶν

313 2303 604 2369 πραγμάτων
642 2301 754 2371 φέρε
797 2299 853 2364 δὴ
896 2297 1008 2366 φέρε
1046 2294 1430 2362 καταθρήσωμεν,
1466 2292 1534 2345 τίς
1571 2291 1596 2341 ὁ
1633 2289 1777 2359 φύσει
1816 2290 1890 2340 καὶ

315 2389 503 2451 άληθῶς
537 2386 639 2435 ἐστι
677 2381 811 2436 (3⁶69-
864 2383 932 2434 τίς
966 2382 990 2430 ὁ
1027 2376 1285 2442 παναλκὴς,
1313 2378 1389 2427 καὶ
1426 2375 1611 2441 ἄμαχον
1647 2371 1890 2435 ἀπονέμων

315 2468 383 2522 οἷς
417 2467 474 2518 ἂν
500 2468 653 2518 ἕλοιτο
683 2464 769 2530 τὴν
793 2463 1071 2530 ἐπικουρίαν.
1139 2462 1338 2526 ἥλωσαν
1363 2456 1448 2522 μὲν
1473 2456 1567 2522 γὰρ
1599 2457 1674 2506 καὶ
1708 2452 1883 2520 πεπόρ-
1907 2469 1952 2509 ²5

366 2620 394 2642 Ι.
421 2608 505 2642 καθὰ
522 2608 575 2641 καὶ
593 2608 637 2641 A.
686 2604 760 2651 οὖν]
784 2609 821 2646 -Ιν
842 2604 867 2639 ὦ
886 2603 976 2638 Edd.
995 2602 1104 2637 invito
1121 2602 1165 2636 A.
1308 2599 1341 2633 6.
1371 2598 1473 2632 Σενὰν
1490 2596 1533 2631 Β.
1677 2605 1709 2640 7.
1728 2594 1828 2629 αὐτὸς
1844 2592 1886 2627 Α.
1974 2562 1980 2656 Ι

317 2656 443 2689 Statim
458 2657 517 2689 τοῦ
535 2654 615 2688 add.
637 2653 677 2687 B.
976 2651 1080 2684 8-12.
1107 2650 1165 2682 Δεῖ
1183 2648 1222 2692 δὴ
1240 2658 1352 2693 usque
1369 2645 1411 2680 ad
1430 2644 1490 2678 fin.
1510 2642 1632 2678 scholii
1649 2642 1776 2676 desunt
1791 2641 1828 2674 in
1846 2639 1887 2674 B.
1974 2657 1978 2685 Ι

315 2715 347 2746 9.
374 2703 536 2736 ἀπωτάτω
554 2702 597 2735 A.
617 2700 772 2734 ἀνωτάτω
790 2697 881 2733 Edd.
899 2703 978 2731 ante
997 2697 1131 2741 Migne.
1315 2705 1368 2728 ΙΙ.
1395 2690 1573 2725 ἐκδεδιέναι
1590 2690 1634 2724 Α.
1652 2688 1778 2723 εἷσδεδ.
1797 2685 1888 2721 Edd.

318 2761 371 2791 14.
399 2747 540 2794 Κυρίου]
561 2750 648 2782 Θεοῦ
665 2748 708 2780 Α.
881 2744 933 2779 16.
959 2744 985 2777 ὦ
1005 2771 1011 2777 .
1033 2770 1040 2777 .
1062 2770 1069 2777 .
1088 2743 1113 2777 ὦ
1132 2769 1139 2776 .
1161 2768 1168 2775 .
1185 2769 1193 2776 .
1212 2740 1253 2787 ὧ]
1274 2742 1304 2774 οἱ
1324 2767 1332 2775 .
1353 2767 1360 2774 .
1379 2766 1386 2773 .
1405 2740 1436 2772 οἱ
1458 2765 1465 2772 .
1485 2764 1493 2771 .
1512 2764 1520 2771 .
1538 2738 1569 2771 οἱ
1589 2737 1631 2770 A.
1679 2734 1828 2780 γετθαῖοι
1846 2732 1887 2766 Β.

318 2796 469 2830 Γεθθαῖοι
488 2795 578 2830 Edd.
595 2794 725 2828 Γεθαῖοι
739 2793 872 2836 Migne.
922 2791 1048 2834 Σεναὰρ
1063 2789 1106 2823 Β.
1155 2789 1185 2822 οἶ
1199 2790 1257 2831 τῆς
1271 2799 1333 2833 pro
1346 2789 1419 2831 ἤτοι
1434 2785 1477 2819 Α.
1528 2783 1653 2818 Statim
1665 2781 1787 2816 Σεναὰν
1799 2778 1887 2814 Edd.

320 2852 372 2886 17.
394 2842 502 2876 οὐκέτι
519 2841 685 2886 ἢλγὴκατε
703 2851 765 2885 pro
783 2840 842 2872 οὐκ
859 2837 1027 2883 ἐπλήγητε
1045 2837 1089 2870 A.
1293 2835 1346 2869 18.
1371 2833 1482 2867 τοίνυν
1499 2842 1561 2876 pro
1578 2831 1654 2873 ὑμῖν
1672 2830 1715 2862 Α.
1765 2826 1888 2861 Statim

315 2890 498 2932 γεγόνασιν
515 2888 607 2923 Edd.
625 2888 742 2922 invitis
760 2886 852 2920 AB.
968 2896 1021 2929 19.
1039 2883 1092 2916 καὶ
1113 2894 1182 2916 om.
1202 2881 1244 2915 A.
1355 2891 1409 2914 20.
1435 2879 1488 2912 καὶ
1505 2878 1548 2911 Α.
1567 2878 1585 2910 ὁ
1604 2875 1696 2911 Edd.
1714 2874 1887 2909 Neutrum

315 2934 419 2969 habet
438 2936 478 2969 B.
662 2945 716 2968 21.
743 2934 834 2977 ὑμῶν
850 2933 893 2966 A.
946 2931 1071 2965 Statim
1087 2931 1291 2975 χειρότμητα
1308 2927 1352 2961 A.
1401 2924 1595 2959 διάττεσθαι
1612 2925 1669 2957 νῦν
1685 2933 1748 2967 pro
1767 2920 1888 2954 διάττει

317 2981 456 3016 σθένους
473 2983 516 3015 Α.
688 2991 742 3025 23.
772 2980 868 3014 Haec
885 2979 925 3021 δὴ
942 2978 1028 3023 φέρε
1048 2981 1268 3010 accesserunt
1284 2986 1324 3007 ex
1343 2973 1434 3007 AB.
1485 2971 1611 3005 Statim
1629 2966 1827 3012 καταθρὴσω
1843 2965 1887 2999 Α.

318 3038 371 3070 24.
398 3029 527 3072 ἄμαχον
545 3028 717 3071 ἀπονέμων
735 3025 799 3070 οἷς]
819 3027 958 3070 ἄμαχος,
978 3024 1175 3068 ἀποφαίνων
1191 3023 1234 3057 ὡς
1253 3022 1295 3055 Α.
1455 3028 1509 3063 25.
1536 3017 1626 3060 ἥλων
1644 3014 1734 3050 Edd.
1970 3030 1975 3098 Ι

1968 3173 1974 3205 1

1968 3208 1973 3241 5

1968 3290 1972 3307 l

1966 3330 1972 3434 ί
