2021 3434
335 186 419 224 404
727 189 776 229 B.
819 188 1094 229 CYRILLI
1136 191 1515 231 ALEXANDR.
1798 191 1839 231 ii.
1866 201 1903 242 7.

334 292 511 360 χεόιντο
551 297 624 344 καὶ
651 296 872 362 λαμπρὰς
898 297 1043 364 ἔχοιεν
1069 298 1152 353 τὰς
1183 300 1466 364 περιουσίας,
1490 298 1618 362 μίσει
1657 296 1705 347 δὲ
1743 296 1905 363 ὥσπερ

335 375 446 424 ἱέναι
485 377 558 425 καὶ
597 376 714 427 κατὰ
752 378 920 429 ταύτὸν
955 385 1048 433 τοῖς
1087 382 1168 431 οὐκ
1203 379 1325 445 ἄγαν
1363 378 1649 449 ἐξησκηκόσι
1682 377 1735 429 τὸ
1762 382 1902 447 φιλο-

333 457 573 522 χρήματον
606 459 769 522 πάθος,
804 460 845 511 οἳ
883 462 962 512 καί
993 466 1082 512 εἶσι
1120 464 1331 524 ταπεινοὶ,
1363 461 1444 512 τὸν
1482 465 1649 512 εἰκαῖον
1687 466 1769 511 τοῦ
1802 461 1908 521 βίου

334 537 631 602 διωθούμενοι
681 540 853 592 σάλον·
915 543 1058 608 ἤγουν
1109 544 1179 595 ὅτι
1235 545 1494 609 καθηγηταὶ
1542 542 1785 608 γεγονότες
1834 545 1908 593 καὶ

295 623 464 670 ολαῶν
499 621 759 685 ἡγούμενοι,
797 626 1137 690 παρευθύνουσι
1171 625 1255 690 τὴν
1298 623 1389 678 &bv
1427 630 1519 676 τῶν
1556 624 1949 690 ἀσθενεστέρων5

333 702 434 765 η’τοι
469 708 562 753 τῶν
596 705 822 768 ταπεινῶν,
851 710 997 771 δῆλον
1029 707 1076 758 δὲ
1110 707 1180 758 ὅτι
1218 712 1311 758 τῶν
1342 707 1520 758 οἴκοθεν
1551 706 1634 770 μὲν
1664 707 1746 757 οὐκ
1778 704 1907 773 ἐχόν-

332 807 426 834 των
459 784 543 849 τὴν
577 792 659 837 τοῦ
697 788 1022 856 συμφέροντος
1057 790 1233 854 εἴδησιν
1271 792 1454 856 ἀκριβῆ,
1479 787 1827 855 προσκειμένων
1860 786 1908 838 δὲ

331 871 520 928 μᾶλλον
546 873 644 922 ταῖς
674 874 766 920 τῶν
800 872 1224 938 παιδαγωγούντων
1251 876 1443 940 φωναῖς.
1509 871 1713 935 πλείστη
1741 869 1788 921 δὲ
1816 869 1908 933 ὅση

331 947 517 1013 πληθὺς
564 951 590 1014 ἡ
630 952 795 1003 τοιάδε.
871 954 985 1020 ζῶσι
1035 954 1119 1018 μὲν
1169 954 1261 1020 γὰρ
1311 953 1690 1020 ἀπεριεργότερον
1737 954 1810 1002 καὶ
1861 952 1909 1002 ἐν
2018 928 2021 993 ⁴

334 1030 568 1095 ἁπλότητί
596 1056 727 1096 τινες,
755 1035 1043 1102 ἀπήρτηνται
1077 1036 1124 1087 δὲ
1163 1039 1244 1101 τῆς
1274 1041 1367 1087 τῶν
1402 1034 1719 1086 διδασκόντων
1749 1036 1908 1103 φωνῆς
1931 1056 1977 1082 10

333 1112 433 1176 ἤτοι
466 1118 800 1181 παιδαγωγίας,
828 1120 902 1168 καὶ
937 1118 1080 1184 ἥνπερ
1115 1118 1170 1169 ἂν
1201 1118 1390 1181 μάθοιεν
1417 1118 1464 1168 εὖ
1494 1117 1613 1184 ἔχειν
1640 1115 1763 1175 ὁδὸν,
1792 1118 1909 1181 ἀγα-

332 1200 459 1246 πῶσι
490 1198 610 1247 λίαν.
672 1200 836 1250 οὐκοῦν
875 1203 915 1250 οἱ
951 1200 1034 1263 μὲν
1068 1203 1214 1267 σοφοὶ
1249 1203 1322 1251 καὶ
1360 1204 1593 1268 θεοφιλεῖς
1631 1203 1724 1250 τῶν
1762 1202 1905 1262 καθη-

333 1282 517 1342 γεῖσθαι
546 1280 802 1347 λαχόντων,
830 1283 915 1346 τὴν
939 1284 1005 1334 ἐπ’
1035 1281 1142 1334 εὐθὺ
1173 1283 1432 1334 δεικνύουσι
1456 1284 1631 1348 τρίβον,
1659 1283 1713 1332 δι’
1742 1281 1794 1346 ἧς
1819 1281 1909 1345 μά-

290 1370 315 1409 d
334 1367 481 1410 λιστα
515 1360 774 1416 διάττοντες
800 1361 884 1427 τὴν
909 1364 1203 1416 ἁνδάνουσαν
1229 1368 1294 1434 τῷ
1319 1369 1424 1433 Θεῷ
1452 1368 1735 1430 κατορθοῦσι
1769 1363 1904 1429 ζωήν.

334 1446 375 1492 οὶ
403 1442 450 1493 δὲ
474 1442 529 1506 δὴ
553 1443 695 1510 μικρὰ
730 1452 811 1496 τοῦ
846 1448 968 1497 θείου
998 1447 1356 1515 πεφροντικότες
1384 1447 1540 1509 νόμου,
1566 1446 1908 1513 παρευθύνουσι
1931 1466 1976 1505 15

333 1530 426 1575 τῶν
462 1526 672 1577 ταπεινῶν
705 1528 790 1591 τὴν
825 1525 927 1591 ὁδὸν,
955 1529 1045 1597 ἔξω
1083 1535 1164 1580 τοῦ
1203 1529 1375 1583 εἰκότος
1420 1530 1494 1579 καὶ
1532 1534 1614 1579 τοῦ
1651 1528 1909 1595 πρέποντος

332 1609 521 1670 ἀληθῶς
547 1609 766 1673 γενέσθαι
792 1611 1234 1677 παρασκευάζοντες·
1276 1611 1435 1662 ὁποῖόν
1460 1635 1504 1662 τι
1531 1610 1750 1677 δέδρακεν»
1769 1612 1909 1677 Ἱερο-

330 1687 472 1752 ficem,
500 1690 813 1744 ἀναπεπεικὼς
852 1697 1132 1758 προσκυνεῖν
1163 1697 1262 1745 ταῖς
1300 1692 1616 1759 χειροκμήτοις
1655 1692 1904 1755 δαμάλεσι·

330 1773 405 1821 καὶ
431 1772 715 1836 ἀποστήσας
755 1775 864 1824 ὁδοῦ
899 1777 980 1838 τῆς
1016 1779 1077 1828 εἷς
1106 1775 1215 1826 εὐθύ
1250 1797 1299 1825 τε
1327 1777 1400 1825 καὶ
1427 1777 1621 1840 ἀγαθῆς,
1648 1779 1730 1825 τοῦ
1755 1796 1909 1840 προσ-

330 1854 517 1904 κεῖσθαί
539 1860 659 1923 φημι
686 1859 750 1924 τῷ
780 1856 922 1924 φύσει
944 1879 993 1907 τε
1020 1859 1095 1907 καὶ
1120 1858 1308 1921 άληθῶς
1336 1860 1442 1926 Θεῷ
1467 1859 1541 1907 καὶ
1566 1855 1811 1924 Δεσπότῃ.
1928 1875 1976 1900 20
2019 1879 2021 1897 2

402 1940 679 1987 Ἐκιιλίνουσι
705 1942 798 1987 τῶν
829 1938 1038 1989 ταπεινῶν
1069 1938 1154 2002 τὴν
1186 1936 1274 1990 ὁὸἓν
1313 1943 1354 1989 οὶ
1393 1938 1548 2003 λέγειν
1574 1940 1627 1990 οὐ
1651 1938 1903 2004 παραιτού-

2004 1951 2010 1978 1

111 2031 204 2061 prov.
227 2032 245 2062 i.
330 2040 458 2079 μενοι
496 2022 561 2087 τῷ
601 2020 747 2088 νηπίῳ
778 2018 860 2072 τὰς
896 2020 1069 2088 φρένας
1096 2020 1281 2071 “Ἐλθε“
1315 2019 1418 2082 μεθ’
1448 2021 1592 2084 ἡμῶν,
1624 2021 1910 2085 κοινώνησον
2016 2019 2018 2022 ’

115 2083 159 2104 ¹1⁵
292 2123 312 2149 e
331 2106 359 2127 ‘⁶
384 2100 576 2161 αἵματος
614 2102 811 2152 ἀδι’κου.”
878 2103 1124 2153 ἐκκλίνουσι
1159 2107 1252 2152 τῶν
1283 2102 1492 2153 ταπεινῶν
1522 2101 1607 2167 τὴν
1634 2102 1742 2154 ὁδὸν
1767 2106 1842 2154 καὶ
1867 2106 1910 2154 οἱ

331 2186 423 2231 τῶν
448 2184 852 2246 ἐκκλησιαστικῶν
888 2183 1136 2249 δογμάτων
1168 2183 1252 2247 τὴν
1279 2183 1510 2249 ὀρθότητα
1534 2207 1909 2251 παρατρεποντες
2000 2226 2006 2266 ξ

328 2264 407 2314 ε’πι
446 2287 498 2329 γε
542 2264 595 2314 τό
641 2269 787 2333 σφισι
832 2267 1008 2327 δοκοῦν,
1053 2288 1127 2316 και
1170 2265 1372 2316 σκολιὰν
1420 2289 1494 2317 και
1536 2267 1907 2333 διεστραμμένην
1926 2289 1972 2328 25

329 2368 439 2395 ιεναι
478 2346 640 2411 τρίβον
678 2369 759 2397 τον
799 2352 892 2398 τῶν
931 2348 1268 2414 ἁπλουστερων
1307 2348 1631 2403 άναπειθοντες
1666 2354 1789 2400 νοῦν
1830 2351 1905 2400 καὶ

382 2491 410 2514 1.
437 2479 547 2526 μίσει]
570 2480 626 2514 Sic
644 2480 748 2515 edidi.
766 2482 849 2525 μίση
867 2482 911 2515 A.
929 2484 1041 2525 μισεῖν
1060 2481 1151 2516 Edd.
1409 2494 1440 2517 2.
1468 2484 1521 2517 καὶ
1537 2485 1619 2518 κατὰ
1636 2485 1757 2518 ταύτὸν
1774 2485 1816 2519 Β.
1835 2485 1904 2520 κατ’

332 2527 439 2561 αὐτῶν
456 2528 499 2561 A.
549 2528 650 2562 ταύτὸ
668 2540 731 2573 pro
749 2529 869 2563 ταύτὸν
888 2529 977 2562 Edd.
1097 2542 1130 2571 4.
1158 2528 1284 2574 σάλον]
1303 2531 1431 2573 κόμπον
1449 2531 1488 2563 Α.
1613 2531 1646 2565 8.
1671 2532 1903 2578 παιδαγωγου-
1994 2507 2001 2568 ¹

330 2574 437 2617 μένων
454 2575 496 2609 A.
547 2575 582 2608 δέ
601 2587 670 2609 om.
688 2576 732 2608 A.
972 2587 1024 2610 10.
1051 2575 1103 2621 δὲ]
1127 2580 1164 2617 4-
1186 2577 1238 2609 καὶ
1256 2577 1298 2610 A.
1527 2588 1579 2611 11.
1606 2578 1824 2614 διδασκαλίας
1843 2590 1904 2624 pro
1992 2569 2000 2642 Ι

330 2621 466 2665 παιδαγ.
487 2622 529 2655 Α.
854 2633 905 2667 13.
932 2622 1006 2667 τὴν]
1027 2624 1064 2656 τὸ
1087 2622 1175 2657 Edd.
1193 2630 1272 2656 ante
1291 2623 1423 2665 Migne.
1473 2625 1622 2666 μάλιστα
1642 2624 1682 2658 Β.
1702 2640 1737 2659 ευ
1753 2627 1844 2668 μάλα
1861 2626 1904 2660 Α,
1992 2644 1998 2692 f

330 2669 421 2710 μάλα
440 2668 531 2701 Edd.
874 2681 925 2712 14.
952 2670 1181 2705 διατάττοντες
1199 2671 1241 2703 A.
1296 2670 1506 2704 ἀδδάνουσαν
1523 2670 1566 2704 Α.
1629 2640 1777 2706 Ξῑᾶίῑίῐημ
1779 2675 1824 2719 τῷ
1850 2684 1904 2707 aS-

332 2721 512 2759 sumptum
531 2727 571 2748 ex
590 2715 632 2748 A.
639 2714 680 2749 B.
960 2726 1012 2761 15.
1037 2715 1155 2761 μικρὰ]
1173 2716 1302 2760 μακρὰν
1320 2716 1411 2750 Edd.
1429 2729 1576 2762 repugn.
1597 2718 1638 2752 A.
1644 2718 1685 2751 B.
1734 2707 1906 2764 πεφρονη-
1990 2694 1997 2789 ²

332 2762 423 2796 κότες
441 2761 499 2794 ild.
551 2761 673 2794 Statim
693 2764 793 2804 νόμον
809 2762 867 2797 iid.
887 2769 965 2797 ante
984 2764 1116 2807 Migne.
1344 2763 1397 2797 16.
1424 2767 1475 2798 καὶ
1492 2767 1554 2798 τοῦ
1571 2764 1757 2808 πρέποντος
1773 2777 1842 2800 om.
1861 2766 1904 2800 Β.

337 2810 387 2840 18.
413 2807 644 2851 χειροκμήτοις
663 2808 703 2841 Β.
722 2809 952 2853 χειροτμὴτοις
970 2810 1012 2844 A.
1030 2809 1273 2854 χειροτεύκτοις
1291 2809 1381 2843 Edd.
1565 2823 1618 2855 19.
1644 2811 1844 2856 ἀποστήσας
1862 2812 1903 2846 Β.
1989 2792 1995 2842 ί

332 2853 524 2896 ἀποστῆσαι
543 2855 586 2887 A.
605 2855 859 2899 αποστὴσαντες
881 2857 967 2890 Edd.
1018 2857 1144 2901 ἀγαθῆς
1163 2857 1204 2890 Β.
1223 2857 1349 2902 ἀγαθὸν
1368 2856 1456 2891 Edd.
1673 2869 1727 2892 20.
1757 2859 1852 2893 Haec
1868 2873 1903 2893 τε
1988 2849 1993 2867 ¹

331 2913 383 2932 και
401 2900 532 2943 ἀληθῶς
550 2908 582 2934 et
600 2903 651 2935 καὶ
670 2904 827 2946 Δεσπότῃ
846 2910 1065 2937 accesserunt
1083 2915 1123 2938 ex
1142 2903 1184 2937 A.
1192 2903 1233 2937 Β.
1540 2915 1594 2938 21.
1621 2906 1679 2941 τὰς
1695 2906 1793 2942 ὁδοὺς
1812 2905 1902 2940 Edd.
1987 2883 1993 2959 Ι

330 2945 730 2983 111xitisA.B.St1ti1n
749 2950 799 2983 καὶ
818 2950 896 2983 add
918 2950 1006 2984 Edd.
1198 2961 1252 2984 22.
1279 2949 1434 2997 νηπίῳ]
1420 2951 1504 2996 ηπίῳ
1522 2951 1580 2985 iid.
1730 2994 1738 2999 ,Α
1772 2963 1825 2995 24.
1844 2952 1904 2996 τὴν
1985 2963 1992 3024 5

332 2991 403 3033 ἶρθ,
423 3007 563 3036 nawa-rs
585 2994 648 3027 110(-
669 2995 788 3029 ordine
807 2997 895 3030 A.B.
1984 3038 1990 3101 1

1986 3134 1989 3151 ἶ

1982 3191 1988 3236 ἔ

1981 3296 1986 3313 5
