2021 3434
178 203 303 257 vii.4.
563 208 635 248 IN
680 208 1063 248 MICHAEAM.
1125 207 1273 248 ΤΟΜ.
1308 207 1393 248 ΙΙΙ.
1669 207 1747 248 715

176 314 544 382 κατεφθάρησαν
585 319 647 370 ὡς
687 319 735 367 ἐν
785 322 884 370 ταῖς
935 316 1122 383 ἡμέραις
1160 322 1242 366 τοῦ
1291 321 1478 378 βουνοῦ,
1521 315 1750 378 τουτέστι,

174 398 257 459 τῆς
310 398 494 459 Γαβαά.
562 398 631 450 ὅτι
676 401 725 450 δε
777 400 802 449 ὁ
846 397 1014 458 βουνὸς
1063 398 1165 463 ἤτοι
1206 397 1377 459 Γαβαὰ
1425 402 1632 449 καλεῖται
1674 400 1750 448 καὶ

174 478 365 537 mamb„
401 479 595 549 μαθήσῃ
632 485 804 549 σαφῶς
844 482 892 531 ἐκ
927 485 1021 531 τῶν
1061 479 1396 547 γεγραμμένων
1436 481 1484 531 ἐν
1521 483 1579 547 τῇ
1617 480 1748 546 τρίτῃ
1768 493 1794 533 b

172 564 266 610 τῶν
306 567 582 622 βασιλειῶν.
648 561 777 613 Ἀσά
827 562 910 625 μὲν
957 561 1050 628 γὰρ
1092 562 1405 624 βεβασίλευκε
1449 564 1531 626 τῆς
1574 562 1745 626 Ἰερου-

131 641 352 706 5σαλὴμ,
381 644 552 694 Βαασά
591 644 640 695 δὲ
678 648 759 709 τῆς
795 645 1057 710 Σαμαρείας
1095 645 1204 695 καθ’
1237 644 1316 695 ἕνα
1354 642 1526 711 καιρόν.
1593 643 1748 707 ἐπειδὴ

173 723 222 773 δὲ
273 725 619 792 κατεμερίζοντο
671 725 787 792 πρὸς
839 725 1085 793 διχόνοιαν,
1128 729 1203 777 καὶ
1254 725 1485 790 ἀλλήλοις
1533 725 1742 790 ἐπιμηνί-

172 829 343 860 σαντες
380 806 462 857 τὸν
499 814 580 859 τοῦ
618 808 827 871 πολέμου
866 809 1008 870 νόμον
1035 808 1310 875 ὡπλίζοντο,
1337 815 1363 838 “
1386 807 1575 870 Ἀνέβη,
1601 809 1742 876 φησὶ,
1811 825 1929 865 3Reg.

173 895 199 916 c<
228 889 400 939 Βαασὰ
431 889 659 951 βασιλεὺς
683 888 883 957 Ἰσραὴλ
921 892 993 941 ἐπὶ
1019 889 1218 953 Ἰούδαν,
1249 892 1324 941 καὶ
1355 889 1629 959 ᾠκοδόμησε
1663 889 1748 953 τὴν
1811 879 1935 909 xv.17.

173 977 200 999 “
226 971 394 1035 Ῥαμὰ,
445 978 527 1023 τοῦ
575 972 639 1036 μὴ
683 970 795 1023 εἶναι
843 971 1203 1038 ἐκπορευόμενον
1247 974 1322 1022 καὶ
1364 971 1748 1037 εἰσπορευόμενον

107 1061 199 1100 10⁶⁶
225 1056 292 1121 τῷ
315 1053 443 1104 Ἀσά
481 1059 679 1116 βασιλεῖ
704 1054 904 1105 Ἰούδα.”
968 1055 1271 1107 καταθεόντος
1308 1052 1355 1104 δὲ
1393 1052 1479 1117 τὴν
1518 1057 1749 1119 Σαμαρει-
1811 1079 1859 1110 ῃ),
1883 1087 1933 1110 21,

171 1138 265 1185 τῶν
294 1142 376 1186 τοῦ
394 1134 564 1203 ”Αδερ,
597 1137 621 1186 ὁ
655 1135 740 1199 μὲν
768 1135 940 1187 Βαασά
972 1138 1055 1198 τῆς
1081 1134 1236 1198 Ῥαμὰ
1267 1133 1624 1200 ἀπεσκευάζετο,
1652 1140 1748 1189 τοῖς
1766 1163 1787 1189 c

171 1218 412 1280 πολεμίοις
446 1218 855 1281 ἀντανιστάμενος.
916 1216 1223 1283 ἐκδεδραμηκε
1263 1215 1312 1268 δὲ
1349 1221 1443 1268 τῶν
1475 1217 1745 1283 Ἱεροσολύ-

172 1322 275 1362 μων
309 1300 334 1349 ὁ
366 1299 515 1362 Ἀσὰ,
553 1298 650 1350 εἶτα
688 1298 893 1366 γεγονὼς
930 1301 978 1350 ἐν
1006 1298 1161 1362 Ῥαμά
1187 1306 1214 1328 “
1237 1297 1560 1365 Παρήγγειλε,
1603 1301 1747 1368 φησὶ,
1811 1322 1863 1354 112.
1881 1332 1931 1353 22.

173 1388 200 1409 ‘⁶
226 1383 365 1432 παντὶ
406 1382 559 1433 Ἰούδα
599 1386 659 1436 εἷς
700 1383 932 1445 Ἐνακεὶμ,
983 1384 1059 1432 καὶ
1100 1381 1285 1447 αἴρουσι
1326 1380 1433 1435 τοὺς
1471 1382 1630 1435 λίθους
1668 1384 1750 1445 τῆς

105 1480 151 1518 15
173 1469 200 1492 ‘⁶
224 1462 378 1527 Ῥαμὰ
428 1465 504 1514 καὶ
550 1464 609 1515 τὰ
659 1464 784 1534 ξύλα
833 1465 974 1527 αὐτῆς
1025 1461 1056 1514 ἃ
1108 1463 1383 1533 ᾠκοδόμησε
1432 1462 1625 1526 Βαασά,
1674 1466 1749 1514 καὶ

173 1551 199 1574 “
225 1543 526 1614 ᾠκοδόμησεν
564 1547 612 1597 ἐν
652 1547 806 1600 αὐτοῖς
843 1547 867 1597 ὁ
900 1543 1131 1607 βασιλεὺς
1160 1545 1290 1597 Ἀσά
1319 1550 1414 1597 πᾶν
1451 1544 1624 1607 βουνὸν
1662 1549 1749 1596 Βε-

172 1633 201 1655 “
226 1629 381 1691 νιαμὶν
425 1631 500 1678 καὶ
550 1626 635 1693 τὴν
683 1627 930 1682 σκοπιάν.”
1012 1629 1219 1679 ἐκαλεῖτο
1271 1627 1327 1692 δὴ
1376 1628 1457 1678 οὖν
1505 1627 1534 1691 ἡ
1578 1626 1749 1688 Γαβαὰ

170 1709 339 1767 βοῦνός
378 1732 428 1760 τε
466 1712 541 1761 καὶ
579 1709 768 1762 σκοπιά·
809 1710 1148 1778 διερμηνεύεται
1182 1709 1275 1777 γὰρ
1315 1710 1460 1763 οὕτως
1498 1709 1525 1773 ἡ
1564 1708 1749 1772 Γαβαὰ,

173 1790 249 1841 διὰ
275 1791 329 1842 τὸ
354 1790 498 1858 ἧρθαί
518 1815 567 1843 τε
595 1794 739 1861 ὑψοῦ,
771 1795 845 1844 καὶ
872 1796 920 1844 ἐν
944 1792 1149 1863 γηλόφῳ
1174 1796 1357 1844 κεῖσθαι
1383 1793 1458 1843 καὶ
1482 1795 1673 1860 σκοπιᾷ.

102 1898 152 1923 20
245 1872 533 1943 “''Apgopac
570 1875 626 1939 δὴ
666 1876 746 1926 οὖν
776 1882 859 1926 τοῦ
891 1875 1099 1945 πατάξαι
1137 1898 1214 1938 σε,
1242 1877 1317 1926 καὶ
1355 1876 1539 1943 ἀφανιῶ
1577 1897 1635 1924 σε
1673 1874 1748 1926 ἐπὶ
1810 1887 1917 1931 Supra

171 1962 199 1985 ‘⁵
224 1960 324 2009 ταῖς
361 1958 607 2023 ἁμαρτίαις
645 1959 775 2021 (70ῧῖ
817 1960 893 2009 καὶ
930 1959 984 2009 οὗ
1022 1957 1133 2009 καθ’
1161 1958 1317 2025 ἕτερον
1353 1955 1543 2023 τρόπον,
1575 1954 1604 2021 ἢ
1648 1957 1745 2007 κατ’
1809 1943 1851 1966 w'
1874 1944 1922 1975 ¹3'

169 2038 340 2089 ἐκεῖνον
365 2037 506 2090 αὐτὸν
541 2039 622 2090 τὸν
662 2040 699 2091 ἐν
731 2041 868 2112 ἡμέρᾳ,
905 2043 1122 2095 σκοπιᾶς.
1189 2037 1437 2107 βαδιοῦμαι
1469 2037 1561 2105 γὰρ
1584 2036 1793 2106 ὥσπερᾶ

167 2121 241 2172 ἐπὶ
272 2123 461 2180 κανόνος,
484 2122 566 2172 οὐκ
592 2123 787 2173 ἐκκλινῶ
814 2122 863 2173 δὲ
888 2125 951 2176 εἷς
977 2121 1130 2191 δεξιὸν
1156 2123 1259 2173 οὔτε
1285 2120 1377 2186 μὴν
1402 2124 1463 2175 εἷς
1489 2120 1743 2185 εὐώνυμον,

167 2205 250 2267 τῆς
274 2202 393 2254 κατὰ
418 2209 510 2254 σοῦ
537 2204 663 2269 δίκης
687 2204 773 2268 τὴν
800 2204 908 2255 ὁδὸν
931 2204 1192 2272 ἐρχόμενος.

101 2304 149 2342 25
233 2283 396 2336 ’Έοικε
416 2284 465 2335 δὲ
486 2285 632 2337 πάλιν
652 2286 861 2338 τοιοῦτόν
880 2309 924 2338 τι
951 2288 976 2338 ὁ
999 2285 1289 2354 προφητικὸς
1308 2285 1416 2349 ἡμῖν
1443 2285 1747 2352 ὑπεμφαίνειν

169 2365 328 2434 λόγος.
398 2368 679 2436 προφητεύει
713 2367 796 2432 μὲν
831 2368 925 2436 γὰρ
951 2370 976 2420 ὁ
1004 2370 1214 2435 Μιχαίας
1244 2369 1292 2418 ἐν
1329 2366 1517 2433 ἡμέραις
1541 2365 1747 2432 Ἰωάθαμ

219 2509 251 2533 2.
276 2499 392 2540 Γαβαά
411 2499 453 2533 A.
473 2500 566 2539 Γαβά
584 2499 677 2534 Edd.
829 2510 862 2544 5.
889 2502 1007 2537 Βαασὰ
1024 2501 1068 2536 Α.
1088 2501 1183 2535 Βασὰ
1201 2500 1243 2534 Β.
1263 2500 1335 2544 (93,
1355 2498 1450 2544 236.)
1468 2500 1586 2534 Βασαὰ
1604 2499 1695 2534 Edd.
1714 2508 1748 2535 et

170 2545 269 2580 infra.
401 2546 434 2580 6.
453 2546 622 2591 διχόνοιαν
638 2548 682 2581 Α.
701 2548 847 2582 διάνοιαν
866 2548 958 2583 Edd.
1008 2548 1284 2592 ἐπιμηνιάσαντες
1298 2548 1342 2581 A.
1487 2555 1518 2592 7.
1536 2549 1595 2581 τοῦ
1613 2559 1682 2581 om.
1701 2548 1746 2582 A.

172 2593 205 2626 8.
231 2591 303 2637 ἐπὶ]
326 2596 363 2633 -}—
384 2593 441 2626 τὸν
459 2592 551 2628 Edd.
569 2593 677 2628 invito
696 2595 739 2628 A.
1033 2607 1066 2640 9.
1092 2597 1138 2641 τῷ
1157 2606 1219 2639 pro
1236 2595 1295 2628 τοῦ
1311 2592 1371 2628 iid.
1389 2593 1498 2627 invito
1515 2594 1559 2627 A.
1608 2595 1667 2628 τὸν
1683 2606 1746 2639 pro

172 2639 226 2673 καὶ
242 2639 375 2683 εἷσπορ.
394 2641 439 2686 τῷ
460 2639 501 2674 Β.
551 2639 676 2675 Statim
693 2640 781 2676 Ἀσᾶ
798 2642 843 2676 Α.
1081 2652 1134 2676 10.
1160 2644 1371 2685 Σαμαρειτῶν
1387 2640 1430 2673 Α.
1449 2640 1635 2685 Σαμαρείαν
1654 2641 1745 2676 Edd.

175 2697 229 2720 12.
254 2685 571 2729 ἀντανιστανόμενος
587 2687 631 2721 Α.
681 2688 716 2722 δὲ
734 2694 956 2734 assumptum
973 2699 1015 2721 ex
1033 2688 1124 2722 A.B.
1351 2698 1404 2731 13.
1429 2687 1497 2730 ἅμα
1512 2698 1576 2732 pro
1593 2687 1628 2721 ἐν
1643 2686 1746 2731 Ῥαμά

171 2731 261 2777 (sic)
280 2733 322 2766 A.
373 2732 497 2767 Statim
514 2735 613 2768 παντὶ
628 2734 738 2768 Ἰούδα
754 2735 963 2781 παρήγγειλέ
979 2736 1088 2779 φησιν
1104 2735 1241 2768 inverso
1259 2733 1380 2767 ordine
1397 2733 1441 2767 A.
1621 2745 1674 2776 14.
1700 2735 1748 2770 εἷς

172 2779 331 2822 σενακεὶμ,
349 2779 391 2812 Α.
411 2779 508 2824 (82.)
555 2781 678 2825 ἀροῦσι
695 2793 758 2826 pro
771 2782 906 2827 αἴρουσι
923 2782 966 2815 A.
1016 2783 1055 2825 τῇ
1074 2793 1137 2825 pro
1154 2783 1212 2822 τῆς
1230 2780 1271 2814 B.
1412 2779 1465 2814 16.
1493 2778 1590 2813 Haec
1608 2782 1626 2814 ὁ
1642 2783 1744 2822 βασι-

170 2826 250 2861 λεὺς
266 2833 445 2870 assumpta
461 2838 502 2860 ex
512 2827 556 2862 A.
574 2828 740 2867 βασιλεὺς
753 2828 797 2863 Β.
845 2831 911 2863 πᾶν
928 2828 1061 2862 restitui
1079 2839 1119 2861 ex
1136 2827 1180 2861 A.
1191 2828 1269 2871 περὶ
1282 2826 1323 2860 Β.
1338 2825 1430 2860 Edd.
1570 2836 1623 2872 17.
1649 2828 1745 2862 Haec

171 2872 380 2906 ἐκαλεῖτο-
391 2875 516 2907 σκοπιά
548 2881 767 2909 accesserunt
800 2888 841 2909 ex
868 2875 959 2909 A.B.
1031 2875 1145 2915 Γαβαὰ
1178 2874 1226 2907 Sic
1259 2873 1401 2907 correxi.
1432 2873 1526 2913 Γαβὰ
1552 2873 1594 2907 Β.
1620 2876 1746 2909 σκοπιά

172 2919 253 2963 (sic)
272 2919 315 2952 A.
470 2921 522 2955 18.
547 2935 583 2954 τε
602 2922 744 2956 accessit
762 2934 803 2956 ex
825 2922 866 2956 B.
885 2922 970 2955 solo.
1129 2932 1184 2955 20.
1211 2935 1252 2955 σε
1270 2918 1344 2965 alt.]
1366 2924 1402 2960 -Ι-
1420 2922 1509 2964 φησι
1527 2931 1556 2954 e.
1575 2920 1683 2955 invito
1701 2923 1745 2956 A.

174 2977 228 3007 24.
254 2966 336 2999 κατὰ
354 2968 418 3000 σοῦ
436 2966 527 3011 δίκης
544 2968 632 3002 A.b.
651 2969 826 3012 καταδίκης
844 2968 935 3002 Edd.
1195 2978 1249 3012 ²5·
1274 2981 1306 3000 τι
1323 2969 1474 3001 τοιοῦτον
1489 2969 1592 3002 πάλιν
1609 2967 1746 3003 inverso

172 3012 293 3046 ordine
310 3013 353 3046 A.
545 3014 599 3048 26.
625 3016 686 3057 μὲν
702 3021 923 3061 assumptum
941 3026 982 3047 ex
1000 3014 1044 3048 A.

914 3084 1028 3123 4Y2
