2021 3434
116 215 158 256 ii.
180 230 220 268 4,
238 228 277 270 5.
737 220 805 261 IN
848 221 1086 262 IONAM.
1609 226 1687 265 581

174 326 439 394 Ἐξηγεῖται
465 328 776 395 πολυτρόπως
800 329 854 381 τὸ
879 330 1198 394 συμβεβηκὸς,
1223 331 1509 398 ἀνακομίζων
1529 330 1692 399 ὥσπερ

114 411 241 477 ὑψοῦ
277 409 362 474 τὴν
400 412 551 479 χάριν,
590 415 664 463 καὶ
701 418 797 467 τοῖς
833 414 969 467 θείοις
1011 414 1235 477 νεύμασιν
1271 417 1595 483 ἐπιμαρτυρῶν
1636 416 1730 469 rba
1765 429 1849 464 378
1866 428 1916 462 A·

113 493 188 542 καὶ
225 493 275 542 ἐκ
308 492 484 547 παντὸς
516 494 746 546 δύνασθαι
784 501 928 546 κακοῦ
966 497 1209 563 διασώζειν
1242 497 1460 552 εὐκόλως.
1527 501 1575 550 ἐν
1607 500 1689 551 αὐ-

113 577 208 626 τοῖς
241 572 326 636 μὲν
360 574 453 642 γὰρ
495 577 783 642 γεγενῆσθαί
817 584 940 644 φησι
972 583 1067 632 τοῖς
1105 582 1187 642 τῆς
1225 578 1482 645 θαλάσσης
1514 586 1693 650 μυχοῖς,

72 670 95 709 5
113 656 188 705 καὶ
222 656 270 706 ἐν
301 656 534 724 συγχύσει
564 663 763 709 πολλῶν
795 660 989 722 ὑδάτων,
1015 662 1257 722 ποταμίοις
1289 664 1336 712 ἐν
1367 662 1457 731 ’lo-cp
1491 664 1695 726 κύμασιν

111 737 451 804 ε’πικλυζόντων
474 738 627 801 αὐτὸν,
653 743 727 791 καὶ
752 745 1006 809 συμφορᾶς
1030 745 1092 796 εἷς
1117 748 1255 794 τοῦτο
1280 746 1695 810 κατωλισθηκέναι,

113 823 175 874 ὡς
205 822 424 885 ἐννοῆσαι
457 822 627 874 λοιπὸν
660 827 869 888 παντελῆ
900 830 994 875 τῶν
1029 827 1162 877 θείων
1197 826 1422 890 ὀμμάτων
1455 830 1696 893 ὑπομεῖναι

113 903 198 966 τὴν
221 904 550 974 ἀποστροφὴν,
578 907 652 956 καὶ
678 909 740 959 εἷς
765 906 1040 972 ἀπόγνωσιν
1064 911 1145 971 τῆς
1171 911 1407 974 σωτηρίας
1433 910 1618 964 ἐλάσαι.

187 985 445 1037 Πάνδεινον
489 987 537 1038 δὲ
577 986 630 1038 τὸ
681 990 841 1055 χρῆμα
889 990 965 1039 καὶ
1015 989 1214 1055 ὀλέθρου
1257 991 1502 1060 πρόξενον,
1543 991 1597 1045 τὸ
1641 994 1738 1062 {ffb

0 1096 1 1110 ι
45 1086 92 1112 ¹0
111 1068 333 1131 ὀμμάτων
371 1071 493 1137 φημὶ
528 1070 748 1135 γενέσθαι
784 1074 922 1121 Θεοῦ.
990 1071 1233 1141 τοιγάρτοι.
1263 1075 1339 1123 καὶ
1377 1075 1402 1124 ὁ
1441 1073 1694 1129 θεσπέσιος

110 1152 284 1201 Δαυεὶδ
318 1149 525 1218 ἐλιπάρει
559 1151 714 1217 λέγων
740 1158 768 1181 “
790 1151 876 1216 Μὴ
901 1153 1213 1222 ἀποστρέψῃς
1236 1153 1290 1205 τὸ
1316 1154 1577 1222 πρόσωπόν
1602 1180 1694 1209 σου
1755 1165 1914 1198 Ps.xxv1·.

110 1239 137 1262 ‘⁶
161 1233 240 1283 ἀπ’
276 1235 401 1297 ἐμοῦ,
437 1235 513 1284 καὶ
547 1233 611 1298 μὴ
647 1235 858 1302 ἐκκλίνῃς
891 1236 940 1285 ἐν
974 1236 1094 1303 ὀργῇ
1119 1236 1212 1287 ἀπὸ
1243 1243 1325 1288 τοῦ
1361 1238 1534 1290 δούλου
1559 1236 1692 1293 σου.”

108 1314 271 1382 ἕψεται
309 1315 356 1366 δὲ
394 1315 581 1370 πάντως
615 1320 715 1370 ταῖς
750 1317 1079 1386 ἀποστροφαῖς
1117 1317 1170 1369 τὸ
1209 1322 1376 1386 χρῆναι
1406 1325 1574 1372 παθεῖν
1607 1320 1694 1384 τὴν

109 1398 236 1448 θείαν
276 1397 435 1464 ὀργὴν,
471 1403 661 1461 μᾶλλον
695 1398 743 1449 δὲ
780 1405 1092 1465 προανατελεῖ
1121 1423 1212 1452 που
1251 1404 1327 1452 καὶ
1367 1403 1692 1469 προηγήσεται

44 1498 89 1535 ¹5
108 1482 189 1544 τῆς
215 1481 524 1549 ἀποστροφῆς
552 1481 576 1531 ὁ
603 1480 762 1543 θυμός.

222 1673 331 1733 ²Apu
358 1677 591 1733 nposffl'ffioe
615 1676 844 1728 ἐπιβλέψαι
870 1693 920 1725 με
948 1677 1053 1734 Πρὸς
1080 1677 1182 1719 ναὸν
1208 1677 1282 1721 τὸν
1308 1680 1426 1726 ἅΓιόν
1453 1694 1553 1732 σου;

185 1782 300 1835 Οἶδε
338 1783 423 1847 μὲν
467 1784 537 1836 ὅτι
581 1784 768 1848 δυνάμει
806 1787 930 1835 Θεοῦ
973 1783 1229 1850 τετήρηται,
1276 1788 1350 1836 καὶ
1388 1789 1471 1850 τῆς
1509 1787 1688 1838 ἄνωθεν

108 1867 370 1932 ἐπικουρίας
410 1867 662 1936 ἠξιωμένος
713 1867 868 1928 διεβίω
912 1870 987 1918 καὶ
1026 1868 1287 1918 σέσωσται·
1342 1870 1416 1918 καὶ
1455 1874 1592 1919 τοῦτο
1636 1871 1684 1920 ἐν
1704 1895 1726 1921 c

108 1948 233 2013 κήτει
271 1951 346 2000 καὶ
384 1950 434 1999 ἐν
470 1950 622 2018 κοιλίᾳ
656 1948 796 2015 θηρὸς
830 1949 1108 2018 παραδόξως
1136 1953 1209 2000 καὶ
1242 1949 1356 2016 ὑπὲρ
1382 1949 1543 2016 λόγον.
1608 1954 1682 2003 ε’ν-

39 2048 88 2073 20
108 2029 271 2097 δοιάζει
304 2031 463 2097 γεμὴν,
490 2030 609 2082 κατὰ
643 2030 697 2082 τὸ
728 2029 860 2094 εἰκὸς,
885 2035 922 2082 εἱ
956 2035 1030 2082 καὶ
1060 2031 1361 2096 ἐκδοθήσεται
1389 2035 1463 2083 καὶ
1495 2038 1556 2087 εἰς
1583 2038 1686 2101 φῶς

104 2111 267 2164 ἐλάσει
293 2111 456 2164 πάλιν.
522 2113 804 2179 τριπόθητον
834 2112 882 2164 δὲ
911 2119 1107 2164 ποιεῖται
1143 2116 1218 2165 καὶ
1251 2114 1540 2166 πολύευκτον
1563 2117 1683 2180 ἀλη-

106 2198 200 2248 θῶς
232 2193 286 2246 τὸ
320 2197 394 2246 καὶ
428 2199 490 2249 εἰς
525 2194 665 2246 αὑτὸν
687 2195 933 2247 εἰσελάσαι
963 2194 1045 2247 τὸν
1072 2200 1195 2246 θεῖον
1223 2196 1347 2257 ναὸν,
1375 2198 1613 2248 ἀναθεῖναί
1634 2221 1685 2249 τε

105 2276 187 2330 τὰς
223 2277 501 2346 δοξολογίας
534 2282 600 2347 τῷ
634 2278 869 2329 σεσωκότι
896 2282 1016 2347 Θεῷ,
1045 2280 1119 2329 καὶ
1155 2281 1235 2342 τῆς
1269 2282 1458 2330 τοιᾶσδε
1496 2279 1685 2347 χάριτος

105 2359 284 2426 εὔχεται
326 2365 493 2427 τυχεῖν,
538 2359 592 2410 τὸ
642 2360 797 2411 πάντα
845 2360 1074 2411 δύνασθαι
1126 2364 1394 2427 κατορθοῦν,
1445 2362 1506 2414 ὡς
1550 2361 1682 2429 ἔφην,

39 2459 87 2497 25
106 2442 428 2508 ἐπιμαρτυρῶν
466 2445 531 2512 τῷ
566 2445 690 2511 Θεῷ.

106 2629 336 2686 ΠεριεχύθΗ
385 2644 456 2678 μοι
503 2630 618 2687 ὕδωρ
671 2632 754 2671 ἕως
801 2633 937 2685 ψυχῆς
986 2645 1076 2678 μου·
1138 2630 1318 2679 ἄβυσσος
1365 2630 1583 2673 ὲκύκλωσὲ
1629 2637 1723 2681 μεὸ

152 2758 186 2792 3.
204 2761 257 2782 και
274 2760 344 2782 om.
360 2748 403 2783 B.
454 2748 573 2794 Hujus
593 2748 634 2782 B.
649 2748 671 2782 J
675 2759 761 2782 onae
779 2747 972 2792 Prophetae
989 2753 1112 2781 cantus
1130 2758 1240 2791 pauca
1257 2747 1408 2781 frustula
1424 2747 1575 2782 citantur
1591 2748 1683 2784 inter

105 2791 215 2840 ᾦδας
207 2806 243 2828 ln
263 2794 414 2829 Catenis.
433 2796 564 2829 contuli
587 2795 694 2839 igitur
711 2806 792 2828 cum
810 2794 927 2828 codice
947 2794 1055 2839 Regio
1074 2794 1259 2828 parisiensi
1281 2805 1356 2838 139,
1376 2806 1442 2828 sec.
1462 2807 1495 2828 x.
1514 2794 1680 2838 ineuntis,

105 2852 210 2886 quem
228 2841 254 2875 f.
272 2842 418 2886 signavi.
556 2851 589 2885 5.
616 2840 774 2886 κύμασιν]
796 2842 939 2883 νάμασιν
955 2840 980 2874 f.
1114 2840 1147 2874 6.
1173 2840 1417 2882 ἐπικλυζόντων
1432 2841 1458 2875 f.
1478 2841 1568 2875 Edd.
1587 2857 1681 2887 περι-

106 2888 292 2930 κλυζόντων
311 2888 353 2922 Β.
402 2887 686 2931 κατωλισθηκέναι
705 2887 747 2923 Β.
766 2887 1041 2932 κατωλισθηκότα
1059 2886 1151 2921 Edd.
1169 2887 1398 2921 καθελκόντων
1414 2887 1438 2922 f.
1583 2900 1637 2923 10.
1660 2891 1679 2923 ὁ

107 2932 288 2969 θεσπέσιος
306 2940 488 2978 assumpta
505 2946 547 2968 ex
567 2933 607 2968 B.
1019 2945 1072 2968 12.
1098 2948 1152 2967 και
1168 2940 1389 2979 assumptum
1407 2945 1448 2969 ex
1468 2935 1510 2969 B.
1529 2934 1589 2980 (13
1568 2946 1601 2980 3.
1619 2937 1680 2978 al.)

110 2990 163 3024 19.
189 2981 224 3014 ἐν
241 2984 461 3026 assumptum
479 2992 520 3014 ex
541 2980 582 3014 B.
901 2991 955 3015 22.
981 2980 1160 3016 εἰσελάσαι
1176 2980 1201 3014 f.
1219 2980 1343 3016 ἐλάσαι
1362 2980 1453 3016 Edd.
1503 2983 1581 3017 ναὸν
1600 2982 1642 3018 Β.
1656 2983 1680 3017 f.

107 3028 186 3062 νεὼν
205 3027 294 3062 Edd.
485 3038 538 3070 24.
563 3026 618 3073 τὸ]
637 3029 684 3075 τῷ
703 3027 726 3062 s.
