2021 3434
289 911 421 949 TOT
472 912 557 950 EN
608 913 845 952 ΑΓΙΟΙΣ
897 912 1170 951 ΠΑΤΡΟΣ
1225 912 1428 951 ΗΜΩΝ

558 1060 1162 1131 ΚΥΡΙΑΛΟΥ

89 1267 250 1320 ΕΙΣ
318 1266 507 1320 TON
571 1267 1102 1321 ΠΡΟΦΗΤΗΝ
1168 1265 1621 1320 ΜΙΧΑΙΑΝ.

465 1487 784 1541 ΤΟΜΟΣ
852 1487 1245 1540 ΠΡΩΤΟΣ.

27 1661 50 1700 5
144 1650 253 1698 ΕΙΣ
293 1645 377 1710 μὲν
420 1645 572 1698 ἅπασι
612 1649 686 1698 καὶ
728 1647 953 1715 θεοφιλὴς
998 1652 1094 1701 τοῖς
1136 1648 1284 1713 ἁγίοις
1322 1644 1587 1714 προφήταις
1623 1645 1688 1696 &a
1711 1657 1866 1693 390A.

68 1728 261 1791 σκοπὸς,
301 1728 355 1780 τὸ
399 1731 650 1781 ἀναπεῖσαι
693 1729 776 1781 τὸν
816 1728 1019 1795 Ἰσραὴλ
1061 1732 1383 1797 ἀποφοιτῆσαι
1431 1731 1648 1781 νεανικῶς

68 1816 151 1861 τοῦ
182 1816 459 1862 πλανᾶσθαι
495 1811 658 1874 θέλειν,
685 1812 971 1863 ἀνθελέσθαι
1009 1811 1057 1862 δὲ
1093 1816 1283 1874 μᾶλλον
1320 1809 1374 1862 τὸ
1413 1809 1650 1860 δουλεύειν

69 1896 177 1962 Θεῷ
202 1891 336 1958 ζῶντι
362 1896 436 1944 καὶ
463 1895 686 1963 ἀληθινῷ,
714 1896 788 1944 καὶ
823 1899 918 1947 τοῖς
949 1896 1029 1957 τῆς
1057 1892 1354 1956 δικαιοσύνης
1377 1890 1649 1959 αὐχήμασιν

68 1975 419 2041 ἐναβρύνεσθαι,
451 1974 536 2039 τὴν
573 1977 646 2026 ἐπὶ
684 1980 777 2028 τοῖς·
816 1974 1006 2028 ἀτόποις
1043 1974 1332 2042 κατάῥρησιν
1369 1976 1649 2041 ῥιπτοῦντας

4 2079 51 2104 10
69 2059 130 2110 ὡς
174 2055 420 2108 ἀπωτάτω.
486 2059 660 2108 πολλοὶ
708 2056 757 2108 δὲ
800 2057 1028 2124 γεγόνασι
1077 2059 1152 2108 καὶ
1196 2057 1409 2125 καθεξῆς,
1447 2059 1642 2121 προδια-

67 2139 416 2206 μαρτυρομένου
442 2139 618 2205 τρόπον
642 2139 745 2190 τινὰ
770 2145 852 2190 τοῦ
879 2143 1015 2202 Θεοῦ,
1042 2141 1117 2189 καὶ
1151 2138 1226 2188 διὰ
1250 2138 1492 2189 πλείστων
1520 2137 1648 2189 ὅσων
1664 2151 1692 2192 b

69 2221 323 2284 στομάτων
346 2226 799 2289 προαναφωνοῦντος
824 2223 1042 2287 ἐναργῶς,
1067 2223 1129 2274 ὡς
1154 2225 1191 2272 εἰ
1217 2220 1280 2284 μὴ
1306 2221 1487 2271 ἕλοιντο
1514 2225 1648 2281 βιοῦν

70 2304 233 2369 ὀρθῶς,
266 2303 383 2367 μήτε
417 2302 510 2367 μὴν
544 2308 750 2354 ποιοῖντο
786 2305 891 2369 περὶ
928 2309 1115 2354 πολλοῦ
1153 2302 1238 2366 τὴν
1276 2307 1339 2356 εἰς
1376 2301 1434 2352 τὰ
1473 2303 1643 2365 ἀμείνω

70 2384 238 2436 λοιπὸν
276 2385 556 2450 ἐπιτηδεύειν
599 2384 882 2451 ἀναδρομὴν,
923 2386 1052 2435 αὐτοὶ
1093 2385 1199 2435 καθ’
1246 2385 1422 2435 ἑαυτῶν
1467 2385 1649 2450 ὁριοῦσι

7 2485 52 2524 15
69 2466 153 2522 τὰς
201 2467 343 2530 δίκας,
387 2470 461 2518 καὶ
512 2466 803 2531 αὐτόκλητον
847 2465 1132 2520 ἀνατλάντες
1179 2465 1390 2532 ὄλεθρον,
1435 2465 1517 2520 τὰς
1566 2472 1650 2518 τοῦ

118 2632 265 2667 Codices
282 2633 326 2667 A.
331 2632 373 2667 B.
394 2631 459 2679 [D.
473 2632 610 2677 paginis
628 2631 839 2688 quibusdam
856 2631 975 2676 paucis
994 2631 1075 2665 solis
1093 2629 1299 2676 adhibitus]
1377 2641 1454 2676 1-3.
1474 2630 1531 2665 Sic
1545 2630 1587 2664 B.
1604 2630 1651 2667 εἷς

69 2680 127 2714 τὸν
142 2679 321 2726 προφήτην
337 2680 486 2725 Μιχαίαν
503 2680 546 2713 A.
571 2681 637 2712 Τοῦ
660 2679 762 2712 αὐτοῦ
782 2677 942 2723 ἐξήγησις
961 2678 1007 2713 εἷς
1031 2679 1089 2712 τὸν
1105 2677 1285 2733 προφήτην
1303 2678 1452 2722 Μιχαίαν
1470 2677 1516 2712 D.
1535 2680 1595 2711 τοῦ
1613 2678 1648 2712 ἐν

68 2726 176 2772 ἁγίοις
199 2728 326 2771 πατρὸς
349 2726 441 2770 ἡμῶν
465 2726 638 2770 Κυρίλλου
663 2725 930 2771 ἆρχιεπισκόπου
950 2725 1198 2770 ἁλεξανδρείας,
1217 2723 1376 2769 ἐξήγησις
1398 2725 1648 2768 ὗπομνηματικὴ

70 2773 116 2808 εἷς
132 2775 191 2808 τὸν
206 2773 393 2830 Προφήτην
411 2773 560 2818 Μιχαιαν
578 2771 670 2806 Edd.
859 2784 891 2814 4.
921 2771 976 2805 Sic
991 2771 1033 2805 A.
1039 2771 1080 2805 B.
1269 2780 1301 2813 5.
1329 2784 1382 2804 και
1399 2771 1562 2815 θεοφιλὴς
1578 2786 1649 2807 τοις

69 2819 177 2864 ἁγίοις
191 2819 382 2865 προφήταις
398 2819 464 2853 hoc
482 2819 603 2853 ordine
620 2819 664 2852 A.
670 2818 715 2852 D.
734 2832 788 2852 και
805 2817 904 2863 θεοφ.
923 2824 1002 2863 post
1018 2816 1391 2862 προφ.ΐῑ1“ίωερ.Εᾶ[1.
1536 2827 1568 2863 7.
1593 2818 1648 2852 θέ-

69 2867 190 2901 λεσθαι
211 2866 299 2901 Edd.
317 2867 433 2900 inV1tiS
451 2866 628 2900 omnlbus.
960 2865 1062 2898 8—10.
1091 2864 1144 2897 καὶ
1160 2864 1319 2899 τοῖς-ὣς
1335 2864 1498 2898 ἀπωτάτω
1515 2876 1585 2899 om.
1604 2864 1647 2899 B.

69 2925 103 2957 9.
129 2912 375 2958 ἐναβρύνασθαι
403 2913 447 2948 A.
518 2912 745 2946 ἀτοπωτάτοις
779 2910 870 2945 Edd.
901 2911 960 2945 inv
962 2911 1017 2945 Itis
1051 2911 1095 2945 A.
1100 2911 1146 2944 D.
1219 2909 1419 2954 ῥιπτοῦντας
1445 2911 1488 2945 A.
1494 2911 1540 2945 D.
1570 2911 1647 2955 ῥιπ-

71 2962 204 2995 τοῦντες
221 2960 313 2994 Edd.
620 2969 673 2992 10.
699 2959 735 2991 δέ
753 2969 823 2991 om.
838 2958 882 2992 A.
1193 2968 1244 2992 12.
1270 2958 1582 3004 προαναφαίνοντος
1600 2958 1647 2993 D.

75 3017 128 3049 14.
154 3007 373 3053 ἀναστροφὴν
392 3006 434 3042 Β.
484 3007 634 3051 ὀρινοῦσι
653 3004 742 3049 (sic)
762 3004 852 3039 Edd.
871 3004 988 3039 invitis
1006 3003 1181 3039 Omnibus.
