<?xml version="1.0" encoding="UTF-8"?>
<!DOCTYPE html PUBLIC "-//W3C//DTD XHTML 1.0 Transitional//EN"
    "http://www.w3.org/TR/xhtml1/DTD/xhtml1-transitional.dtd">
<html xmlns="http://www.w3.org/1999/xhtml" xml:lang="en" lang="en">
 <head>
  <title>
</title>
<meta http-equiv="Content-Type" content="text/html;charset=utf-8" />
  <meta name='ocr-system' content='tesseract 3.04.00' />
  <meta name='ocr-capabilities' content='ocr_page ocr_carea ocr_par ocr_line ocrx_word'/>
</head>
<body>
  <div class='ocr_page' id='page_1' title='image "./operacyrilli01cyriuoft/operacyrilli01cyriuoft_0595.png"; bbox 0 0 2021 3434; ppageno 0'>
   <div class='ocr_carea' id='block_1_1' title="bbox 698 205 1683 255">
    <p class='ocr_par' dir='ltr' id='par_1_1' title="bbox 698 205 1683 255">
     <span class='ocr_line' id='line_1_1' title="bbox 698 205 1683 255; baseline -0.003 -9"><span class='ocrx_word' id='word_1_1' title='bbox 698 206 771 246; x_wconf 93' lang='lat' dir='ltr'>IN</span> <span class='ocrx_word' id='word_1_2' title='bbox 812 205 1091 255; x_wconf 85' lang='lat' dir='ltr'>ABDIAM.</span> <span class='ocrx_word' id='word_1_3' title='bbox 1601 206 1683 244; x_wconf 66' lang='lat'>547</span> 
     </span>
    </p>
   </div>
   <div class='ocr_carea' id='block_1_2' title="bbox 103 314 1684 463">
    <p class='ocr_par' dir='ltr' id='par_1_2' title="bbox 103 314 1684 463">
     <span class='ocr_line' id='line_1_2' title="bbox 105 314 1684 382; baseline -0.004 -14"><span class='ocrx_word' id='word_1_4' title='bbox 105 315 303 378; x_wconf 88' lang='grc' dir='ltr'>τοτόκια,</span> <span class='ocrx_word' id='word_1_5' title='bbox 339 320 414 367; x_wconf 86' lang='grc' dir='ltr'>καὶ</span> <span class='ocrx_word' id='word_1_6' title='bbox 449 319 686 382; x_wconf 85' lang='grc' dir='ltr'>ἀλογῆσαι</span> <span class='ocrx_word' id='word_1_7' title='bbox 724 316 808 380; x_wconf 79' lang='grc' dir='ltr'>μὲν</span> <span class='ocrx_word' id='word_1_8' title='bbox 842 318 924 379; x_wconf 83' lang='grc' dir='ltr'>τῆς</span> <span class='ocrx_word' id='word_1_9' title='bbox 965 316 1174 366; x_wconf 87' lang='grc' dir='ltr'>ἐντεῦθεν</span> <span class='ocrx_word' id='word_1_10' title='bbox 1218 314 1525 382; x_wconf 75' lang='grc' dir='ltr'>ὀφειλομένης</span> <span class='ocrx_word' id='word_1_11' title='bbox 1559 314 1684 382; x_wconf 71' lang='grc' dir='ltr'>αὐτῷ</span> 
     </span>
     <span class='ocr_line' id='line_1_3' title="bbox 103 394 1681 463; baseline -0.003 -14"><span class='ocrx_word' id='word_1_12' title='bbox 103 400 254 462; x_wconf 82' lang='grc' dir='ltr'>τιμῆς,</span> <span class='ocrx_word' id='word_1_13' title='bbox 285 399 511 463; x_wconf 79' lang='grc' dir='ltr'>βρώσεως</span> <span class='ocrx_word' id='word_1_14' title='bbox 539 398 586 449; x_wconf 77' lang='grc' dir='ltr'>δὲ</span> <span class='ocrx_word' id='word_1_15' title='bbox 612 402 732 460; x_wconf 84' lang='grc' dir='ltr'>μιᾶς,</span> <span class='ocrx_word' id='word_1_16' title='bbox 759 399 833 448; x_wconf 81' lang='grc' dir='ltr'>καὶ</span> <span class='ocrx_word' id='word_1_17' title='bbox 860 403 998 448; x_wconf 91' lang='grc' dir='ltr'>τοῦτο</span> <span class='ocrx_word' id='word_1_18' title='bbox 1025 397 1372 460; x_wconf 83' lang='grc' dir='ltr'>εὐτελεστάτης,</span> <span class='ocrx_word' id='word_1_19' title='bbox 1399 394 1681 446; x_wconf 77' lang='grc' dir='ltr'>ἀνθελέσθαι</span> 
     </span>
    </p>
   </div>
   <div class='ocr_carea' id='block_1_3' title="bbox 101 477 1903 549">
    <p class='ocr_par' dir='ltr' id='par_1_3' title="bbox 101 477 1903 549">
     <span class='ocr_line' id='line_1_4' title="bbox 101 477 1903 549; baseline -0.003 -18"><span class='ocrx_word' id='word_1_20' title='bbox 101 479 379 547; x_wconf 83' lang='grc' dir='ltr'>παράθεσιν,</span> <span class='ocrx_word' id='word_1_21' title='bbox 419 480 636 549; x_wconf 84' lang='grc' dir='ltr'>ταύτῃτοι</span> <span class='ocrx_word' id='word_1_22' title='bbox 675 482 750 530; x_wconf 81' lang='grc' dir='ltr'>καὶ</span> <span class='ocrx_word' id='word_1_23' title='bbox 780 478 1065 542; x_wconf 86' lang='grc' dir='ltr'>Ἰδουμαίους</span> <span class='ocrx_word' id='word_1_24' title='bbox 1099 478 1337 545; x_wconf 71' lang='grc' dir='ltr'>ὠνόμαζον</span> <span class='ocrx_word' id='word_1_25' title='bbox 1369 477 1477 531; x_wconf 76' lang='grc' dir='ltr'>τοὺς</span> <span class='ocrx_word' id='word_1_26' title='bbox 1508 477 1564 546; x_wconf 78' lang='grc' dir='ltr'>ἐξ</span> <span class='ocrx_word' id='word_1_27' title='bbox 1599 478 1675 527; x_wconf 74' lang='grc' dir='ltr'>αὖ·</span> <span class='ocrx_word' id='word_1_28' title='bbox 1697 499 1719 523; x_wconf 82' lang='lat' dir='ltr'>a</span> <span class='ocrx_word' id='word_1_29' title='bbox 1748 490 1832 524; x_wconf 85' lang='lat'>355</span> <span class='ocrx_word' id='word_1_30' title='bbox 1854 489 1903 523; x_wconf 87' lang='lat' dir='ltr'>A.</span> 
     </span>
    </p>
   </div>
   <div class='ocr_carea' id='block_1_4' title="bbox 35 559 1685 1121">
    <p class='ocr_par' dir='ltr' id='par_1_4' title="bbox 35 559 1685 1121">
     <span class='ocr_line' id='line_1_5' title="bbox 101 559 1681 628; baseline -0.002 -16"><span class='ocrx_word' id='word_1_31' title='bbox 101 567 184 612; x_wconf 92' lang='grc' dir='ltr'>τοῦ</span> <span class='ocrx_word' id='word_1_32' title='bbox 224 562 489 628; x_wconf 80' lang='grc' dir='ltr'>γεγονότας.</span> <span class='ocrx_word' id='word_1_33' title='bbox 559 568 767 612; x_wconf 81' lang='grc' dir='ltr'>καλεῖται</span> <span class='ocrx_word' id='word_1_34' title='bbox 808 561 855 612; x_wconf 75' lang='grc' dir='ltr'>δὲ</span> <span class='ocrx_word' id='word_1_35' title='bbox 899 565 994 612; x_wconf 83' lang='grc' dir='ltr'>τῶν</span> <span class='ocrx_word' id='word_1_36' title='bbox 1035 561 1308 624; x_wconf 84' lang='grc' dir='ltr'>Ἰδουμαίων</span> <span class='ocrx_word' id='word_1_37' title='bbox 1359 561 1387 624; x_wconf 86' lang='grc' dir='ltr'>ἡ</span> <span class='ocrx_word' id='word_1_38' title='bbox 1432 559 1563 627; x_wconf 84' lang='grc' dir='ltr'>χώρα</span> <span class='ocrx_word' id='word_1_39' title='bbox 1607 561 1681 609; x_wconf 76' lang='grc' dir='ltr'>καὶ</span> 
     </span>
     <span class='ocr_line' id='line_1_6' title="bbox 60 641 1682 710; baseline -0.001 -16"><span class='ocrx_word' id='word_1_40' title='bbox 60 664 82 702; x_wconf 89' lang='grc'>5</span> <span class='ocrx_word' id='word_1_41' title='bbox 103 646 241 710; x_wconf 76' lang='grc' dir='ltr'>Σηεῖρ</span> <span class='ocrx_word' id='word_1_42' title='bbox 276 646 350 695; x_wconf 78' lang='grc' dir='ltr'>καὶ</span> <span class='ocrx_word' id='word_1_43' title='bbox 385 642 592 708; x_wconf 77' lang='grc' dir='ltr'>Θαιμάν·</span> <span class='ocrx_word' id='word_1_44' title='bbox 657 645 731 694; x_wconf 74' lang='grc' dir='ltr'>καὶ</span> <span class='ocrx_word' id='word_1_45' title='bbox 767 645 906 710; x_wconf 79' lang='grc' dir='ltr'>Σηεῖρ</span> <span class='ocrx_word' id='word_1_46' title='bbox 941 643 1024 706; x_wconf 75' lang='grc' dir='ltr'>μὲν</span> <span class='ocrx_word' id='word_1_47' title='bbox 1063 642 1137 693; x_wconf 77' lang='grc' dir='ltr'>διὰ</span> <span class='ocrx_word' id='word_1_48' title='bbox 1171 641 1225 693; x_wconf 78' lang='grc' dir='ltr'>τὸ</span> <span class='ocrx_word' id='word_1_49' title='bbox 1263 642 1489 707; x_wconf 86' lang='grc' dir='ltr'>λέγεσθαι</span> <span class='ocrx_word' id='word_1_50' title='bbox 1524 644 1682 693; x_wconf 78' lang='grc' dir='ltr'>δασεῖς</span> 
     </span>
     <span class='ocr_line' id='line_1_7' title="bbox 100 724 1683 789; baseline -0.002 -13"><span class='ocrx_word' id='word_1_51' title='bbox 100 724 208 779; x_wconf 78' lang='grc' dir='ltr'>τοὺς</span> <span class='ocrx_word' id='word_1_52' title='bbox 248 732 572 779; x_wconf 82' lang='grc' dir='ltr'>κατοικοῦντας</span> <span class='ocrx_word' id='word_1_53' title='bbox 615 724 770 789; x_wconf 82' lang='grc' dir='ltr'>αὐτὴν,</span> <span class='ocrx_word' id='word_1_54' title='bbox 812 724 960 780; x_wconf 74' lang='grc' dir='ltr'>δασὺς</span> <span class='ocrx_word' id='word_1_55' title='bbox 1006 725 1053 776; x_wconf 79' lang='grc' dir='ltr'>δὲ</span> <span class='ocrx_word' id='word_1_56' title='bbox 1098 727 1173 775; x_wconf 77' lang='grc' dir='ltr'>καὶ</span> <span class='ocrx_word' id='word_1_57' title='bbox 1215 725 1391 774; x_wconf 86' lang='grc' dir='ltr'>Ἡσαῦ·</span> <span class='ocrx_word' id='word_1_58' title='bbox 1432 724 1683 789; x_wconf 87' lang='grc' dir='ltr'>τετρίχωτο</span> 
     </span>
     <span class='ocr_line' id='line_1_8' title="bbox 100 803 1683 875; baseline -0.003 -17"><span class='ocrx_word' id='word_1_59' title='bbox 100 806 205 874; x_wconf 87' lang='grc' dir='ltr'>γάρ·</span> <span class='ocrx_word' id='word_1_60' title='bbox 261 806 361 874; x_wconf 85' lang='grc' dir='ltr'>Σὴρ</span> <span class='ocrx_word' id='word_1_61' title='bbox 387 808 435 859; x_wconf 76' lang='grc' dir='ltr'>δὲ</span> <span class='ocrx_word' id='word_1_62' title='bbox 461 809 697 875; x_wconf 79' lang='grc' dir='ltr'>τρίχωσις,</span> <span class='ocrx_word' id='word_1_63' title='bbox 725 808 825 872; x_wconf 74' lang='grc' dir='ltr'>ἤτοι</span> <span class='ocrx_word' id='word_1_64' title='bbox 851 806 1075 874; x_wconf 80' lang='grc' dir='ltr'>τριχωτὸς</span> <span class='ocrx_word' id='word_1_65' title='bbox 1102 806 1407 872; x_wconf 84' lang='grc' dir='ltr'>ἑρμηνεύεται.</span> <span class='ocrx_word' id='word_1_66' title='bbox 1450 803 1508 867; x_wconf 82' lang='grc' dir='ltr'>ἧν</span> <span class='ocrx_word' id='word_1_67' title='bbox 1535 804 1581 854; x_wconf 75' lang='grc' dir='ltr'>δὲ</span> <span class='ocrx_word' id='word_1_68' title='bbox 1608 807 1683 854; x_wconf 81' lang='grc' dir='ltr'>καὶ</span> 
     </span>
     <span class='ocr_line' id='line_1_9' title="bbox 101 884 1685 959; baseline -0.003 -19"><span class='ocrx_word' id='word_1_69' title='bbox 101 889 207 954; x_wconf 82' lang='grc' dir='ltr'>ὅρος</span> <span class='ocrx_word' id='word_1_70' title='bbox 241 891 288 940; x_wconf 81' lang='grc' dir='ltr'>ἐν</span> <span class='ocrx_word' id='word_1_71' title='bbox 325 893 382 957; x_wconf 83' lang='grc' dir='ltr'>τῇ</span> <span class='ocrx_word' id='word_1_72' title='bbox 418 890 550 959; x_wconf 75' lang='grc' dir='ltr'>χώρᾳ</span> <span class='ocrx_word' id='word_1_73' title='bbox 577 891 731 954; x_wconf 80' lang='grc' dir='ltr'>Σηείρ.</span> <span class='ocrx_word' id='word_1_74' title='bbox 799 888 990 952; x_wconf 76' lang='grc' dir='ltr'>Θαιμάν</span> <span class='ocrx_word' id='word_1_75' title='bbox 1027 889 1073 939; x_wconf 76' lang='grc' dir='ltr'>δὲ</span> <span class='ocrx_word' id='word_1_76' title='bbox 1108 887 1163 951; x_wconf 88' lang='grc' dir='ltr'>δὴ</span> <span class='ocrx_word' id='word_1_77' title='bbox 1196 888 1356 949; x_wconf 86' lang='grc' dir='ltr'>πάλιν,</span> <span class='ocrx_word' id='word_1_78' title='bbox 1383 886 1459 936; x_wconf 77' lang='grc' dir='ltr'>διὰ</span> <span class='ocrx_word' id='word_1_79' title='bbox 1484 885 1538 936; x_wconf 82' lang='grc' dir='ltr'>τὸ</span> <span class='ocrx_word' id='word_1_80' title='bbox 1571 884 1685 936; x_wconf 77' lang='grc' dir='ltr'>εἶναι</span> 
     </span>
     <span class='ocr_line' id='line_1_10' title="bbox 101 968 1685 1036; baseline -0.003 -15"><span class='ocrx_word' id='word_1_81' title='bbox 101 971 400 1036; x_wconf 88' lang='grc' dir='ltr'>νοτιωτάτην.</span> <span class='ocrx_word' id='word_1_82' title='bbox 466 970 598 1024; x_wconf 90' lang='grc' dir='ltr'>νότος</span> <span class='ocrx_word' id='word_1_83' title='bbox 644 971 692 1022; x_wconf 78' lang='grc' dir='ltr'>δὲ</span> <span class='ocrx_word' id='word_1_84' title='bbox 738 972 762 1022; x_wconf 86' lang='grc' dir='ltr'>ὁ</span> <span class='ocrx_word' id='word_1_85' title='bbox 802 969 992 1032; x_wconf 75' lang='grc' dir='ltr'>Θαιμάν</span> <span class='ocrx_word' id='word_1_86' title='bbox 1033 969 1151 1020; x_wconf 78' lang='grc' dir='ltr'>κατὰ</span> <span class='ocrx_word' id='word_1_87' title='bbox 1195 968 1279 1032; x_wconf 86' lang='grc' dir='ltr'>τὴν</span> <span class='ocrx_word' id='word_1_88' title='bbox 1318 973 1412 1019; x_wconf 91' lang='grc' dir='ltr'>τῶν</span> <span class='ocrx_word' id='word_1_89' title='bbox 1446 968 1685 1033; x_wconf 63' lang='grc' dir='ltr'>”Εβραίων</span> 
     </span>
     <span class='ocr_line' id='line_1_11' title="bbox 35 1050 1685 1121; baseline -0.002 -18"><span class='ocrx_word' id='word_1_90' title='bbox 35 1074 82 1098; x_wconf 93' lang='lat'>10</span> <span class='ocrx_word' id='word_1_91' title='bbox 102 1052 279 1121; x_wconf 88' lang='grc' dir='ltr'>φωνήν.</span> <span class='ocrx_word' id='word_1_92' title='bbox 372 1056 500 1104; x_wconf 79' lang='grc' dir='ltr'>δοκεῖ</span> <span class='ocrx_word' id='word_1_93' title='bbox 544 1054 600 1103; x_wconf 86' lang='grc' dir='ltr'>δέ</span> <span class='ocrx_word' id='word_1_94' title='bbox 640 1075 766 1103; x_wconf 92' lang='grc' dir='ltr'>τισιν</span> <span class='ocrx_word' id='word_1_95' title='bbox 815 1055 1027 1118; x_wconf 76' lang='grc' dir='ltr'>εἰρῆσθαι</span> <span class='ocrx_word' id='word_1_96' title='bbox 1075 1050 1266 1113; x_wconf 79' lang='grc' dir='ltr'>Θαιμάν</span> <span class='ocrx_word' id='word_1_97' title='bbox 1308 1052 1383 1101; x_wconf 79' lang='grc' dir='ltr'>καὶ</span> <span class='ocrx_word' id='word_1_98' title='bbox 1425 1050 1480 1100; x_wconf 85' lang='grc' dir='ltr'>δι’</span> <span class='ocrx_word' id='word_1_99' title='bbox 1525 1050 1685 1115; x_wconf 86' lang='grc' dir='ltr'>ἑτέραν</span> 
     </span>
    </p>
   </div>
   <div class='ocr_carea' id='block_1_5' title="bbox 100 1131 1684 1202">
    <p class='ocr_par' dir='ltr' id='par_1_5' title="bbox 100 1131 1684 1202">
     <span class='ocr_line' id='line_1_12' title="bbox 100 1131 1684 1202; baseline 0.001 -18"><span class='ocrx_word' id='word_1_100' title='bbox 100 1135 264 1185; x_wconf 80' lang='grc' dir='ltr'>αἰτίαν.</span> <span class='ocrx_word' id='word_1_101' title='bbox 334 1137 456 1201; x_wconf 81' lang='grc' dir='ltr'>φασὶ</span> <span class='ocrx_word' id='word_1_102' title='bbox 490 1134 584 1201; x_wconf 74' lang='grc' dir='ltr'>γὰρ</span> <span class='ocrx_word' id='word_1_103' title='bbox 623 1134 691 1186; x_wconf 81' lang='grc' dir='ltr'>ὅτι</span> <span class='ocrx_word' id='word_1_104' title='bbox 726 1134 916 1200; x_wconf 87' lang='grc' dir='ltr'>γέγονεν</span> <span class='ocrx_word' id='word_1_105' title='bbox 949 1132 1043 1186; x_wconf 79' lang='grc' dir='ltr'>υἱὸς</span> <span class='ocrx_word' id='word_1_106' title='bbox 1073 1137 1140 1202; x_wconf 70' lang='grc' dir='ltr'>τῷ</span> <span class='ocrx_word' id='word_1_107' title='bbox 1163 1134 1328 1183; x_wconf 55' lang='grc' dir='ltr'>εΗσαῦ</span> <span class='ocrx_word' id='word_1_108' title='bbox 1354 1131 1473 1183; x_wconf 78' lang='grc' dir='ltr'>κατὰ</span> <span class='ocrx_word' id='word_1_109' title='bbox 1500 1131 1684 1197; x_wconf 79' lang='grc' dir='ltr'>καιροὺς</span> 
     </span>
    </p>
   </div>
   <div class='ocr_carea' id='block_1_6' title="bbox 1742 742 1903 773">
    <p class='ocr_par' dir='ltr' id='par_1_6' title="bbox 1742 742 1903 773">
     <span class='ocr_line' id='line_1_13' title="bbox 1742 742 1903 773; baseline -0.006 0"><span class='ocrx_word' id='word_1_110' title='bbox 1742 742 1903 773; x_wconf 80' lang='lat' dir='ltr'>Gen.xxv.</span> 
     </span>
    </p>
   </div>
   <div class='ocr_carea' id='block_1_7' title="bbox 98 1213 1905 1285">
    <p class='ocr_par' dir='ltr' id='par_1_7' title="bbox 98 1213 1905 1285">
     <span class='ocr_line' id='line_1_14' title="bbox 98 1213 1905 1285; baseline 0.003 -40"><span class='ocrx_word' id='word_1_111' title='bbox 98 1215 320 1283; x_wconf 74' lang='grc' dir='ltr'>Ἐλιφάζ,</span> <span class='ocrx_word' id='word_1_112' title='bbox 355 1218 404 1267; x_wconf 85' lang='grc' dir='ltr'>ἐκ</span> <span class='ocrx_word' id='word_1_113' title='bbox 440 1217 488 1267; x_wconf 74' lang='grc' dir='ltr'>δὲ</span> <span class='ocrx_word' id='word_1_114' title='bbox 523 1223 605 1268; x_wconf 92' lang='grc' dir='ltr'>τοῦ</span> <span class='ocrx_word' id='word_1_115' title='bbox 639 1216 904 1285; x_wconf 75' lang='grc' dir='ltr'>Ἐλιφάζὸ</span> <span class='ocrx_word' id='word_1_116' title='bbox 943 1215 1149 1278; x_wconf 75' lang='grc' dir='ltr'>Θαιμὰν,</span> <span class='ocrx_word' id='word_1_117' title='bbox 1190 1213 1247 1281; x_wconf 74' lang='grc' dir='ltr'>ἐξ</span> <span class='ocrx_word' id='word_1_118' title='bbox 1283 1214 1336 1265; x_wconf 82' lang='grc' dir='ltr'>οῦ</span> <span class='ocrx_word' id='word_1_119' title='bbox 1371 1216 1444 1265; x_wconf 77' lang='grc' dir='ltr'>καὶ</span> <span class='ocrx_word' id='word_1_120' title='bbox 1490 1215 1517 1277; x_wconf 83' lang='grc' dir='ltr'>ἡ</span> <span class='ocrx_word' id='word_1_121' title='bbox 1553 1214 1905 1281; x_wconf 60' lang='lat' dir='ltr'>XosspabIb.xxxvi.</span> 
     </span>
    </p>
   </div>
   <div class='ocr_carea' id='block_1_8' title="bbox 33 1296 1684 2597">
    <p class='ocr_par' dir='ltr' id='par_1_8' title="bbox 33 1296 1684 2597">
     <span class='ocr_line' id='line_1_15' title="bbox 100 1296 1684 1367; baseline -0.001 -19"><span class='ocrx_word' id='word_1_122' title='bbox 100 1296 305 1360; x_wconf 80' lang='grc' dir='ltr'>Θαιμάν.</span> <span class='ocrx_word' id='word_1_123' title='bbox 374 1301 448 1350; x_wconf 75' lang='grc' dir='ltr'>καὶ</span> <span class='ocrx_word' id='word_1_124' title='bbox 493 1298 680 1367; x_wconf 83' lang='grc' dir='ltr'>ἀπόχρη</span> <span class='ocrx_word' id='word_1_125' title='bbox 724 1298 809 1362; x_wconf 70' lang='grc' dir='ltr'>μὲν</span> <span class='ocrx_word' id='word_1_126' title='bbox 849 1304 994 1349; x_wconf 88' lang='grc' dir='ltr'>ταῦτα</span> <span class='ocrx_word' id='word_1_127' title='bbox 1034 1300 1139 1363; x_wconf 79' lang='grc' dir='ltr'>περὶ</span> <span class='ocrx_word' id='word_1_128' title='bbox 1184 1300 1265 1360; x_wconf 79' lang='grc' dir='ltr'>τῆς</span> <span class='ocrx_word' id='word_1_129' title='bbox 1304 1297 1566 1359; x_wconf 84' lang='grc' dir='ltr'>Ἰδουμαίας</span> <span class='ocrx_word' id='word_1_130' title='bbox 1608 1299 1684 1347; x_wconf 78' lang='grc' dir='ltr'>καὶ</span> 
     </span>
     <span class='ocr_line' id='line_1_16' title="bbox 101 1379 1683 1449; baseline -0.001 -19"><span class='ocrx_word' id='word_1_131' title='bbox 101 1384 196 1430; x_wconf 88' lang='grc' dir='ltr'>τῶν</span> <span class='ocrx_word' id='word_1_132' title='bbox 232 1382 280 1431; x_wconf 86' lang='grc' dir='ltr'>ἐν</span> <span class='ocrx_word' id='word_1_133' title='bbox 320 1382 451 1449; x_wconf 83' lang='grc' dir='ltr'>αὐτῇ.</span> <span class='ocrx_word' id='word_1_134' title='bbox 535 1381 821 1432; x_wconf 80' lang='grc' dir='ltr'>ἀπολώλασι</span> <span class='ocrx_word' id='word_1_135' title='bbox 865 1380 913 1431; x_wconf 75' lang='grc' dir='ltr'>δὲ</span> <span class='ocrx_word' id='word_1_136' title='bbox 959 1381 1015 1430; x_wconf 89' lang='grc' dir='ltr'>δι’</span> <span class='ocrx_word' id='word_1_137' title='bbox 1057 1380 1206 1430; x_wconf 77' lang='grc' dir='ltr'>αἰτίαν</span> <span class='ocrx_word' id='word_1_138' title='bbox 1247 1379 1477 1443; x_wconf 86' lang='grc' dir='ltr'>τοιαύτην.</span> <span class='ocrx_word' id='word_1_139' title='bbox 1547 1385 1683 1430; x_wconf 90' lang='grc' dir='ltr'>πολι-</span> 
     </span>
     <span class='ocr_line' id='line_1_17' title="bbox 36 1460 1682 1530; baseline 0 -19"><span class='ocrx_word' id='word_1_140' title='bbox 36 1489 80 1526; x_wconf 87' lang='lat'>15</span> <span class='ocrx_word' id='word_1_141' title='bbox 100 1463 377 1527; x_wconf 88' lang='grc' dir='ltr'>ορκουμένης</span> <span class='ocrx_word' id='word_1_142' title='bbox 409 1463 502 1530; x_wconf 78' lang='grc' dir='ltr'>γὰρ</span> <span class='ocrx_word' id='word_1_143' title='bbox 539 1466 622 1527; x_wconf 82' lang='grc' dir='ltr'>τῆς</span> <span class='ocrx_word' id='word_1_144' title='bbox 646 1462 960 1529; x_wconf 80' lang='grc' dir='ltr'>Ἰερουσαλὴμ</span> <span class='ocrx_word' id='word_1_145' title='bbox 997 1461 1085 1513; x_wconf 83' lang='grc' dir='ltr'>ὑπὸ</span> <span class='ocrx_word' id='word_1_146' title='bbox 1121 1467 1203 1513; x_wconf 91' lang='grc' dir='ltr'>τοῦ</span> <span class='ocrx_word' id='word_1_147' title='bbox 1235 1460 1682 1528; x_wconf 89' lang='grc' dir='ltr'>Ναβουχοδονόσορ,</span> 
     </span>
     <span class='ocr_line' id='line_1_18' title="bbox 99 1543 1683 1613; baseline 0.001 -19"><span class='ocrx_word' id='word_1_148' title='bbox 99 1548 173 1594; x_wconf 85' lang='grc' dir='ltr'>καὶ</span> <span class='ocrx_word' id='word_1_149' title='bbox 203 1546 252 1595; x_wconf 85' lang='grc' dir='ltr'>ἐν</span> <span class='ocrx_word' id='word_1_150' title='bbox 289 1550 384 1599; x_wconf 79' lang='grc' dir='ltr'>τοῖς</span> <span class='ocrx_word' id='word_1_151' title='bbox 422 1546 640 1613; x_wconf 79' lang='grc' dir='ltr'>ἐσχάτοις</span> <span class='ocrx_word' id='word_1_152' title='bbox 679 1545 885 1610; x_wconf 80' lang='grc' dir='ltr'>ἡκούσης</span> <span class='ocrx_word' id='word_1_153' title='bbox 922 1549 1090 1598; x_wconf 78' lang='grc' dir='ltr'>κακοῖς·</span> <span class='ocrx_word' id='word_1_154' title='bbox 1131 1545 1325 1596; x_wconf 75' lang='grc' dir='ltr'>ἔπιπτον</span> <span class='ocrx_word' id='word_1_155' title='bbox 1357 1543 1450 1609; x_wconf 79' lang='grc' dir='ltr'>γὰρ</span> <span class='ocrx_word' id='word_1_156' title='bbox 1493 1545 1683 1609; x_wconf 87' lang='grc' dir='ltr'>ἀναρίθ-</span> 
     </span>
     <span class='ocr_line' id='line_1_19' title="bbox 97 1625 1684 1695; baseline -0.001 -19"><span class='ocrx_word' id='word_1_157' title='bbox 97 1649 234 1690; x_wconf 91' lang='grc' dir='ltr'>μητοι</span> <span class='ocrx_word' id='word_1_158' title='bbox 259 1632 355 1681; x_wconf 79' lang='grc' dir='ltr'>τοῖς</span> <span class='ocrx_word' id='word_1_159' title='bbox 389 1632 482 1678; x_wconf 89' lang='grc' dir='ltr'>τῶν</span> <span class='ocrx_word' id='word_1_160' title='bbox 507 1631 651 1679; x_wconf 80' lang='grc' dir='ltr'>ἐθνῶν</span> <span class='ocrx_word' id='word_1_161' title='bbox 677 1627 998 1690; x_wconf 86' lang='grc' dir='ltr'>δαπανώμενοι</span> <span class='ocrx_word' id='word_1_162' title='bbox 1025 1627 1204 1695; x_wconf 74' lang='grc' dir='ltr'>ξίφεσι·</span> <span class='ocrx_word' id='word_1_163' title='bbox 1251 1625 1538 1692; x_wconf 72' lang='grc' dir='ltr'>ἀνεσώζοντό</span> <span class='ocrx_word' id='word_1_164' title='bbox 1565 1648 1684 1678; x_wconf 86' lang='grc' dir='ltr'>τινες</span> 
     </span>
     <span class='ocr_line' id='line_1_20' title="bbox 98 1708 1678 1776; baseline 0 -18"><span class='ocrx_word' id='word_1_165' title='bbox 98 1709 247 1772; x_wconf 79' lang='grc' dir='ltr'>μόλις,</span> <span class='ocrx_word' id='word_1_166' title='bbox 281 1711 355 1760; x_wconf 77' lang='grc' dir='ltr'>καὶ</span> <span class='ocrx_word' id='word_1_167' title='bbox 391 1714 453 1764; x_wconf 80' lang='grc' dir='ltr'>εἷς</span> <span class='ocrx_word' id='word_1_168' title='bbox 489 1709 572 1764; x_wconf 76' lang='grc' dir='ltr'>τὰς</span> <span class='ocrx_word' id='word_1_169' title='bbox 607 1716 701 1761; x_wconf 89' lang='grc' dir='ltr'>τῶν</span> <span class='ocrx_word' id='word_1_170' title='bbox 740 1709 924 1776; x_wconf 84' lang='grc' dir='ltr'>ὁμόρων</span> <span class='ocrx_word' id='word_1_171' title='bbox 965 1711 1109 1760; x_wconf 80' lang='grc' dir='ltr'>ἐθνῶν</span> <span class='ocrx_word' id='word_1_172' title='bbox 1145 1708 1297 1776; x_wconf 82' lang='grc' dir='ltr'>χώρας</span> <span class='ocrx_word' id='word_1_173' title='bbox 1331 1708 1678 1773; x_wconf 69' lang='grc' dir='ltr'>ἀπεκομίζοντο·</span> 
     </span>
     <span class='ocr_line' id='line_1_21' title="bbox 100 1789 1683 1859; baseline 0 -20"><span class='ocrx_word' id='word_1_174' title='bbox 100 1791 372 1851; x_wconf 77' lang='grc' dir='ltr'>κατέβαινον</span> <span class='ocrx_word' id='word_1_175' title='bbox 403 1792 450 1843; x_wconf 80' lang='grc' dir='ltr'>δὲ</span> <span class='ocrx_word' id='word_1_176' title='bbox 486 1796 527 1843; x_wconf 78' lang='grc' dir='ltr'>οἱ</span> <span class='ocrx_word' id='word_1_177' title='bbox 563 1798 783 1844; x_wconf 82' lang='grc' dir='ltr'>πλεῖστοι</span> <span class='ocrx_word' id='word_1_178' title='bbox 817 1792 1031 1854; x_wconf 85' lang='grc' dir='ltr'>μάλιστα</span> <span class='ocrx_word' id='word_1_179' title='bbox 1065 1796 1159 1842; x_wconf 86' lang='grc' dir='ltr'>τῶν</span> <span class='ocrx_word' id='word_1_180' title='bbox 1193 1791 1250 1859; x_wconf 74' lang='grc' dir='ltr'>ἐξ</span> <span class='ocrx_word' id='word_1_181' title='bbox 1271 1789 1471 1855; x_wconf 88' lang='grc' dir='ltr'>Ἰσραὴλ</span> <span class='ocrx_word' id='word_1_182' title='bbox 1505 1793 1566 1843; x_wconf 82' lang='grc' dir='ltr'>εὶς</span> <span class='ocrx_word' id='word_1_183' title='bbox 1598 1789 1683 1853; x_wconf 83' lang='grc' dir='ltr'>τὴν</span> 
     </span>
     <span class='ocr_line' id='line_1_22' title="bbox 33 1871 1678 1944; baseline -0.001 -22"><span class='ocrx_word' id='word_1_184' title='bbox 33 1890 81 1914; x_wconf 84' lang='grc'>20</span> <span class='ocrx_word' id='word_1_185' title='bbox 99 1873 376 1936; x_wconf 82' lang='grc' dir='ltr'>Ἰδουμαίαν,</span> <span class='ocrx_word' id='word_1_186' title='bbox 404 1873 576 1940; x_wconf 80' lang='grc' dir='ltr'>ὅμορον</span> <span class='ocrx_word' id='word_1_187' title='bbox 601 1876 750 1926; x_wconf 76' lang='grc' dir='ltr'>οὖσαν</span> <span class='ocrx_word' id='word_1_188' title='bbox 777 1876 944 1937; x_wconf 80' lang='grc' dir='ltr'>αὐτοῖς,</span> <span class='ocrx_word' id='word_1_189' title='bbox 972 1872 1118 1944; x_wconf 75' lang='grc' dir='ltr'>ᾤοντό</span> <span class='ocrx_word' id='word_1_190' title='bbox 1143 1897 1190 1924; x_wconf 90' lang='grc' dir='ltr'>τε</span> <span class='ocrx_word' id='word_1_191' title='bbox 1227 1873 1297 1923; x_wconf 82' lang='grc' dir='ltr'>ὅτι</span> <span class='ocrx_word' id='word_1_192' title='bbox 1333 1874 1406 1922; x_wconf 81' lang='grc' dir='ltr'>καὶ</span> <span class='ocrx_word' id='word_1_193' title='bbox 1433 1871 1678 1937; x_wconf 88' lang='grc' dir='ltr'>συναλγή-</span> 
     </span>
     <span class='ocr_line' id='line_1_23' title="bbox 98 1955 1681 2025; baseline 0 -22"><span class='ocrx_word' id='word_1_194' title='bbox 98 1977 272 2004; x_wconf 92' lang='grc' dir='ltr'>σουσιν</span> <span class='ocrx_word' id='word_1_195' title='bbox 315 1957 376 2008; x_wconf 86' lang='grc' dir='ltr'>ὡς</span> <span class='ocrx_word' id='word_1_196' title='bbox 419 1958 655 2024; x_wconf 78' lang='grc' dir='ltr'>ἀδελφοῖς,</span> <span class='ocrx_word' id='word_1_197' title='bbox 701 1960 775 2007; x_wconf 79' lang='grc' dir='ltr'>καὶ</span> <span class='ocrx_word' id='word_1_198' title='bbox 820 1959 902 2020; x_wconf 79' lang='grc' dir='ltr'>τῆς</span> <span class='ocrx_word' id='word_1_199' title='bbox 942 1956 998 2025; x_wconf 74' lang='grc' dir='ltr'>ἐξ</span> <span class='ocrx_word' id='word_1_200' title='bbox 1038 1956 1230 2017; x_wconf 84' lang='grc' dir='ltr'>αἵματος</span> <span class='ocrx_word' id='word_1_201' title='bbox 1275 1955 1548 2021; x_wconf 83' lang='grc' dir='ltr'>ἀγχιστείας</span> <span class='ocrx_word' id='word_1_202' title='bbox 1583 1956 1681 2004; x_wconf 89' lang='grc' dir='ltr'>διοι-</span> 
     </span>
     <span class='ocr_line' id='line_1_24' title="bbox 97 2035 1678 2105; baseline 0 -19"><span class='ocrx_word' id='word_1_203' title='bbox 97 2035 433 2101; x_wconf 88' lang='grc' dir='ltr'>μεμνήσονται,</span> <span class='ocrx_word' id='word_1_204' title='bbox 464 2040 538 2088; x_wconf 72' lang='grc' dir='ltr'>καὶ</span> <span class='ocrx_word' id='word_1_205' title='bbox 573 2039 747 2092; x_wconf 87' lang='grc' dir='ltr'>ἀθλίως</span> <span class='ocrx_word' id='word_1_206' title='bbox 780 2038 1049 2105; x_wconf 88' lang='grc' dir='ltr'>πεπραχόσι</span> <span class='ocrx_word' id='word_1_207' title='bbox 1080 2042 1347 2104; x_wconf 85' lang='grc' dir='ltr'>χαριοῦνται</span> <span class='ocrx_word' id='word_1_208' title='bbox 1380 2036 1462 2089; x_wconf 79' lang='grc' dir='ltr'>τὰς</span> <span class='ocrx_word' id='word_1_209' title='bbox 1493 2039 1678 2087; x_wconf 81' lang='grc' dir='ltr'>ἐπικου-</span> 
     </span>
     <span class='ocr_line' id='line_1_25' title="bbox 98 2117 1682 2186; baseline 0 -18"><span class='ocrx_word' id='word_1_210' title='bbox 98 2119 214 2182; x_wconf 89' lang='grc' dir='ltr'>ρίας.</span> <span class='ocrx_word' id='word_1_211' title='bbox 259 2122 299 2169; x_wconf 82' lang='grc' dir='ltr'>οἱ</span> <span class='ocrx_word' id='word_1_212' title='bbox 327 2118 391 2181; x_wconf 73' lang='grc' dir='ltr'>δὲ,</span> <span class='ocrx_word' id='word_1_213' title='bbox 419 2120 565 2170; x_wconf 87' lang='grc' dir='ltr'>καίτοι</span> <span class='ocrx_word' id='word_1_214' title='bbox 589 2126 891 2186; x_wconf 82' lang='grc' dir='ltr'>κατοικτεῖραι</span> <span class='ocrx_word' id='word_1_215' title='bbox 918 2120 1020 2171; x_wconf 87' lang='grc' dir='ltr'>δέον</span> <span class='ocrx_word' id='word_1_216' title='bbox 1045 2122 1107 2173; x_wconf 88' lang='grc' dir='ltr'>ὡς</span> <span class='ocrx_word' id='word_1_217' title='bbox 1133 2117 1383 2186; x_wconf 75' lang='grc' dir='ltr'>ἀδελφοὺς,</span> <span class='ocrx_word' id='word_1_218' title='bbox 1402 2118 1682 2185; x_wconf 87' lang='grc' dir='ltr'>ἀπεδέχοντο</span> 
     </span>
     <span class='ocr_line' id='line_1_26' title="bbox 98 2199 1681 2268; baseline 0.003 -19"><span class='ocrx_word' id='word_1_219' title='bbox 98 2199 183 2263; x_wconf 78' lang='grc' dir='ltr'>μὲν</span> <span class='ocrx_word' id='word_1_220' title='bbox 227 2204 288 2254; x_wconf 84' lang='grc' dir='ltr'>εἷς</span> <span class='ocrx_word' id='word_1_221' title='bbox 331 2200 415 2265; x_wconf 85' lang='grc' dir='ltr'>τὴν</span> <span class='ocrx_word' id='word_1_222' title='bbox 461 2203 649 2264; x_wconf 79' lang='grc' dir='ltr'>ἑαυτῶν,</span> <span class='ocrx_word' id='word_1_223' title='bbox 688 2202 996 2268; x_wconf 85' lang='grc' dir='ltr'>ἀπέσφαττον</span> <span class='ocrx_word' id='word_1_224' title='bbox 1048 2201 1108 2264; x_wconf 76' lang='grc' dir='ltr'>δὲ,</span> <span class='ocrx_word' id='word_1_225' title='bbox 1159 2200 1242 2255; x_wconf 78' lang='grc' dir='ltr'>τὰς</span> <span class='ocrx_word' id='word_1_226' title='bbox 1292 2203 1374 2264; x_wconf 80' lang='grc' dir='ltr'>τῆς</span> <span class='ocrx_word' id='word_1_227' title='bbox 1418 2201 1681 2262; x_wconf 81' lang='grc' dir='ltr'>Ἰδουμαίας</span> 
     </span>
     <span class='ocr_line' id='line_1_27' title="bbox 34 2281 1680 2353; baseline 0 -21"><span class='ocrx_word' id='word_1_228' title='bbox 34 2300 79 2337; x_wconf 90' lang='lat'>25</span> <span class='ocrx_word' id='word_1_229' title='bbox 99 2281 301 2342; x_wconf 76' lang='grc' dir='ltr'>ἐκβολὰς</span> <span class='ocrx_word' id='word_1_230' title='bbox 344 2288 588 2353; x_wconf 72' lang='grc' dir='ltr'>λῃστρικῷ</span> <span class='ocrx_word' id='word_1_231' title='bbox 635 2284 921 2350; x_wconf 77' lang='grc' dir='ltr'>περιθέοντες</span> <span class='ocrx_word' id='word_1_232' title='bbox 964 2284 1139 2353; x_wconf 81' lang='grc' dir='ltr'>τρόπῳ,</span> <span class='ocrx_word' id='word_1_233' title='bbox 1191 2283 1588 2348; x_wconf 76' lang='grc' dir='ltr'>τεθορυβημένους</span> <span class='ocrx_word' id='word_1_234' title='bbox 1631 2305 1680 2333; x_wconf 89' lang='grc' dir='ltr'>τε</span> 
     </span>
     <span class='ocr_line' id='line_1_28' title="bbox 99 2363 1680 2433; baseline -0.001 -18"><span class='ocrx_word' id='word_1_235' title='bbox 99 2367 173 2415; x_wconf 71' lang='grc' dir='ltr'>καὶ</span> <span class='ocrx_word' id='word_1_236' title='bbox 209 2365 555 2433; x_wconf 86' lang='grc' dir='ltr'>κατεπτηχότας</span> <span class='ocrx_word' id='word_1_237' title='bbox 591 2364 888 2431; x_wconf 73' lang='grc' dir='ltr'>ἁρπάζοντες.</span> <span class='ocrx_word' id='word_1_238' title='bbox 949 2365 1075 2429; x_wconf 77' lang='grc' dir='ltr'>ἦσαν</span> <span class='ocrx_word' id='word_1_239' title='bbox 1106 2365 1154 2416; x_wconf 80' lang='grc' dir='ltr'>δὲ</span> <span class='ocrx_word' id='word_1_240' title='bbox 1192 2367 1336 2418; x_wconf 82' lang='grc' dir='ltr'>οὕτως</span> <span class='ocrx_word' id='word_1_241' title='bbox 1375 2363 1680 2430; x_wconf 77' lang='grc' dir='ltr'>ἀπάνθρωποι</span> 
     </span>
     <span class='ocr_line' id='line_1_29' title="bbox 99 2445 1673 2514; baseline -0.001 -17"><span class='ocrx_word' id='word_1_242' title='bbox 99 2449 161 2500; x_wconf 88' lang='grc' dir='ltr'>ὡς</span> <span class='ocrx_word' id='word_1_243' title='bbox 206 2450 279 2498; x_wconf 77' lang='grc' dir='ltr'>καὶ</span> <span class='ocrx_word' id='word_1_244' title='bbox 321 2445 465 2511; x_wconf 82' lang='grc' dir='ltr'>αὐτὴν</span> <span class='ocrx_word' id='word_1_245' title='bbox 502 2448 854 2514; x_wconf 84' lang='grc' dir='ltr'>ὑπερβαλέσθαι</span> <span class='ocrx_word' id='word_1_246' title='bbox 895 2452 988 2498; x_wconf 86' lang='grc' dir='ltr'>τῶν</span> <span class='ocrx_word' id='word_1_247' title='bbox 1029 2447 1347 2508; x_wconf 86' lang='grc' dir='ltr'>Βαβυλωνίων</span> <span class='ocrx_word' id='word_1_248' title='bbox 1387 2446 1472 2509; x_wconf 84' lang='grc' dir='ltr'>τὴν</span> <span class='ocrx_word' id='word_1_249' title='bbox 1514 2445 1673 2511; x_wconf 87' lang='grc' dir='ltr'>ἀγριό-</span> 
     </span>
     <span class='ocr_line' id='line_1_30' title="bbox 98 2527 1680 2597; baseline 0 -17"><span class='ocrx_word' id='word_1_250' title='bbox 98 2552 228 2592; x_wconf 90' lang='grc' dir='ltr'>τητα.</span> <span class='ocrx_word' id='word_1_251' title='bbox 280 2528 488 2597; x_wconf 85' lang='grc' dir='ltr'>ἐπῄεσαν</span> <span class='ocrx_word' id='word_1_252' title='bbox 521 2529 628 2595; x_wconf 82' lang='grc' dir='ltr'>γὰρ,</span> <span class='ocrx_word' id='word_1_253' title='bbox 664 2532 726 2583; x_wconf 84' lang='grc' dir='ltr'>ὡς</span> <span class='ocrx_word' id='word_1_254' title='bbox 767 2529 898 2597; x_wconf 77' lang='grc' dir='ltr'>ἔφην,</span> <span class='ocrx_word' id='word_1_255' title='bbox 936 2529 1292 2591; x_wconf 87' lang='grc' dir='ltr'>ἀπολλυμένοις,</span> <span class='ocrx_word' id='word_1_256' title='bbox 1325 2527 1680 2594; x_wconf 74' lang='grc' dir='ltr'>ἐπιτωθάζοντες</span> 
     </span>
    </p>
   </div>
   <div class='ocr_carea' id='block_1_9' title="bbox 98 2725 1679 3051">
    <p class='ocr_par' dir='ltr' id='par_1_9' title="bbox 98 2725 1679 3051">
     <span class='ocr_line' id='line_1_31' title="bbox 145 2725 1679 2771; baseline -0.002 -10"><span class='ocrx_word' id='word_1_257' title='bbox 145 2737 178 2771; x_wconf 87' lang='lat'>5.</span> <span class='ocrx_word' id='word_1_258' title='bbox 204 2727 301 2770; x_wconf 78' lang='grc' dir='ltr'>Σηεὶρ</span> <span class='ocrx_word' id='word_1_259' title='bbox 328 2738 464 2771; x_wconf 67' lang='lat' dir='ltr'><strong>semper</strong></span> <span class='ocrx_word' id='word_1_260' title='bbox 490 2727 649 2771; x_wconf 82' lang='lat' dir='ltr'>(excepto</span> <span class='ocrx_word' id='word_1_261' title='bbox 674 2731 811 2760; x_wconf 82' lang='lat' dir='ltr'><strong>tantum</strong></span> <span class='ocrx_word' id='word_1_262' title='bbox 837 2726 942 2759; x_wconf 73' lang='lat' dir='ltr'>semel</span> <span class='ocrx_word' id='word_1_263' title='bbox 969 2732 1048 2769; x_wconf 78' lang='lat' dir='ltr'><strong>post</strong></span> <span class='ocrx_word' id='word_1_264' title='bbox 1073 2727 1168 2770; x_wconf 84' lang='grc' dir='ltr'>χώρα</span> <span class='ocrx_word' id='word_1_265' title='bbox 1195 2737 1262 2759; x_wconf 80' lang='lat' dir='ltr'><strong>ver.</strong></span> <span class='ocrx_word' id='word_1_266' title='bbox 1282 2726 1313 2759; x_wconf 80' lang='lat'>8.</span> <span class='ocrx_word' id='word_1_267' title='bbox 1337 2725 1397 2769; x_wconf 82' lang='grc' dir='ltr'>Β.)</span> <span class='ocrx_word' id='word_1_268' title='bbox 1420 2725 1511 2759; x_wconf 68' lang='lat' dir='ltr'>RD.</span> <span class='ocrx_word' id='word_1_269' title='bbox 1538 2725 1604 2769; x_wconf 86' lang='grc' dir='ltr'>Σὴρ</span> <span class='ocrx_word' id='word_1_270' title='bbox 1629 2731 1679 2759; x_wconf 86' lang='lat' dir='ltr'>ter</span> 
     </span>
     <span class='ocr_line' id='line_1_32' title="bbox 100 2770 1678 2818; baseline -0.001 -11"><span class='ocrx_word' id='word_1_271' title='bbox 100 2774 180 2818; x_wconf 77' lang='grc' dir='ltr'>Σηὶρ</span> <span class='ocrx_word' id='word_1_272' title='bbox 199 2774 304 2807; x_wconf 84' lang='lat' dir='ltr'>semel</span> <span class='ocrx_word' id='word_1_273' title='bbox 322 2773 356 2807; x_wconf 87' lang='lat' dir='ltr'>b.</span> <span class='ocrx_word' id='word_1_274' title='bbox 375 2778 441 2817; x_wconf 84' lang='grc' dir='ltr'>Σὴρ</span> <span class='ocrx_word' id='word_1_275' title='bbox 463 2772 554 2806; x_wconf 89' lang='lat' dir='ltr'><strong>Edd.</strong></span> <span class='ocrx_word' id='word_1_276' title='bbox 767 2772 800 2806; x_wconf 89' lang='lat'>6.</span> <span class='ocrx_word' id='word_1_277' title='bbox 827 2772 931 2807; x_wconf 81' lang='grc' dir='ltr'>δασὺς</span> <span class='ocrx_word' id='word_1_278' title='bbox 949 2772 1043 2806; x_wconf 82' lang='lat' dir='ltr'><strong>Aub.</strong></span> <span class='ocrx_word' id='word_1_279' title='bbox 1092 2770 1145 2817; x_wconf 76' lang='grc' dir='ltr'>δέ]</span> <span class='ocrx_word' id='word_1_280' title='bbox 1169 2776 1206 2812; x_wconf 84' lang='lat'>-†-</span> <span class='ocrx_word' id='word_1_281' title='bbox 1228 2772 1268 2815; x_wconf 85' lang='grc' dir='ltr'>δὴ</span> <span class='ocrx_word' id='word_1_282' title='bbox 1288 2772 1321 2805; x_wconf 88' lang='lat' dir='ltr'>b.</span> <span class='ocrx_word' id='word_1_283' title='bbox 1552 2782 1581 2816; x_wconf 80' lang='lat'>7.</span> <span class='ocrx_word' id='word_1_284' title='bbox 1608 2786 1678 2815; x_wconf 81' lang='grc' dir='ltr'>τρι-</span> 
     </span>
     <span class='ocr_line' id='line_1_33' title="bbox 98 2818 1677 2865; baseline -0.001 -11"><span class='ocrx_word' id='word_1_285' title='bbox 98 2821 208 2865; x_wconf 86' lang='grc' dir='ltr'>χωτὸς</span> <span class='ocrx_word' id='word_1_286' title='bbox 226 2821 272 2854; x_wconf 87' lang='lat' dir='ltr'>D.</span> <span class='ocrx_word' id='word_1_287' title='bbox 286 2819 346 2854; x_wconf 84' lang='lat' dir='ltr'>b.?</span> <span class='ocrx_word' id='word_1_288' title='bbox 366 2819 458 2854; x_wconf 90' lang='lat' dir='ltr'><strong>Edd.</strong></span> <span class='ocrx_word' id='word_1_289' title='bbox 477 2820 688 2864; x_wconf 76' lang='grc' dir='ltr'>τριχαγωγὸς</span> <span class='ocrx_word' id='word_1_290' title='bbox 708 2818 749 2853; x_wconf 86' lang='grc' dir='ltr'>Β.</span> <span class='ocrx_word' id='word_1_291' title='bbox 1134 2830 1166 2863; x_wconf 91' lang='lat'>9.</span> <span class='ocrx_word' id='word_1_292' title='bbox 1193 2819 1385 2862; x_wconf 84' lang='lat' dir='ltr'><strong>Assumpta</strong></span> <span class='ocrx_word' id='word_1_293' title='bbox 1402 2819 1461 2862; x_wconf 82' lang='grc' dir='ltr'>τὴν</span> <span class='ocrx_word' id='word_1_294' title='bbox 1478 2830 1519 2852; x_wconf 85' lang='lat' dir='ltr'>ex</span> <span class='ocrx_word' id='word_1_295' title='bbox 1539 2818 1630 2853; x_wconf 90' lang='lat' dir='ltr'>B.D.</span> <span class='ocrx_word' id='word_1_296' title='bbox 1643 2819 1677 2852; x_wconf 93' lang='lat' dir='ltr'>b.</span> 
     </span>
     <span class='ocr_line' id='line_1_34' title="bbox 99 2865 1677 2911; baseline -0.001 -10"><span class='ocrx_word' id='word_1_297' title='bbox 99 2871 165 2901; x_wconf 86' lang='grc' dir='ltr'>τῶν</span> <span class='ocrx_word' id='word_1_298' title='bbox 182 2879 222 2900; x_wconf 78' lang='lat' dir='ltr'>ex</span> <span class='ocrx_word' id='word_1_299' title='bbox 244 2867 285 2901; x_wconf 90' lang='lat' dir='ltr'>B.</span> <span class='ocrx_word' id='word_1_300' title='bbox 478 2877 530 2900; x_wconf 85' lang='lat'>11.</span> <span class='ocrx_word' id='word_1_301' title='bbox 556 2868 603 2911; x_wconf 85' lang='grc' dir='ltr'>τῷ</span> <span class='ocrx_word' id='word_1_302' title='bbox 623 2866 669 2900; x_wconf 89' lang='lat' dir='ltr'>D.</span> <span class='ocrx_word' id='word_1_303' title='bbox 685 2865 718 2900; x_wconf 90' lang='lat' dir='ltr'>b.</span> <span class='ocrx_word' id='word_1_304' title='bbox 736 2867 795 2900; x_wconf 81' lang='grc' dir='ltr'>τοῦ</span> <span class='ocrx_word' id='word_1_305' title='bbox 813 2865 904 2899; x_wconf 84' lang='lat' dir='ltr'>Edd.</span> <span class='ocrx_word' id='word_1_306' title='bbox 1075 2876 1126 2909; x_wconf 82' lang='lat'>13.</span> <span class='ocrx_word' id='word_1_307' title='bbox 1153 2866 1206 2898; x_wconf 80' lang='grc' dir='ltr'>καὶ</span> <span class='ocrx_word' id='word_1_308' title='bbox 1225 2866 1319 2910; x_wconf 83' lang='lat' dir='ltr'>prius</span> <span class='ocrx_word' id='word_1_309' title='bbox 1337 2871 1555 2909; x_wconf 82' lang='lat' dir='ltr'><strong>assumptum</strong></span> <span class='ocrx_word' id='word_1_310' title='bbox 1574 2877 1614 2899; x_wconf 85' lang='lat' dir='ltr'>ex</span> <span class='ocrx_word' id='word_1_311' title='bbox 1634 2865 1677 2900; x_wconf 91' lang='lat' dir='ltr'>B.</span> 
     </span>
     <span class='ocr_line' id='line_1_35' title="bbox 104 2911 1679 2958; baseline -0.002 -10"><span class='ocrx_word' id='word_1_312' title='bbox 104 2923 157 2958; x_wconf 78' lang='lat'>15.</span> <span class='ocrx_word' id='word_1_313' title='bbox 183 2912 263 2958; x_wconf 80' lang='grc' dir='ltr'>ὑπὸ]</span> <span class='ocrx_word' id='word_1_314' title='bbox 284 2913 349 2947; x_wconf 83' lang='grc' dir='ltr'>ἀπὸ</span> <span class='ocrx_word' id='word_1_315' title='bbox 369 2912 460 2947; x_wconf 83' lang='lat' dir='ltr'>Edd.</span> <span class='ocrx_word' id='word_1_316' title='bbox 477 2919 557 2947; x_wconf 79' lang='lat' dir='ltr'>ante</span> <span class='ocrx_word' id='word_1_317' title='bbox 577 2912 709 2956; x_wconf 77' lang='lat' dir='ltr'>Migne.</span> <span class='ocrx_word' id='word_1_318' title='bbox 937 2921 989 2956; x_wconf 80' lang='lat'>17.</span> <span class='ocrx_word' id='word_1_319' title='bbox 1015 2912 1222 2954; x_wconf 81' lang='grc' dir='ltr'>ἀνεσώζοντό</span> <span class='ocrx_word' id='word_1_320' title='bbox 1243 2927 1329 2947; x_wconf 90' lang='grc' dir='ltr'>τινες</span> <span class='ocrx_word' id='word_1_321' title='bbox 1344 2911 1460 2957; x_wconf 78' lang='grc' dir='ltr'>μόλις]</span> <span class='ocrx_word' id='word_1_322' title='bbox 1479 2914 1577 2955; x_wconf 79' lang='grc' dir='ltr'>μόλις</span> <span class='ocrx_word' id='word_1_323' title='bbox 1593 2913 1679 2948; x_wconf 81' lang='grc' dir='ltr'>τινές</span> 
     </span>
     <span class='ocr_line' id='line_1_36' title="bbox 101 2958 1679 3004; baseline -0.001 -10"><span class='ocrx_word' id='word_1_324' title='bbox 101 2961 309 3003; x_wconf 81' lang='grc' dir='ltr'>ἀνεσώζοντο</span> <span class='ocrx_word' id='word_1_325' title='bbox 326 2959 386 2994; x_wconf 79' lang='lat' dir='ltr'>iid.</span> <span class='ocrx_word' id='word_1_326' title='bbox 530 2970 584 3002; x_wconf 86' lang='lat'>24.</span> <span class='ocrx_word' id='word_1_327' title='bbox 610 2958 686 3004; x_wconf 75' lang='grc' dir='ltr'>μέν]</span> <span class='ocrx_word' id='word_1_328' title='bbox 713 2963 747 3000; x_wconf 70' lang='grc'>-1-</span> <span class='ocrx_word' id='word_1_329' title='bbox 769 2959 828 2993; x_wconf 77' lang='grc' dir='ltr'>οὒκ</span> <span class='ocrx_word' id='word_1_330' title='bbox 847 2958 939 2994; x_wconf 84' lang='lat' dir='ltr'><strong>Edd.</strong></span> <span class='ocrx_word' id='word_1_331' title='bbox 959 2959 1075 2993; x_wconf 81' lang='lat' dir='ltr'>invitis</span> <span class='ocrx_word' id='word_1_332' title='bbox 1097 2959 1188 2994; x_wconf 87' lang='lat' dir='ltr'><strong>B.D.</strong></span> <span class='ocrx_word' id='word_1_333' title='bbox 1318 2968 1371 3004; x_wconf 86' lang='grc'>27.</span> <span class='ocrx_word' id='word_1_334' title='bbox 1399 2959 1679 3004; x_wconf 76' lang='grc' dir='ltr'>ὑπερβάλλεσθαι</span> 
     </span>
     <span class='ocr_line' id='line_1_37' title="bbox 104 3005 689 3051; baseline 0 -10"><span class='ocrx_word' id='word_1_335' title='bbox 104 3007 195 3041; x_wconf 84' lang='lat' dir='ltr'><strong>Edd.</strong></span> <span class='ocrx_word' id='word_1_336' title='bbox 246 3007 371 3041; x_wconf 78' lang='lat' dir='ltr'>Statim</span> <span class='ocrx_word' id='word_1_337' title='bbox 390 3006 449 3048; x_wconf 87' lang='grc' dir='ltr'>τὴν</span> <span class='ocrx_word' id='word_1_338' title='bbox 467 3018 529 3051; x_wconf 89' lang='lat' dir='ltr'>pro</span> <span class='ocrx_word' id='word_1_339' title='bbox 547 3009 613 3041; x_wconf 84' lang='grc' dir='ltr'>τῶν</span> <span class='ocrx_word' id='word_1_340' title='bbox 629 3005 689 3041; x_wconf 84' lang='lat' dir='ltr'>iid.</span> 
     </span>
    </p>
   </div>
   <div class='ocr_carea' id='block_1_10' title="bbox 831 3077 949 3115">
    <p class='ocr_par' dir='ltr' id='par_1_10' title="bbox 831 3077 949 3115">
     <span class='ocr_line' id='line_1_38' title="bbox 831 3077 949 3115; baseline 0.034 -13"><span class='ocrx_word' id='word_1_341' title='bbox 831 3077 949 3115; x_wconf 65' lang='lat' dir='ltr'>4A2</span> 
     </span>
    </p>
   </div>
   <div class='ocr_carea' id='block_1_11' title="bbox 1747 1275 1861 1304">
    <p class='ocr_par' dir='ltr' id='par_1_11' title="bbox 1747 1275 1861 1304">
     <span class='ocr_line' id='line_1_39' title="bbox 1747 1275 1861 1304; baseline 0 -8"><span class='ocrx_word' id='word_1_342' title='bbox 1747 1275 1794 1304; x_wconf 83' lang='lat'>10,</span> <span class='ocrx_word' id='word_1_343' title='bbox 1814 1276 1861 1296; x_wconf 83' lang='lat'>11.</span> 
     </span>
    </p>
   </div>
  </div>
 </body>
</html>
