2021 3434
55 476 151 506 Prov.

54 519 122 549 viii.
146 527 194 559 15,

56 564 106 594 16.

56 975 86 1005 S.
104 976 203 1006 Joan.

57 1019 100 1050 iii.
122 1021 152 1050 8.

57 1279 111 1309 Ps.

55 1322 219 1362 cxxxiv.7.

275 193 356 231 452
677 193 726 232 B.
771 193 1042 234 CYRILLI
1085 194 1461 234 ALEXANDR.
1713 192 1768 232 iv.
1798 203 1859 245 13.

279 308 354 352 καὶ
394 303 546 370 κτίζων
582 303 771 370 πνεῦμα,
798 303 1013 354 τουτέστι
1037 304 1200 367 πάλιν,
1225 304 1408 368 ἀνέμων
1433 302 1641 367 ποιητής.
1697 306 1863 366 ἀπριγ-

275 383 452 448 γελλων
489 382 536 433 δὲ
571 385 646 434 καὶ
679 390 736 439 εἰς
769 383 1011 452 ἀνθρώπους
1035 385 1102 436 τὶν
1129 387 1301 455 xpm-:⁸011
1328 388 1470 437 αὑτοῦ.
1536 385 1696 448 ὅμοιον
1731 385 1791 436 ὡς
1826 386 1864 433 εἰ

275 464 406 530 λέγοι
433 472 458 494 “
479 466 554 515 Δι’
582 467 693 528 ἐμοῦ
728 471 945 525 βασιλεῖς
971 467 1301 530 βασιλεύουσι,
1327 470 1401 518 καὶ
1426 466 1643 534 τύραννοι
1669 464 1724 516 δι’
1753 466 1865 529 ἐμοῦ

279 554 305 576 “
330 552 557 612 κρατοῦσι
602 547 734 614 γῆς.”
796 550 969 619 χριστὶν
1014 548 1107 616 γὰρ
1151 552 1198 601 ἐν
1237 550 1431 612 τούτοις,
1475 550 1577 616 οὐχὶ
1620 547 1704 599 τὸν
1740 549 1858 611 Ἐμ-

276 628 504 693 μανουὴλ,
550 629 633 681 τὸν
682 630 988 698 κεχρισμένον
1037 631 1085 682 δὲ
1135 637 1326 696 μᾶλλον
1376 636 1438 686 εἷς
1480 629 1686 692 βασιλέα
1729 629 1863 699 φησί·
1886 650 1907 688 5

277 711 454 779 πνεῦμά
483 734 532 762 τε
575 713 755 776 ὁμοίως,
789 714 893 781 οὐχὶ
925 712 978 764 τὸ
1018 714 1141 765 θεῖόν
1179 738 1227 766 τε
1265 717 1340 766 καὶ
1380 713 1533 780 ἅγιον·
1576 712 1662 764 κᾶν
1693 716 1730 764 εἶ
1762 711 1867 773 μαί-

233 804 260 844 b
280 791 432 844 νοιντό
456 816 572 848 τινες
608 799 702 845 τῶν
733 794 793 846 τὰ
819 795 937 862 ὀρθὰ
964 797 1266 865 διαστρέφειν
1291 794 1694 860 μεμελετηκότων·
1736 792 1868 844 ἀλλὰ

278 877 406 926 τουτὶ
443 874 497 926 τὸ
534 878 582 927 ἐν
617 875 712 943 ἀέρι
746 900 796 928 τε
831 880 906 928 καὶ
941 877 1210 944 ἐγκόσμιον,
1236 880 1341 945 περὶ
1377 879 1430 930 οῦ
1459 883 1583 946 φησι
1616 879 1690 928 καὶ
1730 875 1868 929 αὐτὸς

280 958 304 1007 ὁ
332 957 500 1023 Σωτήρ
527 966 553 988 “
573 963 616 1010 Τ
620 957 644 1010 ὸ
669 966 851 1023 πνεῦμα
886 960 1003 1012 ὅπου
1034 961 1158 1014 θέλει
1181 965 1296 1023 πνεῖ,
1324 963 1398 1012 καὶ
1426 959 1510 1026 τὴν
1538 959 1700 1029 φωνὴν
1726 961 1868 1010 αὑτοῦ

279 1048 306 1069 “
333 1041 523 1096 ἀκούεις·
571 1044 681 1093 ἀλλ’
730 1044 812 1094 οὐκ
855 1041 982 1097 οἶδας
1024 1042 1169 1095 πόθεν
1209 1044 1388 1112 ἔρχεται
1435 1046 1509 1094 καὶ
1553 1048 1645 1095 ποῦ
1688 1041 1867 1108 ὑπάγει·
1892 1073 1940 1098 10

281 1130 307 1153 ‘⁶
333 1124 477 1177 οὕτως
514 1125 615 1175 ἐστὶ
649 1130 741 1178 πᾶς
776 1127 800 1176 ὀ
833 1125 1168 1191 γεγεννημένος
1201 1128 1249 1177 ἐκ
1281 1131 1363 1177 τοῦ
1392 1125 1712 1189 Πνεύματος.”
1777 1123 1870 1190 ἐγὼ

279 1206 447 1267 τοίνυν,
485 1209 647 1274 φησὶν,
686 1208 710 1257 ὁ
751 1207 950 1277 νεφέλας
990 1208 1212 1274 συνάγων
1252 1210 1326 1259 καὶ
1365 1207 1538 1278 στερεῶν
1576 1205 1759 1278 βροντὴν,
1795 1209 1871 1257 καὶ

281 1296 307 1318 “
324 1289 506 1358 ἐξάγων
542 1290 734 1353 ἀνέμους
769 1293 818 1342 ἐκ
854 1296 1107 1358 θησαυρῶν
1134 1293 1328 1356 αὐτῶν,”
1358 1293 1382 1342 ὁ
1410 1291 1614 1360 φανερὸν
1642 1290 1871 1345 καθιστὰς

281 1370 334 1422 ὃν
384 1371 441 1422 ἂν
492 1372 695 1437 ἐθέλοιμι
737 1378 833 1427 τοῖς
878 1377 961 1438 τῆς
1011 1375 1262 1435 ,Βασιλείας
1305 1373 1644 1439 ἐναβρύνεσθαι
1689 1373 1869 1427 θώκοις.

280 1457 446 1505 οὐκοῦν
484 1454 719 1508 Βασιλεὺς
753 1460 847 1506 τῶν
884 1455 1240 1515 βασιλευόντων
1279 1458 1355 1507 καὶ
1401 1457 1574 1523 Κύριος
1608 1460 1703 1507 τῶν
1738 1478 1865 1521 κυρι-
1893 1483 1940 1522 15
2002 1475 2007 1493 -·

281 1537 492 1600 ευόντων,
521 1538 544 1588 ὁ
579 1537 721 1604 φύσει
755 1538 889 1600 Θεὸς,
917 1537 1055 1592 αὐτὸς
1088 1540 1112 1589 ὁ
1144 1538 1273 1590 ποιῶν
1310 1537 1449 1608 ὄρθρον,
1477 1538 1721 1589 τουτέστιν
1753 1537 1867 1602 ἡμέ-

245 1641 369 1684 οραν
407 1619 509 1684 ἤτοι
549 1624 665 1688 φῶς,
705 1619 842 1674 αὐτὸς
879 1622 903 1671 ὁ
939 1625 1087 1672 ποιῶν
1126 1624 1331 1688 ὁμίχλην,
1366 1620 1594 1684 τουτέστι,
1633 1620 1804 1673 σκότος
1841 1617 1871 1684 ἢ

283 1701 440 1752 νύκτα·
484 1702 622 1756 αὐτὸς
660 1705 684 1754 ὁ
722 1703 959 1763 ἐπιβαίνων
992 1704 1064 1755 ἐπὶ
1101 1704 1161 1755 rb,
1192 1702 1359 1773 ὑψηλέι
1397 1703 1471 1763 τῆς
1510 1702 1607 1769 γῆς,
1639 1705 1664 1754 ὁ
1696 1701 1871 1756 παντὸς

281 1784 541 1850 ἐπηρμένου
576 1786 652 1835 καὶ
692 1787 883 1854 ὑψηλοῦ
919 1787 1139 1851 κρείττων
1172 1809 1221 1837 τε
1261 1788 1335 1837 καὶ
1376 1787 1708 1853 ὑπερκείμενος,
1739 1784 1873 1853 ὄνομά

281 1889 330 1917 τε
366 1867 546 1933 πρέπον
582 1869 655 1918 καὶ
692 1867 818 1918 πολὺ
856 1868 964 1919 λίαν
998 1867 1143 1922 ἐοικὸς
1175 1872 1232 1937 τῇ
1265 1870 1430 1919 ἑαυτοῦ
1469 1868 1585 1936 δόξῃ
1617 1871 1793 1936 φορῶν,
1818 1865 1871 1918 τὸ
1894 1899 1942 1924 20
1998 1919 2002 1927 f

285 1950 433 2020 Κύριος
465 1950 792 2018 παντοκράτωρ.

359 2032 458 2083 Θέα
491 2032 546 2095 δὴ
583 2033 681 2094 οὖν,
723 2032 844 2097 ὅσην
876 2034 948 2102 ἐφ’
982 2034 1101 2097 ἡμᾶς
1137 2038 1333 2084 ποιεῖται
1375 2032 1460 2097 τὴν
1501 2031 1762 2098 ἡμερότητα
1797 2036 1872 2082 καὶ

284 2115 646 2183 φιλανθρωπίαν
700 2116 724 2165 ὁ
777 2120 871 2166 τῶν
927 2116 1053 2166 ὅλων
1104 2116 1238 2169 Θεός.
1317 2114 1588 2182 ἐπαρτήσας
1644 2114 1738 2181 γὰρ
1788 2114 1873 2178 τὴν

283 2196 495 2260 ἀπειλὴν,
523 2199 598 2247 καὶ
636 2196 695 2248 τὰ
731 2197 815 2261 μὲν
848 2200 909 2251 ὡς
943 2197 1031 2262 ἤδη
1066 2198 1244 2264 γέγονε,
1271 2196 1330 2247 τὰ
1363 2198 1411 2248 δὲ
1449 2200 1511 2251 ὡς
1545 2197 1679 2248 ἔσται
1717 2220 1873 2262 προει-

283 2279 449 2345 ρηκὼς,
496 2284 634 2330 καλεῖ
672 2279 790 2346 πρὸς
834 2281 1105 2346 ἐπίγνωσιν,
1154 2284 1228 2330 καὶ
1270 2284 1580 2345 μυσταγωγεῖ
1619 2277 1700 2330 τὸν
1738 2281 1867 2330 ἐκκε-
1894 2306 1941 2343 25
1982 2303 1983 2306 ’

241 2369 267 2409 d
286 2361 497 2423 κλικὸτα,
534 2364 609 2412 καὶ
643 2362 902 2429 ἀνακομίζει
937 2361 1054 2429 πρὸς
1093 2362 1289 2413 σύνεσιν
1323 2362 1405 2412 τὸν
1443 2362 1499 2431 ἐξ
1527 2362 1737 2426 ἀμαθίας
1762 2363 1872 2411 ὠλι-

285 2445 515 2508 σθηκότα·
577 2447 651 2495 καὶ
703 2449 798 2498 τοῖς
848 2446 929 2495 οὐκ
970 2444 1115 2496 εἰδόσι
1157 2443 1238 2495 τὸν
1280 2444 1422 2511 φύσει
1465 2467 1514 2494 τε
1560 2446 1634 2494 καὶ
1683 2446 1874 2507 ἀληθῶς

286 2526 556 2591 Δεσπότην,
584 2526 678 2578 ἀπό
713 2550 767 2592 γε
804 2533 886 2578 τοῦ
925 2527 1080 2578 πάντα
1113 2525 1345 2577 δύνασθαι
1377 2531 1635 2592 κατορθοῦν
1661 2530 1736 2577 καὶ
1762 2549 1871 2577 κατ-

333 2736 366 2766 4.
394 2724 432 2758 οὒ
451 2724 543 2758 Edd.
808 2735 841 2770 5.
866 2725 1049 2763 βασιλείαν
1066 2724 1126 2759 iid.
1395 2724 1428 2758 8.
1456 2724 1491 2757 ἐν
1508 2724 1580 2769 ἀέρι
1598 2724 1651 2770 τε]
1672 2723 1820 2769 ἐναέριόν
1836 2740 1872 2759 τε

289 2769 380 2804 Edd.
399 2771 517 2805 invitis
536 2771 625 2805 A.B.
638 2772 673 2806 b.
807 2784 871 2818 9—I
883 2784 911 2806 Ι.
941 2772 1038 2806 Haec
1056 2773 1109 2806 καὶ
1126 2771 1269 2815 τὴν-ἐκ
1287 2773 1347 2805 τοῦ
1366 2770 1560 2815 Πνεῦματος
1578 2771 1706 2806 desunt
1724 2772 1760 2805 in
1779 2771 1871 2806 Edd.

286 2820 344 2865 Τῆς
361 2819 476 2862 φωνῆς
493 2830 555 2863 pro
573 2819 632 2863 τὴν
648 2819 765 2864 φωνὴν
782 2819 826 2853 A.
1066 2830 1119 2853 11.
1145 2821 1204 2852 τοῦ
1223 2831 1292 2852 om.
1313 2818 1355 2852 B.
1575 2830 1628 2852 12.
1655 2820 1810 2863 συνάγων
1829 2818 1871 2852 Β.

288 2864 468 2909 συλλέγων
485 2865 577 2899 Edd.
943 2877 994 2907 14.
1022 2865 1157 2910 θέλοιμι
1174 2866 1219 2900 Α.
1268 2864 1513 2909 ε’νσβρύνεσθαι
1531 2865 1574 2899 A.
1595 2864 1806 2910 ἐνιδρύεσθαι
1828 2864 1870 2898 Β.

287 2909 534 2953 ἐνηβρύνασθιιι
555 2912 646 2946 Edd.
689 2912 812 2948 Statim
834 2913 947 2948 θάκοις
962 2913 1006 2946 A.
1169 2924 1221 2958 17.
1249 2913 1287 2947 τὸ
1306 2924 1368 2957 pro
1386 2926 1437 2945 τοι
1458 2911 1498 2945 Β.
1658 2912 1710 2946 18.
1738 2913 1756 2945 ὁ
1774 2911 1871 2956 prius

288 2964 510 3000 agsurnptum
530 2970 570 2992 ex
589 2959 718 2994 A.B.b.
903 2971 958 2994 20.
985 2960 1087 2993 αὐτοῦ
1105 2960 1148 2994 A.
1184 3003 1187 3005 Β
1318 2970 1372 2993 22.
1400 2958 1459 2999 τὴν
1477 2965 1700 3003 assumptum
1718 2970 1758 2992 ex
1777 2957 1869 2992 AB.

289 3003 342 3035 28.
371 3017 405 3035 τε
424 3015 485 3047 pro
502 3019 540 3049 γε
560 3005 650 3039 Edd.
