<?xml version="1.0" encoding="UTF-8"?>
<!DOCTYPE html PUBLIC "-//W3C//DTD XHTML 1.0 Transitional//EN"
    "http://www.w3.org/TR/xhtml1/DTD/xhtml1-transitional.dtd">
<html xmlns="http://www.w3.org/1999/xhtml" xml:lang="en" lang="en">
 <head>
  <title>
</title>
<meta http-equiv="Content-Type" content="text/html;charset=utf-8" />
  <meta name='ocr-system' content='tesseract 3.04.00' />
  <meta name='ocr-capabilities' content='ocr_page ocr_carea ocr_par ocr_line ocrx_word'/>
</head>
<body>
  <div class='ocr_page' id='page_1' title='image "./operacyrilli01cyriuoft/operacyrilli01cyriuoft_0012.png"; bbox 0 0 2021 3434; ppageno 0'>
   <div class='ocr_carea' id='block_1_1' title="bbox 282 173 1287 219">
    <p class='ocr_par' dir='ltr' id='par_1_1' title="bbox 282 173 1287 219">
     <span class='ocr_line' id='line_1_1' title="bbox 282 173 1287 219; baseline 0.006 -6"><span class='ocrx_word' id='word_1_1' title='bbox 282 173 348 214; x_wconf 88' lang='lat' dir='ltr'>viii</span> <span class='ocrx_word' id='word_1_2' title='bbox 856 178 1287 219; x_wconf 89' lang='lat' dir='ltr'>PRAEFATIO.</span> 
     </span>
    </p>
   </div>
   <div class='ocr_carea' id='block_1_2' title="bbox 277 291 1864 1032">
    <p class='ocr_par' dir='ltr' id='par_1_2' title="bbox 279 291 1863 625">
     <span class='ocr_line' id='line_1_2' title="bbox 283 291 1859 355; baseline -0.004 -17"><span class='ocrx_word' id='word_1_3' title='bbox 283 296 588 340; x_wconf 88' lang='lat' dir='ltr'>Theodoretum</span> <span class='ocrx_word' id='word_1_4' title='bbox 637 304 725 341; x_wconf 87' lang='lat' dir='ltr'>tam</span> <span class='ocrx_word' id='word_1_5' title='bbox 775 299 993 355; x_wconf 78' lang='lat' dir='ltr'>diligenter</span> <span class='ocrx_word' id='word_1_6' title='bbox 1042 300 1258 347; x_wconf 72' lang='lat' dir='ltr'>recensuit,</span> <span class='ocrx_word' id='word_1_7' title='bbox 1313 312 1501 353; x_wconf 86' lang='lat' dir='ltr'>annoque</span> <span class='ocrx_word' id='word_1_8' title='bbox 1554 297 1662 347; x_wconf 82' lang='lat'>1642</span> <span class='ocrx_word' id='word_1_9' title='bbox 1717 291 1859 335; x_wconf 79' lang='lat' dir='ltr'>edidit.</span> 
     </span>
     <span class='ocr_line' id='line_1_3' title="bbox 282 363 1860 420; baseline -0.003 -15"><span class='ocrx_word' id='word_1_10' title='bbox 282 365 503 408; x_wconf 81' lang='lat' dir='ltr'>Zacharias</span> <span class='ocrx_word' id='word_1_11' title='bbox 523 380 545 408; x_wconf 89' lang='lat' dir='ltr'>e</span> <span class='ocrx_word' id='word_1_12' title='bbox 565 367 670 408; x_wconf 93' lang='lat' dir='ltr'>bono</span> <span class='ocrx_word' id='word_1_13' title='bbox 698 367 766 408; x_wconf 91' lang='lat' dir='ltr'>illo</span> <span class='ocrx_word' id='word_1_14' title='bbox 789 366 890 408; x_wconf 92' lang='lat' dir='ltr'>Cod.</span> <span class='ocrx_word' id='word_1_15' title='bbox 912 367 1009 408; x_wconf 90' lang='lat' dir='ltr'>Vat.</span> <span class='ocrx_word' id='word_1_16' title='bbox 1030 366 1111 420; x_wconf 89' lang='lat'>587</span> <span class='ocrx_word' id='word_1_17' title='bbox 1136 366 1300 407; x_wconf 89' lang='lat' dir='ltr'>videtur</span> <span class='ocrx_word' id='word_1_18' title='bbox 1321 365 1590 420; x_wconf 88' lang='lat' dir='ltr'>transcriptus</span> <span class='ocrx_word' id='word_1_19' title='bbox 1611 363 1748 410; x_wconf 88' lang='lat' dir='ltr'>fuisse,</span> <span class='ocrx_word' id='word_1_20' title='bbox 1769 374 1860 401; x_wconf 89' lang='lat' dir='ltr'>cum</span> 
     </span>
     <span class='ocr_line' id='line_1_4' title="bbox 280 427 1859 489; baseline -0.004 -16"><span class='ocrx_word' id='word_1_21' title='bbox 280 434 484 475; x_wconf 89' lang='lat' dir='ltr'>nonnullis</span> <span class='ocrx_word' id='word_1_22' title='bbox 505 435 569 476; x_wconf 87' lang='lat' dir='ltr'>vel</span> <span class='ocrx_word' id='word_1_23' title='bbox 596 434 753 476; x_wconf 88' lang='lat' dir='ltr'>scribae</span> <span class='ocrx_word' id='word_1_24' title='bbox 774 434 838 475; x_wconf 92' lang='lat' dir='ltr'>vel</span> <span class='ocrx_word' id='word_1_25' title='bbox 865 433 1121 489; x_wconf 83' lang='lat' dir='ltr'>typographi</span> <span class='ocrx_word' id='word_1_26' title='bbox 1149 433 1381 474; x_wconf 86' lang='lat' dir='ltr'>erroribus:</span> <span class='ocrx_word' id='word_1_27' title='bbox 1422 433 1528 474; x_wconf 90' lang='lat' dir='ltr'>Osee</span> <span class='ocrx_word' id='word_1_28' title='bbox 1553 445 1650 473; x_wconf 86' lang='lat' dir='ltr'>vero</span> <span class='ocrx_word' id='word_1_29' title='bbox 1679 444 1730 471; x_wconf 83' lang='lat' dir='ltr'>ex</span> <span class='ocrx_word' id='word_1_30' title='bbox 1758 427 1859 468; x_wconf 92' lang='lat' dir='ltr'>Cod.</span> 
     </span>
     <span class='ocr_line' id='line_1_5' title="bbox 281 497 1863 557; baseline -0.002 -16"><span class='ocrx_word' id='word_1_31' title='bbox 281 500 406 542; x_wconf 90' lang='lat' dir='ltr'>Vat.1</span> <span class='ocrx_word' id='word_1_32' title='bbox 417 514 514 552; x_wconf 83' lang='lat'>200,</span> <span class='ocrx_word' id='word_1_33' title='bbox 527 516 648 557; x_wconf 91' lang='lat' dir='ltr'>quem</span> <span class='ocrx_word' id='word_1_34' title='bbox 666 502 848 557; x_wconf 86' lang='lat' dir='ltr'>Heysius</span> <span class='ocrx_word' id='word_1_35' title='bbox 863 501 1043 557; x_wconf 90' lang='lat' dir='ltr'>ejusdem</span> <span class='ocrx_word' id='word_1_36' title='bbox 1057 500 1218 542; x_wconf 85' lang='lat' dir='ltr'>Codicis</span> <span class='ocrx_word' id='word_1_37' title='bbox 1232 500 1312 554; x_wconf 86' lang='lat'>587</span> <span class='ocrx_word' id='word_1_38' title='bbox 1329 506 1354 523; x_wconf 89' lang='lat'><strong>“</strong></span> <span class='ocrx_word' id='word_1_39' title='bbox 1368 500 1613 541; x_wconf 88' lang='lat' dir='ltr'>incuriosum</span> <span class='ocrx_word' id='word_1_40' title='bbox 1629 497 1863 552; x_wconf 87' lang='lat' dir='ltr'>exemplar’&#39;</span> 
     </span>
     <span class='ocr_line' id='line_1_6' title="bbox 279 566 1741 625; baseline -0.003 -15"><span class='ocrx_word' id='word_1_41' title='bbox 279 575 409 611; x_wconf 83' lang='lat' dir='ltr'>vocat.</span> <span class='ocrx_word' id='word_1_42' title='bbox 472 571 559 611; x_wconf 90' lang='lat' dir='ltr'>Hos</span> <span class='ocrx_word' id='word_1_43' title='bbox 581 571 681 611; x_wconf 91' lang='lat' dir='ltr'>duos</span> <span class='ocrx_word' id='word_1_44' title='bbox 701 569 827 625; x_wconf 85' lang='lat' dir='ltr'>igitur</span> <span class='ocrx_word' id='word_1_45' title='bbox 848 569 976 611; x_wconf 90' lang='lat' dir='ltr'>multo</span> <span class='ocrx_word' id='word_1_46' title='bbox 998 568 1219 610; x_wconf 83' lang='lat' dir='ltr'>correctius</span> <span class='ocrx_word' id='word_1_47' title='bbox 1239 582 1361 623; x_wconf 87' lang='lat' dir='ltr'>quam</span> <span class='ocrx_word' id='word_1_48' title='bbox 1382 573 1540 609; x_wconf 87' lang='lat' dir='ltr'>ceteros</span> <span class='ocrx_word' id='word_1_49' title='bbox 1560 566 1741 608; x_wconf 85' lang='lat' dir='ltr'>exhibet.</span> 
     </span>
    </p>

    <p class='ocr_par' dir='ltr' id='par_1_3' title="bbox 277 634 1864 1032">
     <span class='ocr_line' id='line_1_7' title="bbox 337 634 1863 692; baseline -0.003 -14"><span class='ocrx_word' id='word_1_50' title='bbox 337 637 461 678; x_wconf 90' lang='lat' dir='ltr'>Hunc</span> <span class='ocrx_word' id='word_1_51' title='bbox 493 637 672 679; x_wconf 87' lang='lat' dir='ltr'>Pontani</span> <span class='ocrx_word' id='word_1_52' title='bbox 701 641 864 678; x_wconf 88' lang='lat' dir='ltr'>textum</span> <span class='ocrx_word' id='word_1_53' title='bbox 895 642 986 692; x_wconf 89' lang='lat' dir='ltr'>post</span> <span class='ocrx_word' id='word_1_54' title='bbox 1017 651 1100 677; x_wconf 89' lang='lat' dir='ltr'>xxx</span> <span class='ocrx_word' id='word_1_55' title='bbox 1131 650 1260 678; x_wconf 87' lang='lat' dir='ltr'>annos</span> <span class='ocrx_word' id='word_1_56' title='bbox 1290 635 1509 676; x_wconf 90' lang='lat' dir='ltr'>emendare</span> <span class='ocrx_word' id='word_1_57' title='bbox 1538 634 1751 675; x_wconf 90' lang='lat' dir='ltr'>Aubertus</span> <span class='ocrx_word' id='word_1_58' title='bbox 1782 646 1863 673; x_wconf 89' lang='lat' dir='ltr'>non</span> 
     </span>
     <span class='ocr_line' id='line_1_8' title="bbox 278 699 1864 760; baseline -0.003 -15"><span class='ocrx_word' id='word_1_59' title='bbox 278 704 388 746; x_wconf 87' lang='lat' dir='ltr'>ultra</span> <span class='ocrx_word' id='word_1_60' title='bbox 415 705 563 760; x_wconf 87' lang='lat' dir='ltr'>potuit,</span> <span class='ocrx_word' id='word_1_61' title='bbox 587 718 712 760; x_wconf 90' lang='lat' dir='ltr'>quam</span> <span class='ocrx_word' id='word_1_62' title='bbox 732 710 778 747; x_wconf 89' lang='lat' dir='ltr'>ut</span> <span class='ocrx_word' id='word_1_63' title='bbox 798 704 948 746; x_wconf 85' lang='lat' dir='ltr'>Codice</span> <span class='ocrx_word' id='word_1_64' title='bbox 974 703 1159 746; x_wconf 82' lang='lat' dir='ltr'>Parisino</span> <span class='ocrx_word' id='word_1_65' title='bbox 1187 709 1374 745; x_wconf 85' lang='lat' dir='ltr'>uteretur</span> <span class='ocrx_word' id='word_1_66' title='bbox 1400 702 1516 756; x_wconf 92' lang='lat' dir='ltr'>(Cod.</span> <span class='ocrx_word' id='word_1_67' title='bbox 1540 703 1645 757; x_wconf 85' lang='lat' dir='ltr'>Reg.</span> <span class='ocrx_word' id='word_1_68' title='bbox 1671 701 1767 756; x_wconf 84' lang='lat'>836)</span> <span class='ocrx_word' id='word_1_69' title='bbox 1794 699 1864 741; x_wconf 90' lang='lat' dir='ltr'>ubi</span> 
     </span>
     <span class='ocr_line' id='line_1_9' title="bbox 278 769 1863 829; baseline -0.003 -17"><span class='ocrx_word' id='word_1_70' title='bbox 278 771 510 814; x_wconf 84' lang='lat' dir='ltr'>continetur</span> <span class='ocrx_word' id='word_1_71' title='bbox 533 772 767 828; x_wconf 86' lang='lat' dir='ltr'>Sophoniae</span> <span class='ocrx_word' id='word_1_72' title='bbox 797 772 1088 829; x_wconf 85' lang='lat' dir='ltr'>fragmentum,</span> <span class='ocrx_word' id='word_1_73' title='bbox 1118 786 1168 813; x_wconf 85' lang='lat' dir='ltr'>ex</span> <span class='ocrx_word' id='word_1_74' title='bbox 1199 772 1305 813; x_wconf 90' lang='lat' dir='ltr'>bono</span> <span class='ocrx_word' id='word_1_75' title='bbox 1335 769 1561 825; x_wconf 87' lang='lat' dir='ltr'>exemplari</span> <span class='ocrx_word' id='word_1_76' title='bbox 1591 769 1863 824; x_wconf 88' lang='lat' dir='ltr'>desumptum.</span> 
     </span>
     <span class='ocr_line' id='line_1_10' title="bbox 280 835 1864 896; baseline -0.003 -16"><span class='ocrx_word' id='word_1_77' title='bbox 280 839 332 880; x_wconf 89' lang='lat' dir='ltr'>In</span> <span class='ocrx_word' id='word_1_78' title='bbox 362 854 442 895; x_wconf 88' lang='lat' dir='ltr'>quo</span> <span class='ocrx_word' id='word_1_79' title='bbox 473 840 606 896; x_wconf 81' lang='lat' dir='ltr'>siquid</span> <span class='ocrx_word' id='word_1_80' title='bbox 635 841 881 890; x_wconf 86' lang='lat' dir='ltr'>variaretur,</span> <span class='ocrx_word' id='word_1_81' title='bbox 914 855 963 882; x_wconf 87' lang='lat' dir='ltr'>ea</span> <span class='ocrx_word' id='word_1_82' title='bbox 991 840 1142 895; x_wconf 89' lang='lat' dir='ltr'>partim</span> <span class='ocrx_word' id='word_1_83' title='bbox 1177 838 1310 881; x_wconf 84' lang='lat' dir='ltr'>textui</span> <span class='ocrx_word' id='word_1_84' title='bbox 1345 837 1496 894; x_wconf 89' lang='lat' dir='ltr'>partim</span> <span class='ocrx_word' id='word_1_85' title='bbox 1530 836 1635 878; x_wconf 92' lang='lat' dir='ltr'>notis</span> <span class='ocrx_word' id='word_1_86' title='bbox 1669 835 1864 884; x_wconf 84' lang='lat' dir='ltr'>inseruit3</span> 
     </span>
     <span class='ocr_line' id='line_1_11' title="bbox 277 904 1862 964; baseline -0.003 -15"><span class='ocrx_word' id='word_1_87' title='bbox 277 908 636 964; x_wconf 85' lang='lat' dir='ltr'>typographorum</span> <span class='ocrx_word' id='word_1_88' title='bbox 658 908 833 963; x_wconf 91' lang='lat' dir='ltr'>denique</span> <span class='ocrx_word' id='word_1_89' title='bbox 855 922 1030 958; x_wconf 85' lang='lat' dir='ltr'>errores,</span> <span class='ocrx_word' id='word_1_90' title='bbox 1048 908 1117 963; x_wconf 92' lang='lat' dir='ltr'>qui</span> <span class='ocrx_word' id='word_1_91' title='bbox 1138 908 1369 949; x_wconf 89' lang='lat' dir='ltr'>Pontanum</span> <span class='ocrx_word' id='word_1_92' title='bbox 1390 905 1639 955; x_wconf 87' lang='lat' dir='ltr'>fefellerunt,</span> <span class='ocrx_word' id='word_1_93' title='bbox 1656 904 1862 946; x_wconf 89' lang='lat' dir='ltr'>interdum</span> 
     </span>
     <span class='ocr_line' id='line_1_12' title="bbox 278 976 942 1032; baseline -0.002 -16"><span class='ocrx_word' id='word_1_94' title='bbox 278 989 356 1017; x_wconf 91' lang='lat' dir='ltr'>nec</span> <span class='ocrx_word' id='word_1_95' title='bbox 377 990 538 1032; x_wconf 84' lang='lat' dir='ltr'>semper</span> <span class='ocrx_word' id='word_1_96' title='bbox 558 976 729 1018; x_wconf 86' lang='lat' dir='ltr'>feliciter</span> <span class='ocrx_word' id='word_1_97' title='bbox 750 976 942 1018; x_wconf 87' lang='lat' dir='ltr'>correxit.</span> 
     </span>
    </p>
   </div>
   <div class='ocr_carea' id='block_1_3' title="bbox 277 1111 1871 1842">
    <p class='ocr_par' dir='ltr' id='par_1_4' title="bbox 277 1111 1871 1842">
     <span class='ocr_line' id='line_1_13' title="bbox 335 1111 1867 1169; baseline -0.003 -14"><span class='ocrx_word' id='word_1_98' title='bbox 335 1114 364 1154; x_wconf 88' lang='lat' dir='ltr'><strong>J</strong></span> <span class='ocrx_word' id='word_1_99' title='bbox 367 1128 432 1154; x_wconf 92' lang='lat' dir='ltr'>am</span> <span class='ocrx_word' id='word_1_100' title='bbox 453 1128 603 1169; x_wconf 88' lang='lat' dir='ltr'>paucos</span> <span class='ocrx_word' id='word_1_101' title='bbox 623 1120 720 1155; x_wconf 89' lang='lat' dir='ltr'>ante</span> <span class='ocrx_word' id='word_1_102' title='bbox 741 1128 869 1155; x_wconf 86' lang='lat' dir='ltr'>annos</span> <span class='ocrx_word' id='word_1_103' title='bbox 889 1113 1032 1155; x_wconf 88' lang='lat' dir='ltr'>doctus</span> <span class='ocrx_word' id='word_1_104' title='bbox 1052 1113 1120 1154; x_wconf 86' lang='lat' dir='ltr'>ille</span> <span class='ocrx_word' id='word_1_105' title='bbox 1141 1127 1188 1153; x_wconf 87' lang='lat' dir='ltr'>ac</span> <span class='ocrx_word' id='word_1_106' title='bbox 1209 1112 1527 1154; x_wconf 84' lang='lat' dir='ltr'>litteratissimus</span> <span class='ocrx_word' id='word_1_107' title='bbox 1547 1111 1610 1152; x_wconf 87' lang='lat' dir='ltr'>vir</span> <span class='ocrx_word' id='word_1_108' title='bbox 1627 1111 1867 1152; x_wconf 85' lang='lat' dir='ltr'>Theodorus</span> 
     </span>
     <span class='ocr_line' id='line_1_14' title="bbox 280 1179 1866 1237; baseline -0.001 -15"><span class='ocrx_word' id='word_1_109' title='bbox 280 1182 460 1237; x_wconf 87' lang='lat' dir='ltr'>Heysius</span> <span class='ocrx_word' id='word_1_110' title='bbox 484 1182 727 1233; x_wconf 87' lang='lat' dir='ltr'>Germanus,</span> <span class='ocrx_word' id='word_1_111' title='bbox 750 1181 819 1237; x_wconf 91' lang='lat' dir='ltr'>qui</span> <span class='ocrx_word' id='word_1_112' title='bbox 848 1195 955 1222; x_wconf 91' lang='lat' dir='ltr'>nunc</span> <span class='ocrx_word' id='word_1_113' title='bbox 980 1186 1072 1236; x_wconf 89' lang='lat' dir='ltr'>post</span> <span class='ocrx_word' id='word_1_114' title='bbox 1100 1195 1313 1235; x_wconf 88' lang='lat' dir='ltr'>operosam</span> <span class='ocrx_word' id='word_1_115' title='bbox 1333 1180 1458 1221; x_wconf 90' lang='lat' dir='ltr'>vitam</span> <span class='ocrx_word' id='word_1_116' title='bbox 1482 1179 1622 1221; x_wconf 91' lang='lat' dir='ltr'>Codici</span> <span class='ocrx_word' id='word_1_117' title='bbox 1647 1179 1704 1220; x_wconf 91' lang='lat' dir='ltr'>illi</span> <span class='ocrx_word' id='word_1_118' title='bbox 1725 1179 1866 1221; x_wconf 92' lang='lat' dir='ltr'>Amia-</span> 
     </span>
     <span class='ocr_line' id='line_1_15' title="bbox 277 1247 1867 1305; baseline -0.002 -14"><span class='ocrx_word' id='word_1_119' title='bbox 277 1250 378 1300; x_wconf 89' lang='lat' dir='ltr'>tino,</span> <span class='ocrx_word' id='word_1_120' title='bbox 401 1250 471 1305; x_wconf 90' lang='lat' dir='ltr'>qui</span> <span class='ocrx_word' id='word_1_121' title='bbox 499 1249 732 1291; x_wconf 87' lang='lat' dir='ltr'>Florentiae</span> <span class='ocrx_word' id='word_1_122' title='bbox 757 1254 960 1298; x_wconf 87' lang='lat' dir='ltr'>servatur,</span> <span class='ocrx_word' id='word_1_123' title='bbox 981 1248 1140 1289; x_wconf 92' lang='lat' dir='ltr'>edendo</span> <span class='ocrx_word' id='word_1_124' title='bbox 1168 1248 1345 1289; x_wconf 88' lang='lat' dir='ltr'>studium</span> <span class='ocrx_word' id='word_1_125' title='bbox 1375 1247 1555 1297; x_wconf 89' lang='lat' dir='ltr'>insumit,</span> <span class='ocrx_word' id='word_1_126' title='bbox 1577 1247 1685 1289; x_wconf 89' lang='lat' dir='ltr'>inter</span> <span class='ocrx_word' id='word_1_127' title='bbox 1706 1248 1867 1290; x_wconf 90' lang='lat' dir='ltr'>labores</span> 
     </span>
     <span class='ocr_line' id='line_1_16' title="bbox 278 1316 1868 1372; baseline -0.002 -13"><span class='ocrx_word' id='word_1_128' title='bbox 278 1318 321 1359; x_wconf 91' lang='lat' dir='ltr'>in</span> <span class='ocrx_word' id='word_1_129' title='bbox 349 1318 609 1359; x_wconf 88' lang='lat' dir='ltr'>Bibliotheca</span> <span class='ocrx_word' id='word_1_130' title='bbox 628 1317 831 1359; x_wconf 89' lang='lat' dir='ltr'>Vaticana</span> <span class='ocrx_word' id='word_1_131' title='bbox 858 1317 1033 1365; x_wconf 88' lang='lat' dir='ltr'>habitos,</span> <span class='ocrx_word' id='word_1_132' title='bbox 1063 1316 1201 1357; x_wconf 89' lang='lat' dir='ltr'>Codici</span> <span class='ocrx_word' id='word_1_133' title='bbox 1232 1316 1313 1370; x_wconf 84' lang='lat'>587</span> <span class='ocrx_word' id='word_1_134' title='bbox 1336 1316 1491 1366; x_wconf 82' lang='lat' dir='ltr'>incidit,</span> <span class='ocrx_word' id='word_1_135' title='bbox 1518 1331 1597 1372; x_wconf 91' lang='lat' dir='ltr'>quo</span> <span class='ocrx_word' id='word_1_136' title='bbox 1628 1316 1868 1358; x_wconf 89' lang='lat' dir='ltr'>Sirmondus</span> 
     </span>
     <span class='ocr_line' id='line_1_17' title="bbox 279 1384 1869 1440; baseline -0.001 -13"><span class='ocrx_word' id='word_1_137' title='bbox 279 1392 376 1428; x_wconf 88' lang='lat' dir='ltr'>ante</span> <span class='ocrx_word' id='word_1_138' title='bbox 403 1401 531 1427; x_wconf 89' lang='lat' dir='ltr'>annos</span> <span class='ocrx_word' id='word_1_139' title='bbox 558 1386 755 1427; x_wconf 87' lang='lat' dir='ltr'>ducentos</span> <span class='ocrx_word' id='word_1_140' title='bbox 782 1399 864 1426; x_wconf 90' lang='lat' dir='ltr'>non</span> <span class='ocrx_word' id='word_1_141' title='bbox 891 1384 967 1425; x_wconf 90' lang='lat' dir='ltr'>nisi</span> <span class='ocrx_word' id='word_1_142' title='bbox 994 1385 1036 1425; x_wconf 91' lang='lat' dir='ltr'>in</span> <span class='ocrx_word' id='word_1_143' title='bbox 1064 1390 1223 1440; x_wconf 87' lang='lat' dir='ltr'>partem</span> <span class='ocrx_word' id='word_1_144' title='bbox 1251 1385 1304 1426; x_wconf 89' lang='lat' dir='ltr'>ad</span> <span class='ocrx_word' id='word_1_145' title='bbox 1333 1385 1551 1426; x_wconf 87' lang='lat' dir='ltr'>editionem</span> <span class='ocrx_word' id='word_1_146' title='bbox 1574 1384 1754 1426; x_wconf 87' lang='lat' dir='ltr'>Pontani</span> <span class='ocrx_word' id='word_1_147' title='bbox 1773 1399 1869 1426; x_wconf 87' lang='lat' dir='ltr'>usus</span> 
     </span>
     <span class='ocr_line' id='line_1_18' title="bbox 281 1452 1869 1509; baseline -0.002 -13"><span class='ocrx_word' id='word_1_148' title='bbox 281 1460 401 1503; x_wconf 81' lang='lat' dir='ltr'>esset,</span> <span class='ocrx_word' id='word_1_149' title='bbox 432 1459 558 1509; x_wconf 85' lang='lat' dir='ltr'>atque</span> <span class='ocrx_word' id='word_1_150' title='bbox 587 1454 696 1494; x_wconf 86' lang='lat' dir='ltr'>hunc</span> <span class='ocrx_word' id='word_1_151' title='bbox 726 1459 857 1495; x_wconf 90' lang='lat' dir='ltr'>totum</span> <span class='ocrx_word' id='word_1_152' title='bbox 888 1452 1071 1494; x_wconf 89' lang='lat' dir='ltr'>contulit.</span> <span class='ocrx_word' id='word_1_153' title='bbox 1146 1453 1260 1494; x_wconf 88' lang='lat' dir='ltr'>Idem</span> <span class='ocrx_word' id='word_1_154' title='bbox 1296 1459 1439 1508; x_wconf 87' lang='lat' dir='ltr'>postea</span> <span class='ocrx_word' id='word_1_155' title='bbox 1474 1467 1635 1508; x_wconf 89' lang='lat' dir='ltr'>quoque</span> <span class='ocrx_word' id='word_1_156' title='bbox 1672 1452 1869 1508; x_wconf 85' lang='lat' dir='ltr'>optimum</span> 
     </span>
     <span class='ocr_line' id='line_1_19' title="bbox 282 1520 1869 1577; baseline -0.001 -14"><span class='ocrx_word' id='word_1_157' title='bbox 282 1528 325 1564; x_wconf 89' lang='lat' dir='ltr'>et</span> <span class='ocrx_word' id='word_1_158' title='bbox 358 1522 609 1577; x_wconf 80' lang='lat' dir='ltr'>singularem</span> <span class='ocrx_word' id='word_1_159' title='bbox 647 1521 838 1563; x_wconf 91' lang='lat' dir='ltr'>Codicem</span> <span class='ocrx_word' id='word_1_160' title='bbox 873 1521 915 1562; x_wconf 92' lang='lat' dir='ltr'>in</span> <span class='ocrx_word' id='word_1_161' title='bbox 950 1520 1207 1562; x_wconf 87' lang='lat' dir='ltr'>Bibliotheca</span> <span class='ocrx_word' id='word_1_162' title='bbox 1242 1522 1435 1563; x_wconf 83' lang='lat' dir='ltr'>Fratrum</span> <span class='ocrx_word' id='word_1_163' title='bbox 1471 1520 1869 1577; x_wconf 85' lang='lat' dir='ltr'>Augustinianorum</span> 
     </span>
     <span class='ocr_line' id='line_1_20' title="bbox 282 1586 1868 1645; baseline 0.001 -14"><span class='ocrx_word' id='word_1_164' title='bbox 282 1591 439 1631; x_wconf 85' lang='lat' dir='ltr'>Romae</span> <span class='ocrx_word' id='word_1_165' title='bbox 473 1589 641 1640; x_wconf 86' lang='lat' dir='ltr'>invenit,</span> <span class='ocrx_word' id='word_1_166' title='bbox 677 1590 901 1645; x_wconf 86' lang='lat' dir='ltr'>prophetas</span> <span class='ocrx_word' id='word_1_167' title='bbox 937 1589 1209 1644; x_wconf 86' lang='lat' dir='ltr'>complectens</span> <span class='ocrx_word' id='word_1_168' title='bbox 1244 1589 1349 1630; x_wconf 89' lang='lat' dir='ltr'>solos</span> <span class='ocrx_word' id='word_1_169' title='bbox 1380 1590 1510 1631; x_wconf 88' lang='lat' dir='ltr'>Amos</span> <span class='ocrx_word' id='word_1_170' title='bbox 1540 1596 1582 1631; x_wconf 89' lang='lat' dir='ltr'>et</span> <span class='ocrx_word' id='word_1_171' title='bbox 1612 1586 1868 1639; x_wconf 66' lang='lat' dir='ltr'>Michaeamss</span> 
     </span>
     <span class='ocr_line' id='line_1_21' title="bbox 282 1657 1870 1713; baseline -0.001 -13"><span class='ocrx_word' id='word_1_172' title='bbox 282 1673 402 1713; x_wconf 90' lang='lat' dir='ltr'>quem</span> <span class='ocrx_word' id='word_1_173' title='bbox 436 1657 559 1700; x_wconf 89' lang='lat' dir='ltr'>etiam</span> <span class='ocrx_word' id='word_1_174' title='bbox 590 1657 659 1699; x_wconf 91' lang='lat' dir='ltr'>ille</span> <span class='ocrx_word' id='word_1_175' title='bbox 692 1657 734 1698; x_wconf 92' lang='lat' dir='ltr'>in</span> <span class='ocrx_word' id='word_1_176' title='bbox 765 1657 871 1698; x_wconf 87' lang='lat' dir='ltr'>hanc</span> <span class='ocrx_word' id='word_1_177' title='bbox 904 1657 1123 1698; x_wconf 85' lang='lat' dir='ltr'>editionem</span> <span class='ocrx_word' id='word_1_178' title='bbox 1158 1657 1341 1699; x_wconf 71' lang='lat' dir='ltr'>contulit·</span> <span class='ocrx_word' id='word_1_179' title='bbox 1418 1658 1483 1699; x_wconf 93' lang='lat' dir='ltr'>De</span> <span class='ocrx_word' id='word_1_180' title='bbox 1525 1658 1600 1699; x_wconf 92' lang='lat' dir='ltr'>hoc</span> <span class='ocrx_word' id='word_1_181' title='bbox 1640 1658 1870 1700; x_wconf 87' lang='lat' dir='ltr'>admirabili</span> 
     </span>
     <span class='ocr_line' id='line_1_22' title="bbox 284 1725 1871 1782; baseline 0 -14"><span class='ocrx_word' id='word_1_182' title='bbox 284 1727 433 1768; x_wconf 83' lang='lat' dir='ltr'>Codice</span> <span class='ocrx_word' id='word_1_183' title='bbox 462 1740 558 1767; x_wconf 92' lang='lat' dir='ltr'>mox</span> <span class='ocrx_word' id='word_1_184' title='bbox 587 1725 759 1781; x_wconf 89' lang='lat' dir='ltr'>amplius</span> <span class='ocrx_word' id='word_1_185' title='bbox 789 1725 1004 1775; x_wconf 82' lang='lat' dir='ltr'>dicendum</span> <span class='ocrx_word' id='word_1_186' title='bbox 1036 1725 1126 1767; x_wconf 86' lang='lat' dir='ltr'>erit.</span> <span class='ocrx_word' id='word_1_187' title='bbox 1190 1726 1382 1767; x_wconf 88' lang='lat' dir='ltr'>Ceterum</span> <span class='ocrx_word' id='word_1_188' title='bbox 1414 1726 1621 1775; x_wconf 86' lang='lat' dir='ltr'>materias,</span> <span class='ocrx_word' id='word_1_189' title='bbox 1653 1727 1799 1782; x_wconf 89' lang='lat' dir='ltr'>quibus</span> <span class='ocrx_word' id='word_1_190' title='bbox 1828 1727 1871 1768; x_wconf 91' lang='lat' dir='ltr'>in</span> 
     </span>
     <span class='ocr_line' id='line_1_23' title="bbox 284 1794 1266 1842; baseline -0.002 -6"><span class='ocrx_word' id='word_1_191' title='bbox 284 1796 389 1836; x_wconf 89' lang='lat' dir='ltr'>hanc</span> <span class='ocrx_word' id='word_1_192' title='bbox 411 1794 631 1836; x_wconf 87' lang='lat' dir='ltr'>editionem</span> <span class='ocrx_word' id='word_1_193' title='bbox 651 1808 747 1835; x_wconf 89' lang='lat' dir='ltr'>usus</span> <span class='ocrx_word' id='word_1_194' title='bbox 768 1808 869 1842; x_wconf 87' lang='lat' dir='ltr'>sum,</span> <span class='ocrx_word' id='word_1_195' title='bbox 891 1807 998 1834; x_wconf 89' lang='lat' dir='ltr'>nunc</span> <span class='ocrx_word' id='word_1_196' title='bbox 1019 1808 1266 1835; x_wconf 83' lang='lat' dir='ltr'>enumerem.</span> 
     </span>
    </p>
   </div>
   <div class='ocr_carea' id='block_1_4' title="bbox 394 1935 1877 2438">
    <p class='ocr_par' dir='ltr' id='par_1_5' title="bbox 394 1935 1877 2438">
     <span class='ocr_line' id='line_1_24' title="bbox 394 1935 1874 1986; baseline -0.001 -12"><span class='ocrx_word' id='word_1_197' title='bbox 394 1938 438 1974; x_wconf 80' lang='lat' dir='ltr'>A.</span> <span class='ocrx_word' id='word_1_198' title='bbox 491 1936 621 1974; x_wconf 81' lang='lat' dir='ltr'>Codex</span> <span class='ocrx_word' id='word_1_199' title='bbox 666 1935 883 1984; x_wconf 84' lang='lat' dir='ltr'>Angelicus,</span> <span class='ocrx_word' id='word_1_200' title='bbox 929 1949 950 1971; x_wconf 90' lang='lat' dir='ltr'>a</span> <span class='ocrx_word' id='word_1_201' title='bbox 988 1935 1057 1971; x_wconf 92' lang='lat' dir='ltr'>Th.</span> <span class='ocrx_word' id='word_1_202' title='bbox 1098 1935 1244 1984; x_wconf 79' lang='lat' dir='ltr'>Heysio</span> <span class='ocrx_word' id='word_1_203' title='bbox 1286 1936 1468 1981; x_wconf 84' lang='lat' dir='ltr'>collatus;</span> <span class='ocrx_word' id='word_1_204' title='bbox 1517 1936 1624 1986; x_wconf 87' lang='lat' dir='ltr'>cujus</span> <span class='ocrx_word' id='word_1_205' title='bbox 1668 1935 1874 1986; x_wconf 87' lang='lat' dir='ltr'>descriptio</span> 
     </span>
     <span class='ocr_line' id='line_1_25' title="bbox 503 2000 1875 2050; baseline 0 -12"><span class='ocrx_word' id='word_1_206' title='bbox 503 2001 685 2049; x_wconf 88' lang='lat' dir='ltr'>sequitur.</span> <span class='ocrx_word' id='word_1_207' title='bbox 761 2001 842 2036; x_wconf 81' lang='lat' dir='ltr'>“In</span> <span class='ocrx_word' id='word_1_208' title='bbox 887 2000 984 2037; x_wconf 84' lang='lat' dir='ltr'>Bibl.</span> <span class='ocrx_word' id='word_1_209' title='bbox 1025 2000 1407 2049; x_wconf 84' lang='lat' dir='ltr'>Augustinianornm,</span> <span class='ocrx_word' id='word_1_210' title='bbox 1455 2013 1569 2050; x_wconf 89' lang='lat' dir='ltr'>quam</span> <span class='ocrx_word' id='word_1_211' title='bbox 1616 2001 1663 2037; x_wconf 88' lang='lat' dir='ltr'>ab</span> <span class='ocrx_word' id='word_1_212' title='bbox 1709 2001 1875 2038; x_wconf 84' lang='lat' dir='ltr'>auctoris</span> 
     </span>
     <span class='ocr_line' id='line_1_26' title="bbox 504 2064 1876 2114; baseline 0.001 -13"><span class='ocrx_word' id='word_1_213' title='bbox 504 2065 657 2102; x_wconf 88' lang='lat' dir='ltr'>nomine</span> <span class='ocrx_word' id='word_1_214' title='bbox 695 2064 834 2114; x_wconf 81' lang='lat' dir='ltr'>Angeli</span> <span class='ocrx_word' id='word_1_215' title='bbox 873 2065 1019 2102; x_wconf 84' lang='lat' dir='ltr'>Roccae</span> <span class='ocrx_word' id='word_1_216' title='bbox 1064 2064 1287 2114; x_wconf 79' lang='lat' dir='ltr'>Angelicam</span> <span class='ocrx_word' id='word_1_217' title='bbox 1325 2070 1474 2111; x_wconf 75' lang='lat' dir='ltr'>vocant,</span> <span class='ocrx_word' id='word_1_218' title='bbox 1513 2078 1612 2102; x_wconf 89' lang='lat' dir='ltr'>unus</span> <span class='ocrx_word' id='word_1_219' title='bbox 1653 2065 1876 2103; x_wconf 82' lang='lat' dir='ltr'>adservatur</span> 
     </span>
     <span class='ocr_line' id='line_1_27' title="bbox 506 2129 1873 2179; baseline 0.001 -13"><span class='ocrx_word' id='word_1_220' title='bbox 506 2130 637 2166; x_wconf 85' lang='lat' dir='ltr'>Codex</span> <span class='ocrx_word' id='word_1_221' title='bbox 672 2129 914 2178; x_wconf 73' lang='lat' dir='ltr'>Cyrillianus,</span> <span class='ocrx_word' id='word_1_222' title='bbox 949 2129 1042 2166; x_wconf 88' lang='lat' dir='ltr'>olim</span> <span class='ocrx_word' id='word_1_223' title='bbox 1077 2129 1187 2166; x_wconf 85' lang='lat' dir='ltr'>Card.</span> <span class='ocrx_word' id='word_1_224' title='bbox 1224 2129 1428 2174; x_wconf 89' lang='lat' dir='ltr'>Passionei,</span> <span class='ocrx_word' id='word_1_225' title='bbox 1464 2129 1636 2179; x_wconf 72' lang='lat' dir='ltr'>signatus</span> <span class='ocrx_word' id='word_1_226' title='bbox 1669 2130 1716 2167; x_wconf 91' lang='lat' dir='ltr'>D.</span> <span class='ocrx_word' id='word_1_227' title='bbox 1755 2143 1787 2178; x_wconf 84' lang='lat'>3.</span> <span class='ocrx_word' id='word_1_228' title='bbox 1825 2144 1873 2179; x_wconf 91' lang='lat'>9:</span> 
     </span>
     <span class='ocr_line' id='line_1_28' title="bbox 505 2193 1877 2244; baseline 0.001 -14"><span class='ocrx_word' id='word_1_229' title='bbox 505 2194 570 2244; x_wconf 92' lang='lat' dir='ltr'>qui</span> <span class='ocrx_word' id='word_1_230' title='bbox 597 2194 767 2231; x_wconf 86' lang='lat' dir='ltr'>continet</span> <span class='ocrx_word' id='word_1_231' title='bbox 794 2193 1099 2231; x_wconf 86' lang='lat' dir='ltr'>Commentarios</span> <span class='ocrx_word' id='word_1_232' title='bbox 1125 2194 1165 2230; x_wconf 89' lang='lat' dir='ltr'>in</span> <span class='ocrx_word' id='word_1_233' title='bbox 1192 2193 1311 2230; x_wconf 82' lang='lat' dir='ltr'>Amos</span> <span class='ocrx_word' id='word_1_234' title='bbox 1337 2198 1376 2231; x_wconf 89' lang='lat' dir='ltr'>et</span> <span class='ocrx_word' id='word_1_235' title='bbox 1402 2193 1624 2231; x_wconf 85' lang='lat' dir='ltr'>Michaeam.</span> <span class='ocrx_word' id='word_1_236' title='bbox 1684 2194 1877 2232; x_wconf 80' lang='lat' dir='ltr'>Membra-</span> 
     </span>
     <span class='ocr_line' id='line_1_29' title="bbox 505 2259 1875 2309; baseline 0.001 -13"><span class='ocrx_word' id='word_1_237' title='bbox 505 2273 643 2296; x_wconf 84' lang='lat' dir='ltr'>naceus</span> <span class='ocrx_word' id='word_1_238' title='bbox 670 2264 738 2305; x_wconf 89' lang='lat' dir='ltr'>est,</span> <span class='ocrx_word' id='word_1_239' title='bbox 765 2260 888 2296; x_wconf 89' lang='lat' dir='ltr'>forma</span> <span class='ocrx_word' id='word_1_240' title='bbox 914 2259 1108 2308; x_wconf 85' lang='lat' dir='ltr'>quadrata,</span> <span class='ocrx_word' id='word_1_241' title='bbox 1135 2259 1237 2296; x_wconf 90' lang='lat' dir='ltr'>binis</span> <span class='ocrx_word' id='word_1_242' title='bbox 1263 2259 1450 2296; x_wconf 87' lang='lat' dir='ltr'>columnis</span> <span class='ocrx_word' id='word_1_243' title='bbox 1475 2260 1719 2309; x_wconf 84' lang='lat' dir='ltr'>perscriptus,</span> <span class='ocrx_word' id='word_1_244' title='bbox 1746 2273 1816 2298; x_wconf 86' lang='lat' dir='ltr'>sec.</span> <span class='ocrx_word' id='word_1_245' title='bbox 1840 2261 1875 2298; x_wconf 90' lang='lat' dir='ltr'><strong>X</strong></span> 
     </span>
     <span class='ocr_line' id='line_1_30' title="bbox 505 2323 1875 2372; baseline 0.002 -12"><span class='ocrx_word' id='word_1_246' title='bbox 505 2324 565 2361; x_wconf 84' lang='lat' dir='ltr'>vel</span> <span class='ocrx_word' id='word_1_247' title='bbox 594 2324 664 2370; x_wconf 88' lang='lat' dir='ltr'>XI,</span> <span class='ocrx_word' id='word_1_248' title='bbox 694 2325 815 2361; x_wconf 88' lang='lat' dir='ltr'>bonae</span> <span class='ocrx_word' id='word_1_249' title='bbox 844 2330 957 2361; x_wconf 86' lang='lat' dir='ltr'>notae</span> <span class='ocrx_word' id='word_1_250' title='bbox 985 2323 1091 2369; x_wconf 91' lang='lat' dir='ltr'>liber,</span> <span class='ocrx_word' id='word_1_251' title='bbox 1119 2323 1226 2372; x_wconf 82' lang='lat' dir='ltr'>eujus</span> <span class='ocrx_word' id='word_1_252' title='bbox 1253 2336 1332 2360; x_wconf 88' lang='lat' dir='ltr'>esse</span> <span class='ocrx_word' id='word_1_253' title='bbox 1357 2325 1560 2372; x_wconf 80' lang='grc' dir='ltr'>ἀπόγραφον</span> <span class='ocrx_word' id='word_1_254' title='bbox 1584 2324 1737 2362; x_wconf 75' lang='lat' dir='ltr'>videtur</span> <span class='ocrx_word' id='word_1_255' title='bbox 1762 2325 1875 2363; x_wconf 88' lang='lat' dir='ltr'>Otto-</span> 
     </span>
     <span class='ocr_line' id='line_1_31' title="bbox 506 2389 826 2438; baseline 0.003 -13"><span class='ocrx_word' id='word_1_256' title='bbox 506 2390 692 2427; x_wconf 86' lang='lat' dir='ltr'>bonianus</span> <span class='ocrx_word' id='word_1_257' title='bbox 716 2389 826 2438; x_wconf 85' lang='lat'><strong>233.”</strong></span> 
     </span>
    </p>
   </div>
   <div class='ocr_carea' id='block_1_5' title="bbox 403 2474 1876 2718">
    <p class='ocr_par' dir='ltr' id='par_1_6' title="bbox 403 2474 1876 2718">
     <span class='ocr_line' id='line_1_32' title="bbox 403 2474 1876 2525; baseline 0.003 -14"><span class='ocrx_word' id='word_1_258' title='bbox 403 2476 442 2511; x_wconf 85' lang='lat' dir='ltr'>B.</span> <span class='ocrx_word' id='word_1_259' title='bbox 477 2479 495 2494; x_wconf 87' lang='lat'><strong>“</strong></span> <span class='ocrx_word' id='word_1_260' title='bbox 511 2474 602 2512; x_wconf 86' lang='lat' dir='ltr'>Cod.</span> <span class='ocrx_word' id='word_1_261' title='bbox 618 2476 702 2513; x_wconf 85' lang='lat' dir='ltr'>Vat.</span> <span class='ocrx_word' id='word_1_262' title='bbox 724 2478 797 2523; x_wconf 86' lang='lat'>587</span> <span class='ocrx_word' id='word_1_263' title='bbox 815 2476 1064 2525; x_wconf 87' lang='lat' dir='ltr'>bombycinus</span> <span class='ocrx_word' id='word_1_264' title='bbox 1087 2475 1165 2513; x_wconf 84' lang='lat' dir='ltr'>Sec.</span> <span class='ocrx_word' id='word_1_265' title='bbox 1184 2475 1292 2512; x_wconf 81' lang='lat' dir='ltr'>XIV.</span> <span class='ocrx_word' id='word_1_266' title='bbox 1342 2475 1502 2513; x_wconf 84' lang='lat' dir='ltr'>Constat</span> <span class='ocrx_word' id='word_1_267' title='bbox 1521 2476 1620 2513; x_wconf 86' lang='lat' dir='ltr'>foliis</span> <span class='ocrx_word' id='word_1_268' title='bbox 1639 2489 1726 2524; x_wconf 85' lang='lat'>324.</span> <span class='ocrx_word' id='word_1_269' title='bbox 1771 2476 1876 2515; x_wconf 89' lang='lat' dir='ltr'>Ordo</span> 
     </span>
     <span class='ocr_line' id='line_1_33' title="bbox 511 2540 1874 2587; baseline 0.002 -11"><span class='ocrx_word' id='word_1_270' title='bbox 511 2546 567 2576; x_wconf 86' lang='lat' dir='ltr'>est</span> <span class='ocrx_word' id='word_1_271' title='bbox 606 2540 713 2586; x_wconf 88' lang='lat' dir='ltr'>Osee,</span> <span class='ocrx_word' id='word_1_272' title='bbox 753 2540 956 2583; x_wconf 85' lang='lat' dir='ltr'>Michaeas,</span> <span class='ocrx_word' id='word_1_273' title='bbox 995 2541 1186 2585; x_wconf 79' lang='lat' dir='ltr'>Abbaeuc‚</span> <span class='ocrx_word' id='word_1_274' title='bbox 1225 2540 1365 2585; x_wconf 84' lang='lat' dir='ltr'>Naum,</span> <span class='ocrx_word' id='word_1_275' title='bbox 1405 2541 1430 2577; x_wconf 85' lang='lat' dir='ltr'><strong>J</strong></span> <span class='ocrx_word' id='word_1_276' title='bbox 1435 2541 1504 2586; x_wconf 90' lang='lat' dir='ltr'>oel,</span> <span class='ocrx_word' id='word_1_277' title='bbox 1543 2540 1698 2587; x_wconf 86' lang='lat' dir='ltr'>Abdias,</span> <span class='ocrx_word' id='word_1_278' title='bbox 1743 2541 1874 2586; x_wconf 85' lang='lat' dir='ltr'>Amos,</span> 
     </span>
     <span class='ocr_line' id='line_1_34' title="bbox 510 2603 1876 2655; baseline 0.002 -16"><span class='ocrx_word' id='word_1_279' title='bbox 510 2603 638 2645; x_wconf 80' lang='lat' dir='ltr'>Jonas,</span> <span class='ocrx_word' id='word_1_280' title='bbox 664 2604 886 2653; x_wconf 80' lang='lat' dir='ltr'>Sophonias,</span> <span class='ocrx_word' id='word_1_281' title='bbox 911 2605 1120 2650; x_wconf 81' lang='lat' dir='ltr'>Zacharias,</span> <span class='ocrx_word' id='word_1_282' title='bbox 1147 2605 1336 2655; x_wconf 82' lang='lat' dir='ltr'>Aggaeus,</span> <span class='ocrx_word' id='word_1_283' title='bbox 1363 2605 1605 2642; x_wconf 82' lang='lat' dir='ltr'>Malachias.&#39;’</span> <span class='ocrx_word' id='word_1_284' title='bbox 1655 2605 1716 2643; x_wconf 86' lang='lat' dir='ltr'>Ab</span> <span class='ocrx_word' id='word_1_285' title='bbox 1743 2607 1876 2643; x_wconf 89' lang='lat' dir='ltr'>eodem</span> 
     </span>
     <span class='ocr_line' id='line_1_35' title="bbox 511 2667 1244 2718; baseline 0.005 -16"><span class='ocrx_word' id='word_1_286' title='bbox 511 2667 592 2703; x_wconf 80' lang='lat' dir='ltr'>viro</span> <span class='ocrx_word' id='word_1_287' title='bbox 613 2667 723 2704; x_wconf 83' lang='lat' dir='ltr'>docto</span> <span class='ocrx_word' id='word_1_288' title='bbox 744 2669 810 2706; x_wconf 89' lang='lat' dir='ltr'>Th.</span> <span class='ocrx_word' id='word_1_289' title='bbox 835 2670 980 2718; x_wconf 88' lang='lat' dir='ltr'>Heysio</span> <span class='ocrx_word' id='word_1_290' title='bbox 999 2670 1158 2707; x_wconf 87' lang='lat' dir='ltr'>collatus</span> <span class='ocrx_word' id='word_1_291' title='bbox 1177 2674 1244 2707; x_wconf 90' lang='lat' dir='ltr'>est.</span> 
     </span>
    </p>
   </div>
   <div class='ocr_carea' id='block_1_6' title="bbox 407 2753 1877 2870">
    <p class='ocr_par' dir='ltr' id='par_1_7' title="bbox 407 2753 1877 2870">
     <span class='ocr_line' id='line_1_36' title="bbox 407 2753 1876 2808; baseline 0.002 -17"><span class='ocrx_word' id='word_1_292' title='bbox 407 2755 448 2791; x_wconf 73' lang='lat' dir='ltr'>C.</span> <span class='ocrx_word' id='word_1_293' title='bbox 482 2758 500 2773; x_wconf 71' lang='lat'>‘⁸&#39;</span> <span class='ocrx_word' id='word_1_294' title='bbox 517 2753 608 2791; x_wconf 84' lang='lat' dir='ltr'>Cod.</span> <span class='ocrx_word' id='word_1_295' title='bbox 626 2754 738 2792; x_wconf 87' lang='lat' dir='ltr'>Coisl.</span> <span class='ocrx_word' id='word_1_296' title='bbox 759 2769 773 2792; x_wconf 96' lang='lat'>1</span> <span class='ocrx_word' id='word_1_297' title='bbox 787 2769 830 2804; x_wconf 85' lang='lat'>13</span> <span class='ocrx_word' id='word_1_298' title='bbox 850 2757 955 2806; x_wconf 86' lang='lat' dir='ltr'>(olim</span> <span class='ocrx_word' id='word_1_299' title='bbox 976 2756 1136 2808; x_wconf 84' lang='lat' dir='ltr'>LXXI),</span> <span class='ocrx_word' id='word_1_300' title='bbox 1157 2758 1476 2803; x_wconf 80' lang='lat' dir='ltr'>membranaceus,</span> <span class='ocrx_word' id='word_1_301' title='bbox 1498 2763 1646 2795; x_wconf 86' lang='lat' dir='ltr'>constat</span> <span class='ocrx_word' id='word_1_302' title='bbox 1667 2768 1742 2805; x_wconf 82' lang='lat'>435</span> <span class='ocrx_word' id='word_1_303' title='bbox 1764 2757 1876 2803; x_wconf 86' lang='lat' dir='ltr'>foliis,</span> 
     </span>
     <span class='ocr_line' id='line_1_37' title="bbox 515 2818 1877 2870; baseline 0.005 -18"><span class='ocrx_word' id='word_1_304' title='bbox 515 2818 829 2866; x_wconf 82' lang='lat' dir='ltr'>elegantissimus,</span> <span class='ocrx_word' id='word_1_305' title='bbox 859 2833 989 2857; x_wconf 84' lang='lat' dir='ltr'>versus</span> <span class='ocrx_word' id='word_1_306' title='bbox 1021 2821 1135 2858; x_wconf 90' lang='lat' dir='ltr'>finem</span> <span class='ocrx_word' id='word_1_307' title='bbox 1166 2821 1256 2857; x_wconf 89' lang='lat' dir='ltr'>noni</span> <span class='ocrx_word' id='word_1_308' title='bbox 1289 2821 1403 2858; x_wconf 85' lang='lat' dir='ltr'>seculi</span> <span class='ocrx_word' id='word_1_309' title='bbox 1437 2821 1600 2870; x_wconf 87' lang='lat' dir='ltr'>scriptus</span> <span class='ocrx_word' id='word_1_310' title='bbox 1614 2820 1647 2867; x_wconf 74' lang='lat'>;’&#39;</span> <span class='ocrx_word' id='word_1_311' title='bbox 1684 2826 1728 2858; x_wconf 88' lang='lat' dir='ltr'>ut</span> <span class='ocrx_word' id='word_1_312' title='bbox 1761 2821 1877 2859; x_wconf 86' lang='lat' dir='ltr'>refert</span> 
     </span>
    </p>
   </div>
   <div class='ocr_carea' id='block_1_7' title="bbox 515 2881 1876 2983">
    <p class='ocr_par' dir='ltr' id='par_1_8' title="bbox 515 2881 1876 2983">
     <span class='ocr_line' id='line_1_38' title="bbox 515 2881 1876 2936; baseline 0.005 -20"><span class='ocrx_word' id='word_1_313' title='bbox 515 2881 842 2922; x_wconf 78' lang='lat' dir='ltr'>Montefalconius,</span> <span class='ocrx_word' id='word_1_314' title='bbox 877 2883 989 2934; x_wconf 84' lang='lat' dir='ltr'>[Bibl.</span> <span class='ocrx_word' id='word_1_315' title='bbox 1022 2886 1136 2922; x_wconf 79' lang='lat' dir='ltr'>Coisl.</span> <span class='ocrx_word' id='word_1_316' title='bbox 1166 2899 1201 2935; x_wconf 92' lang='lat' dir='ltr'>p.</span> <span class='ocrx_word' id='word_1_317' title='bbox 1235 2884 1334 2936; x_wconf 70' lang='lat'>186]</span> <span class='ocrx_word' id='word_1_318' title='bbox 1397 2885 1617 2923; x_wconf 83' lang='lat' dir='ltr'>Zachariam</span> <span class='ocrx_word' id='word_1_319' title='bbox 1648 2885 1876 2933; x_wconf 83' lang='lat' dir='ltr'>Prophetam</span> 
     </span>
     <span class='ocr_line' id='line_1_39' title="bbox 516 2945 852 2983; baseline 0.009 -3"><span class='ocrx_word' id='word_1_320' title='bbox 516 2945 634 2981; x_wconf 77' lang='lat' dir='ltr'>solum</span> <span class='ocrx_word' id='word_1_321' title='bbox 675 2947 852 2983; x_wconf 66' lang='lat' dir='ltr'>continet.</span> 
     </span>
    </p>
   </div>
  </div>
 </body>
</html>
