2021 3434
309 178 392 217 238
696 179 744 217 B.
788 178 1060 218 CYRILLI
1101 177 1478 218 ALEXANDR.
1639 179 1691 218 xi.
1720 191 1782 228 10,
1810 191 1871 217 11.

309 289 485 356 ἕψομαι
526 287 693 351 νόμοις,
733 288 1001 354 καθηγητὴν
1033 288 1290 353 ποιήσομαι
1323 287 1405 339 τὸν
1441 292 1534 339 τῶν
1570 288 1696 339 ὅλων
1733 289 1869 341 Θεόν.

309 375 345 421 εὶ
371 370 419 420 δὲ
446 368 502 434 δή
528 393 597 423 τις
628 370 685 421 ἰὀι
719 371 837 437 πρὸς
870 370 923 421 τὸ
954 374 1118 421 δοκοῦν
1145 374 1266 439 Θεῷ,
1295 370 1481 423 πάντως
1508 392 1599 420 που
1630 372 1704 420 καὶ
1737 369 1876 421 αὐτὸν

310 452 480 502 εἵσεται
521 450 678 515 μόνον,
716 453 840 522 αὐτῷ
878 475 926 502 τε
966 452 1019 503 τὸ
1062 452 1210 513 σε’βας
1252 450 1437 520 ἀνάψει,
1474 450 1794 517 προσκυνήσει
1830 474 1876 502 τε

309 534 464 599 ἕτερον
489 532 557 584 ἐπ’
586 534 710 603 αὐτῷ
734 538 976 587 παντελῶς
1002 533 1178 585 οὐδένα.

89 768 166 801 165
184 766 232 800 Α.
272 761 386 802 a‘Qc
423 763 533 803 λέων
570 762 799 820 ὲρεύὲεται,
831 764 895 805 ὅτι
932 763 1058 806 αὐτὸς
1091 764 1313 821 ὠρύσεται,
1340 763 1408 804 καὶ
1444 763 1721 805 ἐκστήσονται
1749 764 1875 804 τέκνα
1898 769 1919 807 5

244 852 285 876 11
376 843 555 886 ὑδάτων·
605 845 672 886 καὶ
698 845 982 887 ὲκΠτΗσονται
1007 847 1066 888 ὡς
1092 847 1241 904 ὄρνεον
1268 847 1312 889 ἐξ
1337 844 1554 897 ΑἰΓύΠτου,
1582 845 1650 886 καὶ
1676 846 1736 887 ὡς
1761 860 1878 902 Περι-

375 927 502 983 στερὰ
535 928 581 968 ὲκ
618 944 689 975 suc
716 929 963 986 Ἀσσυρίων·
1016 932 1083 970 καί
1113 929 1458 971 ἀποκαταστΗσω
1496 928 1648 970 αὐτοὺς
1685 925 1745 969 eie
1780 928 1878 970 τοὺς

376 1007 518 1051 οἷ’κουσ
546 1011 700 1063 αὐτῶν,
726 1014 838 1060 λέΓει
867 1012 1026 1069 Κύριος.

374 1127 610 1184 e'Htcom’oy
647 1131 735 1196 ἤδη
770 1137 852 1182 τοῦ
890 1131 1071 1199 χρόνου,
1098 1133 1172 1182 καὶ
1205 1129 1558 1197 πεπερασμένου
1591 1134 1673 1180 τοῦ
1707 1134 1880 1196 καιροῦ,

310 1213 416 1263 καθ’
445 1210 498 1262 ὃν
529 1211 616 1263 ε”δει
652 1211 821 1264 λοιπὸν
850 1216 932 1277 τῆς
965 1213 1290 1280 αἰχμαλωσίας
1321 1213 1532 1263 ἀνεῖσθαι
1557 1210 1639 1262 τὸν
1663 1210 1880 1277 Ἰσραὴλ,

312 1297 468 1360 Κῦρος
505 1295 530 1344 ὂ
571 1293 839 1358 Καμβύσου
874 1298 1077 1361 Περσῶν
1115 1317 1162 1345 τε
1200 1297 1275 1344 καὶ
1310 1292 1491 1359 Μήδων
1529 1293 1787 1357 ἀνημμένος
1826 1292 1880 1343 τὸ

309 1374 490 1441 κράτος,
535 1374 627 1427 σῦν
677 1375 807 1446 ὄχλῳ
850 1382 989 1443 βαρεῖ
1028 1378 1102 1428 καὶ
1147 1377 1422 1445 δυσαντήτῳ
1466 1375 1665 1439 δυνάμει,
1707 1378 1789 1438 τῆς
1831 1398 1880 1425 τε

310 1460 599 1519 Βαβυλῶνος
632 1459 785 1523 αὐτῆς,
825 1461 899 1509 καὶ
937 1461 1017 1522 τῆς
1052 1462 1145 1509 τῶν
1177 1458 1452 1524 Ἀσσυρίων
1489 1456 1881 1524 κατεστρατεύετο

264 1549 290 1589 b
307 1539 475 1607 χώρας,
502 1542 823 1595 διανιστάντος
855 1540 995 1592 αὐτὸν
1021 1544 1082 1594 εἷς
1115 1546 1251 1591 τοῦτο
1279 1544 1414 1592 Θεοῦ.
1465 1541 1539 1590 καὶ
1568 1545 1683 1604 γοῦν
1709 1540 1734 1589 ὁ
1757 1562 1875 1605 προ-

308 1622 462 1691 φήτης·
489 1623 710 1689 Ἱερεμίας
746 1627 1102 1691 προαναφωνῶν
1135 1626 1216 1687 τῆς
1248 1627 1535 1683 Βαβυλῶνος
1568 1621 1653 1686 τὴν
1684 1621 1881 1684 ἅλωσιν,

88 1712 189 1787 ἓξὲξ
200 1764 250 1795 24
307 1705 418 1772 περί
446 1728 497 1756 τε
533 1704 716 1770 Μήδων
755 1707 878 1774 φησὶ
916 1707 991 1756 καὶ
1025 1709 1229 1772 Περσῶν
1268 1702 1658 1768 (ίἘπιθήσονταί
1688 1726 1780 1765 σοι,
1807 1706 1881 1754 καὶ

308 1794 335 1816 “
361 1787 531 1856 ἁλώσῃ
570 1786 818 1849 Βαβυλὼν,
857 1789 932 1838 καὶ
971 1788 1024 1838 οὐ
1065 1787 1247 1855 γνώσῃ·
1311 1786 1497 1854 εὑρέθης
1540 1788 1615 1836 καὶ
1657 1785 1882 1853 ἐλήφθης,

89 1887 139 1918 Ib.
159 1887 201 1920 iv.
223 1895 251 1927 7·
307 1877 334 1898 ‘⁶
361 1869 431 1921 ὅτι
469 1874 534 1940 τῷ
568 1870 727 1939 Κυρίῳ
761 1869 1033 1934 ἀντεστης·”
1090 1870 1247 1935 Κύρου
1286 1869 1334 1920 δὲ
1371 1868 1474 1935 πέρι
1505 1874 1532 1897 “
1552 1867 1726 1932 Ἀνέβη
1760 1867 1883 1918 λε’ων

306 1958 335 1981 “
360 1953 409 2003 ἐκ
465 1955 546 2016 τῆς
601 1953 811 2019 μάνδρας
865 1953 1021 2015 αὐτοῦ,
1070 1950 1387 2020 ἐξολοθρεύων
1442 1950 1550 2014 ἔθνη
1605 1950 1753 2018 ἐξῆρε,
1806 1951 1882 2000 καὶ

306 2042 334 2063 “
361 2034 561 2103 ἐξῆλθεν
598 2036 647 2085 ἐκ
680 2039 762 2085 τοῦ
796 2033 942 2085 τόπου
975 2035 1130 2092 αὐτοῦ,
1155 2039 1237 2084 τοῦ
1274 2038 1416 2085 θεῖναι
1453 2031 1538 2097 τὴν
1576 2035 1667 2098 γῆν
1697 2055 1788 2082 σου
1820 2035 1881 2085 εἷς

306 2125 334 2147 “
360 2116 610 2185 ἐρήμωσιν,
651 2119 725 2167 καὶ
767 2119 813 2167 αἱ
857 2115 1018 2170 πόλεις·
1058 2139 1148 2167 σου
1186 2114 1622 2183 καθαιρεθήσονται,
1663 2112 1791 2181 παρὰ
1827 2112 1882 2165 τὸ

308 2207 335 2228 “
360 2198 424 2264 μὴ
463 2203 777 2251 κατοικεῖσθαι
813 2197 996 2253 αῦτάς.”
1062 2198 1131 2249 ὅτι
1169 2198 1216 2249 δὲ
1253 2196 1311 2262 ἦν
1345 2199 1370 2248 ὁ
1405 2202 1499 2248 τῶν
1529 2197 1655 2248 ὅλων
1689 2195 1824 2254 Θεὸς,
1856 2197 1882 2246 ὃ

269 2287 373 2352 οτῳ
407 2282 549 2351 Κύρῳ
592 2280 741 2334 διδοὺς
778 2280 832 2331 τὸ
875 2284 1070 2347 κρατεῖν,
1110 2278 1470 2350 πληροφορήσει
1510 2278 1663 2344 λέγων
1700 2280 1725 2329 ὁ
1763 2301 1879 2344 προ-

89 2376 143 2406 Es.
162 2376 225 2407 xlv.
309 2365 460 2433 φήτης
493 2363 700 2418 “Ησαἰ”ας
729 2370 757 2393 “
775 2362 900 2414 Τάδε
934 2362 1060 2428 λέγει
1089 2362 1259 2429 Κύριος
1291 2363 1356 2431 τῷ
1386 2365 1568 2430 χριστῷ
1600 2384 1691 2423 μου
1725 2359 1880 2429 Κύρῳ,

93 2429 105 2449 1
133 2429 161 2459 δ’
309 2454 335 2477 “
360 2447 413 2498 οῦ
436 2447 674 2513 ἐκράτησα
708 2448 789 2510 τῆς·
822 2445 987 2514 δεξιᾶς,
1012 2447 1268 2496 ἐπακοῦσαι
1295 2444 1561 2511 ἔμπροσθεν
1591 2444 1731 2494 αὐτοῦ
1757 2442 1879 2507 ἔθνη·

354 2614 386 2643 4.
413 2602 462 2636 ἐπ’
482 2603 570 2648 αὐτῷ
590 2603 635 2637 D.
653 2602 730 2647 παρ’
749 2603 850 2637 αὐτὸν
875 2601 966 2637 Edd.
1039 2600 1173 2646 οῖδένα]
1193 2605 1230 2642 -i-
1245 2601 1493 2644 καταμειδιάσει
1519 2600 1554 2634 δέ
1579 2601 1711 2644 μᾶλλον
1735 2601 1793 2643 τῆς
1816 2603 1883 2634 τῶν

308 2648 517 2691 δαιμονίων’
499 2651 637 2694 απάτης,
656 2651 760 2684 ἐκεῖνο
778 2649 888 2695 λέγων
908 2651 946 2683 τὸ
972 2649 1026 2683 διὰ
1050 2648 1229 2694 προφήτου
1246 2649 1362 2693 φωνῆς
1379 2648 1458 2681 Θεοὶ
1475 2646 1506 2681 οἳ
1523 2647 1580 2681 τὸν
1597 2647 1737 2691 οὐρανὸν
1753 2646 1806 2680 καὶ
1823 2647 1882 2690 τὴν

308 2697 370 2739 γῆν
387 2696 444 2728 οὐκ
462 2711 633 2740 εποιησαν,
651 2696 901 2731 ἀπολεσθωσαν
917 2696 983 2729 ἀπὸ
1000 2698 1057 2740 τῆς
1074 2697 1134 2753 γῆξ
1151 2696 1204 2729 καὶ
1221 2694 1433 2730 ὑποκάτωθεν
1448 2697 1507 2728 τοῦ
1524 2694 1666 2739 οὐρανοῦ
1682 2692 1812 2728 τούτου.
1832 2693 1880 2727 D.

310 2751 343 2784 5.
375 2742 426 2774 καὶ
452 2754 520 2775 om.
548 2743 595 2777 D.
644 2743 728 2777 Post
753 2743 987 2787 ἐκστήσονται,
1013 2741 1063 2776 ἐπ’
1089 2743 1177 2798 αὐτῷ
1202 2742 1298 2776 addit
1319 2741 1360 2776 B.
1641 2740 1674 2774 6.
1706 2740 1759 2774 καὶ
1783 2739 1880 2784 prius

310 2794 527 2831 assumptum
546 2801 586 2823 ex
606 2790 646 2823 B.
653 2790 697 2823 D.
717 2791 831 2833 (Alex.
850 2789 936 2824 XII.
942 2789 953 2829 )
1017 2788 1265 2833 ἐκπτήσσονται
1284 2788 1322 2822 F.
1586 2797 1637 2821 12.
1665 2785 1878 2833 δυσαντὴτῳ]

311 2833 500 2888 δυσαιτὴτῳ
524 2835 614 2870 Edd
635 2837 758 2880 Migne
780 2843 895 2870 autem
921 2836 1131 2871 Cotelerium
1155 2836 1334 2878 (Monum.
1354 2834 1395 2868 E.
1413 2833 1456 2868 G.
1476 2833 1526 2868 ΙΙ.
1545 2834 1628 2878 580)
1646 2834 1739 2874 citat,
1757 2821 1880 2867 δυσαν-

309 2878 396 2924 τὴτῳ
414 2892 486 2914 esse
505 2882 691 2926 legendum
709 2889 921 2917 monentem.
1072 2894 1125 2927 13.
1151 2886 1217 2916 τῶν
1234 2888 1455 2926 assumptum
1472 2893 1513 2915 ex
1532 2881 1580 2914 D
1702 2891 1755 2924 19.
1783 2880 1879 2914 Haec

310 2909 689 2969 ἐξολοθρεὺων-τόπου
707 2930 808 2964 αὐτοῦ
825 2935 1044 2965 accesserunt
1060 2941 1101 2964 ex
1121 2929 1162 2964 Β.
1169 2929 1214 2963 D.
1323 2939 1378 2974 23.
1403 2929 1449 2974 τῷ
1467 2939 1537 2962 om.
1557 2927 1603 2962 D.
1713 2938 1768 2969 24.
1794 2925 1879 2960 οὕτω

311 2973 526 3015 μοτάδεΙ).
545 2974 656 3017 (A.V.
676 2975 759 3019 δίο.)

1903 1231 1949 1255 10

1902 2053 1950 2078 20

1903 2463 1949 2502 25
