2021 3434
62 2042 108 2066 20
127 2021 199 2071 ἐπὶ
242 2018 324 2071 τὸν
361 2020 576 2087 Ἰσραήλ.
639 2021 757 2089 πρὸς
800 2029 965 2074 τοῦτον
1008 2022 1240 2089 ἀγγέλους
1277 2021 1498 2089 πέπομφε
1538 2024 1700 2072 Σαλα-

123 182 192 223 vii.
221 196 284 232 11,
313 197 373 225 12.
579 184 651 225 IN
693 185 930 226 OSEAM.
999 184 1146 226 ΤΟΜ.
1185 184 1262 226 IV.
1613 183 1689 222 161

122 294 246 361 φησὶ
282 296 355 345 τοῧ
386 293 576 362 Ἰσραὴλ,
614 296 855 347 τουτέστιν
893 296 921 360 ἡ
960 295 1242 358 ἀπόστασις,
1271 293 1329 359 ἣν
1367 290 1615 357 νενόσηκεν
1643 292 1699 361 ἐξ

122 375 395 444 ὑπεροψίας,
421 376 476 427 δι’
503 375 560 441 ἢν
585 380 660 428 καὶ
685 378 983 430 ἀπονένευκεν
1017 380 1091 430 ἐπὶ
1115 377 1264 431 Θεοὺς
1295 376 1587 442 ἀλλοτρίους,
1613 373 1696 425 τὸν

123 456 265 524 φύσει
306 481 356 509 τε
395 461 470 510 καὶ
510 461 698 524 ἀληθῶς
738 458 971 526 ἀτιμάζων
1013 459 1151 523 Θεὸν,
1189 460 1589 529 ἀποστραφήσεται
1636 462 1695 512 εἷς

123 539 348 608 πρόσωπον
373 543 512 594 αὐτοῦ.
563 541 722 605 ὅμοιον
742 545 804 597 ὡς
828 547 864 593 εἰ
889 542 1039 608 λέγοι,
1065 544 1240 609 ὕβρεως
1265 543 1389 611 αὐτῷ
1413 542 1488 592 καὶ
1514 541 1697 605 ἀτιμίας

82 635 103 672 5
124 622 426 688 ἀναφανεῖται
468 622 709 691 πρόξενος·
773 630 910 675 τοῦτο
954 624 1047 690 γὰρ
1088 624 1142 675 τὸ
1184 627 1246 676 εἷς
1281 623 1542 690 πρόσωπόν
1576 645 1698 676 τινος

123 704 515 772 ἀποστρέφεσθαί
534 729 594 756 τι.
660 705 791 757 ἀλλά
816 707 962 756 καίτοι
995 704 1055 756 τὰ
1087 705 1240 756 τοιάδε
1269 704 1527 767 πεπονθὼς,
1552 704 1698 755 πάλιν
1716 709 1743 750 (1

123 786 206 835 οὐκ
230 786 349 851 ε”γνω
381 786 517 849 Θεὸν,
549 789 653 839 οὔτε
687 787 781 851 μὴν
815 791 896 851 τῆς
929 786 1047 853 πρὸς
1075 786 1216 838 αὐτὸν
1244 789 1536 855 ἐπιστροφῆς
1566 787 1696 837 ἐποι-

124 872 259 918 οῦντο
297 867 443 933 λόγον
479 871 680 935 σκληροὶ
716 872 790 920 καὶ
828 869 1055 934 ἄτεγκτοι,
1087 871 1162 919 καὶ
1195 868 1322 920 πολὺ
1360 873 1610 922 νοσοῦντες
1647 867 1701 918 τὸ

123 948 392 1016 ἀφιλόθεον,
419 953 492 1001 καὶ
519 953 567 1001 ἐν
592 952 746 1004 αὐτοῖς
772 950 995 1018 ὁρώμενοι
1021 955 1116 1004 τοῖς
1143 953 1320 1004 δεινοῖς.
1387 950 1701 1014 ἀναισθησίας·

0 1022 2 1069 λ
57 1051 104 1077 10
124 1029 171 1080 δὲ
207 1034 289 1094 τῆς
325 1030 530 1099 ἐσχάτης
563 1033 776 1098 ε”γκλημα
814 1035 954 1096 τουτὶ,
987 1035 1061 1084 καὶ
1098 1035 1179 1096 τῆς
1217 1036 1278 1086 εἷς
1316 1033 1457 1101 λῆξιν
1495 1031 1701 1096 ἡκούσης

0 1149 2 1185 Ι

123 1113 404 1179 ἀβελτηρίας
430 1112 662 1184 ἀπόδειξις
688 1114 898 1182 ἐναργής.

128 1323 201 1364 Καὶ
250 1319 299 1364 ἦν
336 1321 527 1380 Ἔφραῖμ
585 1325 687 1367 ὡσεὶ
742 1325 969 1383 Περιστερὰ
1013 1316 1151 1376 ἄνους,
1196 1325 1271 1366 οὐκ
1313 1325 1466 1380 ἔχουσα
1512 1323 1769 1381 καρδίαν·1[

189 1403 395 1454 ΑἰΤυΠτον
431 1407 696 1461 ἐπεκαλεῖτο,
728 1410 796 1450 καὶ
830 1408 889 1450 εἰς
910 1409 1156 1467 Ἀσσυρίους
1192 1410 1500 1466 ὲΠορεύΘι-ισαν.
1561 1409 1703 1451 καθὼς
1729 1427 1772 1452 12

192 1490 242 1532 ἂν
273 1493 540 1548 Πορεύωντοιι
576 1493 769 1543 ἐπιβαλῶ
806 1493 865 1534 ἐπ’
899 1493 1051 1535 αὐτοὺς
1085 1494 1132 1535 τὸ
1170 1492 1336 1534 δίκτυόν
1363 1508 1455 1543 μου,
1483 1492 1625 1534 καθὼς
1652 1492 1702 1534 τὰ

60 1583 104 1620 15
192 1575 363 1617 Πετεινὰ
401 1579 474 1617 τοῦ
506 1577 688 1633 οὐρανοῦ
720 1580 891 1620 κατάξω
930 1579 1094 1628 αὐτοὺς,
1123 1577 1341 1619 Παιὸεύσω
1378 1576 1531 1617 αὐτοὺς
1569 1576 1613 1616 ὲν
1650 1579 1743 1634 τῃῖθ

192 1658 301 1716 ἀκοῇ
328 1663 400 1699 τιῖιο
428 1660 615 1710 θλίψεως
642 1661 798 1703 αὐτῶν,

198 1770 495 1837 Ἀναμνῆσαι
533 1777 603 1825 δεῖ
632 1775 780 1826 πάλιν
819 1781 913 1827 τῶν
951 1776 1286 1842 γεγραμμένων
1327 1776 1375 1825 ἐν
1413 1777 1470 1841 τῇ
1509 1772 1706 1841 τετάρτῃ

125 1858 220 1905 τῶν
238 1860 510 1916 βασιλειῶν·
542 1857 815 1922 συνήσομεν
840 1858 933 1924 γὰρ
959 1857 1160 1911 εὐκόλως
1178 1859 1260 1908 ὡδὶ
1279 1861 1373 1908 τῶν
1393 1856 1706 1922 προκειμένων

126 1935 208 1987 τὸν
228 1942 349 1989 νοῦν.
402 1937 550 2002 Ὠσηὲ
577 1940 730 1991 τοίνυν
757 1940 851 1995 υἱὸς
870 1939 1003 1991 Ἠλά
1027 1940 1371 2002 βεβασίλευκεν
1393 1941 1442 1990 ἐν
1468 1937 1707 2006 Σαμαρείᾳ
1767 1951 1886 2027 ΞνΙίξεξ.

126 2101 348 2169 μανασάρ
375 2104 399 2153 ὁ
420 2103 693 2170 Ἀσσύριος,
719 2104 777 2155 τὰ
801 2105 983 2170 συνήθη
1011 2109 1137 2172 δῶρα
1167 2104 1558 2171 τυραννικώτερον
1583 2103 1706 2172 ἐξαι-

128 2188 236 2243 τῶν,
275 2185 419 2249 μόνον
456 2184 506 2236 δὲ
544 2188 646 2254 οὐχὶ
684 2190 759 2239 καὶ
797 2190 1118 2253 δασμολογεῖν
1156 2188 1330 2238 ἐθέλων
1367 2187 1450 2238 τὸν
1483 2184 1702 2251 Ἰσραήλ.

129 2267 154 2316 ὀ
180 2266 227 2317 δὲ
253 2266 466 2318 ἀνένευσε
499 2267 584 2332 τὴν
610 2270 837 2333 δουλείαν,
861 2270 1054 2333 ἐμελέτα
1079 2268 1126 2320 δὲ
1152 2273 1342 2333 μᾶλλον
1367 2266 1452 2332 τὴν
1477 2266 1703 2318 ἀντίστα-
1724 2292 1746 2316 a
1775 2283 1844 2316 113
1861 2283 1910 2316 A.

129 2372 221 2411 σιν,
254 2348 340 2400 κᾶν
378 2353 415 2401 εἰ
453 2350 606 2402 ἕλοιτο
640 2351 783 2419 τυχὸν
820 2350 903 2403 τὸν
940 2351 1149 2415 πολέμου
1189 2349 1331 2415 νόμον
1368 2349 1610 2401 ἐπιθέσθαι
1640 2353 1708 2418 τῷ

11 2427 15 2484 ,Ἰ
65 2442 110 2480 25
129 2430 342 2498 Ἰσραήλ.
408 2431 506 2483 εἶτα
539 2431 658 2500 πρὸς
696 2432 867 2500 Σηγὼρ
905 2433 1214 2500 ἐπρεσβεύετο
1244 2431 1327 2483 τὸν
1351 2430 1594 2498 Αἰγύπτου
1620 2432 1702 2483 τύ-

129 2537 314 2580 ραννον,
342 2515 605 2582 ἐπικουρίαν
629 2519 785 2566 αἰτῶν·
829 2514 957 2585 ᾠήθη
983 2514 1075 2581 γὰρ
1106 2514 1176 2566 ὅτι
1200 2514 1440 2581 περιέσται
1464 2513 1555 2565 σὺν
1581 2515 1707 2584 αὐτῷ

130 2599 210 2660 τῆς
235 2597 510 2664 Ἀσσυρίων
536 2597 702 2665 χειρός.
765 2596 882 2663 πρὸς
905 2603 1042 2648 τοῦτο
1068 2597 1116 2648 δὲ
1142 2595 1356 2660 μάλιστα
1382 2597 1707 2662 λελυπημένος

182 2800 211 2822 1.
237 2787 430 2834 νενόσηκεν]
451 2790 601 2832 νενόηκεν
619 2787 711 2822 Edd.
729 2787 847 2822 invitis
865 2787 958 2822 B.D.
970 2787 1006 2821 b.
1299 2801 1332 2831 4.
1358 2788 1452 2834 λέγει
1470 2790 1481 2833 (
1505 2807 1533 2817 =
1553 2791 1654 2837 λέγῃ)
1671 2791 1705 2826 b.

132 2836 164 2869 8.
192 2836 227 2869 δὲ
246 2842 326 2880 post
344 2837 488 2879 σκληροὶ
506 2835 585 2869 add.
605 2834 696 2868 Edd.
985 2845 1037 2868 12.
1064 2835 1146 2869 ὡσεὶ
1167 2835 1257 2869 B.D.
1279 2837 1390 2881 (153.)
1409 2837 1452 2872 ὡς
1470 2837 1561 2872 Edd.
1581 2839 1706 2880 (A.V.)

137 2893 188 2926 13.
215 2882 392 2926 ἐπορεύετο
410 2894 472 2926 pro
489 2881 720 2926 ἐπορεύθησαν
739 2881 775 2914 F.
796 2882 868 2922 (42,
888 2880 982 2923 240.)
1332 2894 1382 2925 14.
1407 2883 1638 2929 πορεύσωνται
1661 2885 1705 2919 D.

137 2939 188 2972 15.
214 2932 253 2972 τῇ
273 2941 343 2964 om.
364 2929 399 2963 F.
421 2929 510 2962 Edd.
705 2928 755 2961 18.
783 2928 841 2961 ὡδὶ
861 2940 930 2961 om.
951 2928 996 2961 D.

190 2997 280 3025 VOL.
305 2999 331 3025 1.
882 2997 903 3022 Y
