2021 3434
117 179 204 221 viii.
230 193 295 231 11,
322 193 385 224 12.
572 181 647 222 IN
697 182 891 224 AMOS.
951 182 1099 223 TOM.
1140 181 1216 222 IV.
1611 182 1690 221 521

117 295 195 340 καὶ
224 289 318 345 τοὺς
344 294 438 358 μετ’
467 294 597 344 αὐτοῦ
635 295 691 348 ὡς
731 293 884 360 ἡμέραν
923 289 1079 353 ὀθόνης.
1138 290 1468 357 σταυρωθέντα
1494 288 1586 356 γὰρ
1611 289 1694 341 τὸν

112 370 300 434 Ἰησοῦν
323 373 588 437 ἐπένθησαν
614 378 656 425 οἱ
684 374 1054 437 πεπιστευκότες,
1081 374 1249 439 γύναια
1274 372 1322 423 δὲ
1348 372 1693 438 κατοιμώζοντα

111 453 344 518 μακρόθεν
368 455 582 520 εἱστήκει,
606 455 773 522 Μαριά
797 479 846 507 τε
872 457 899 520 ἡ
923 455 1226 522 Μαγδαληνὴ
1254 457 1328 506 καὶ
1355 455 1520 520 Μαρία
1545 453 1692 505 πάλιν
1751 456 1901 540 ἓνῦἱζῢ

111 535 139 598 ἡ
180 536 408 597 Ἰακώβου
454 539 533 588 καί
569 561 688 591 τινες
726 537 774 589 δὲ
818 539 967 604 ἕτεραι
1012 537 1104 588 σὺν
1145 538 1320 590 αὐταῖς·
1372 538 1446 587 καὶ
1491 534 1608 599 αὐτὴ
1643 534 1692 586 δὲ

69 616 139 680 5ἦ
177 617 328 672 κτίσις
366 617 448 670 τὸν
484 619 646 683 ἑαυτῆς
690 620 865 671 ἐπένθει
912 620 1181 683 Δεσπότην.
1251 620 1275 669 ὁ
1311 616 1394 682 μὲν
1430 617 1523 684 γὰρ
1561 618 1694 682 ἥλιος

110 700 382 766 ε’σκοτίζετο,
411 700 736 767 διεῤῥήγνυντο
774 701 822 752 δὲ
861 703 934 752 καὶ
971 701 1147 767 πέτραι,
1175 702 1250 751 καὶ
1288 698 1426 754 αὐτὸς
1460 698 1508 749 δὲ
1534 699 1559 749 ὁ
1584 698 1692 752 ναὸς

109 782 163 834 τὸ
203 788 296 835 τῶν
329 785 624 836 πενθούντων
651 786 900 851 ἐπλήρωσε
938 788 1120 852 σχῆμα,
1148 783 1572 851 περιρρηγνυμένου
1608 788 1691 833 τοῦ
1750 788 1913 871 ΞΧῙζῙΙῖῖὲῗ·.

562 866 700 917 ((ἁπὸ
735 867 911 918 ἄνωθεν
946 867 1028 920 ἕως
1068 865 1239 916 κάτω.”
1287 867 1367 916 καί
1401 889 1446 916 τι
1481 870 1691 915 τοιοῦτον

109 867 531 930 καταπετάσματος

109 947 422 1012 ὑπεσήμαινεν
452 949 562 1012 ἡμῖν
598 949 622 998 ὁ
659 948 777 1001 Θεὸς
816 947 891 999 διὰ
929 951 1088 1016 φωνῆς
1113 946 1321 998 “Hoalov
1358 947 1513 1011 λέγων
1548 953 1573 976 “
1596 948 1689 997 Καὶ
1706 955 1733 996 b
1750 953 1805 984 Es.
1824 953 1845 984 l.
1865 962 1894 994 3-

43 1047 89 1072 10
110 1036 135 1058 ‘⁶
158 1030 338 1080 ἐνδύσω
376 1030 458 1081 τὸν
496 1029 693 1095 οὐρανὸν
732 1029 917 1092 σκότος,
962 1033 1036 1080 καὶ
1074 1028 1210 1092 θήσω
1249 1028 1429 1079 σάκκον
1470 1027 1524 1079 τὸ
1562 1051 1690 1094 περι·

108 1118 134 1140 “
159 1111 357 1171 βόλαιον
398 1113 580 1164 αὖτοῦ.”
646 1112 808 1177 γέγονε
857 1112 1011 1162 τοίνυν
1056 1110 1110 1162 τὸ
1151 1110 1221 1162 ἐπ’
1262 1112 1386 1179 αὐτῷ
1435 1109 1583 1165 πένθος
1634 1113 1690 1166 ὡς

107 1195 359 1258 ἀγαπητοῦ.
426 1193 647 1244 τέθεινται
687 1193 734 1244 δὲ
773 1194 848 1244 καὶ
887 1197 929 1244 οἱ
967 1197 1062 1261 μετ’
1089 1195 1230 1255 αὐτοῦ,
1257 1192 1499 1244 τουτέστιν
1525 1196 1566 1243 οἱ
1597 1216 1689 1256 μα-

106 1276 256 1338 θηταὶ,
303 1280 362 1330 εἷς·
401 1274 556 1345 ἑμέραν
600 1273 757 1336 ὀθόνης.
826 1275 896 1327 ὅτι
941 1275 1034 1342 γὰρ
1075 1277 1149 1326 καὶ
1195 1276 1324 1326 αὐτοὶ
1362 1274 1690 1340 τεθρηνήκασι,

104 1360 202 1410 πῶς
241 1359 372 1408 ἐστιν
411 1357 771 1425 ἀμφιβάλλεινς
812 1358 860 1408 ἐν
895 1357 1078 1412 ὀδύναις
1113 1356 1206 1423 γὰρ
1245 1357 1380 1408 οὖσιν
1415 1356 1691 1423 ἀπήγγελον

40 1452 85 1490 15
105 1440 151 1488 αἱ
188 1443 401 1503 γυναῖκες
433 1437 519 1503 τὴν
553 1438 821 1490 ἀνάστασιν
859 1444 942 1490 τοῦ
967 1443 1196 1505 Χριστοῦ·
1237 1437 1342 1489 τότε
1377 1438 1434 1503 δὴ
1472 1439 1578 1490 τότε
1613 1441 1690 1490 καὶ

104 1520 441 1575 άνανεύσαντες
474 1520 627 1584 μόλις,
653 1521 843 1589 ἔτρεχον
868 1523 942 1573 ἐπὶ
967 1520 1020 1573 τὸ
1047 1525 1286 1585 μνημεῖον.
1347 1523 1423 1571 καὶ
1449 1521 1572 1588 τάχα
1595 1544 1689 1572 που

102 1602 220 1668 πρὸς
256 1605 456 1654 ταυτασὶ
494 1602 577 1657 τὰς
614 1602 699 1667 τὴν
729 1602 996 1654 ἀνάστασιν
1021 1602 1433 1669 εὐαγγελιζομένας
1468 1607 1688 1669 γυναῖκας

103 1684 128 1734 ὁ
166 1683 413 1754 προφήτης
452 1687 603 1753 φησιν
645 1685 852 1739 Ησαΐας
891 1688 939 1737 ἐν
975 1685 1204 1749 πνεύματι
1243 1692 1269 1714 “
1291 1689 1510 1739 Γυναῖκες
1548 1684 1682 1752 ἐρχό-
1749 1688 1908 1763 {if-‘⁸⁸5³-

120 1773 288 1829 ίμεναι
314 1767 406 1819 άπο
431 1768 550 1830 θέας,
577 1770 718 1819 δεῦτε
758 1769 812 1819 οὐ
838 1766 931 1834 γὰρ
958 1766 1073 1822 λαός
1100 1769 1203 1818 ἐστι
1233 1767 1428 1818 σύνεσιν
1454 1787 1588 1834 εχων·
1661 1769 1686 1819 ὁ
1704 1789 1726 1815 e

36 1868 85 1892 20
103 1853 197 1900 τῶν
227 1851 462 1901 Ἰουδαίων
500 1849 736 1914 δηλονότι·
777 1850 897 1901 (ςδιὰ
934 1856 1072 1901 τοῦτο
1105 1850 1159 1900 οὐ
1196 1849 1261 1914 μὴ
1294 1849 1559 1917 οἱκτειρήσῃ
1597 1850 1681 1900 αὐ-

103 1938 130 1960 “
157 1936 252 1985 τοῖς
303 1933 328 1982 ὁ
374 1930 577 1996 ποιήσας
628 1930 806 1995 αὐτοὺς,
858 1933 933 1983 καὶ
983 1933 1007 1982 ὁ
1057 1930 1252 1985 πλάσας
1302 1932 1466 1985 αὐτοὺς
1519 1933 1571 1983 οὐ
1615 1931 1681 1996 μὴ

104 2020 129 2042 “
155 2011 354 2081 ἐλεήσῃ”
396 2015 559 2081 φησίν.

96 2241 206 2282 Ἰδοὺ
246 2241 400 2297 ἡμέραι
435 2242 642 2298 ἔρχονται,
679 2243 788 2290 λετ-ει
832 2242 993 2299 Κύριος,
1032 2244 1099 2284 καὶ
1138 2243 1416 2286 ἐξαποστελῶ
1454 2245 1575 2292 λιμὸν
1613 2245 1682 2286 ὲῐτὶ
1707 2263 1749 2288 11

167 2324 244 2365 τιὶιν
282 2329 366 2375 Γῆν,
394 2324 440 2364 οὐ
480 2325 602 2372 λιμὸν
634 2325 763 2381 α”ρτου
802 2326 899 2366 οὐδὲ
938 2326 1065 2376 δίψαν
1104 2326 1270 2377 ὕδατος,
1304 2327 1414 2366 ἀλλὰ
1453 2328 1574 2375 λιμὸν
1611 2330 1684 2368 τοῦ

35 2411 83 2451 25
169 2407 343 2449 ἀκοῦσαι
369 2408 491 2454 λόΓον
515 2407 674 2463 Κυρίου.
726 2408 793 2448 καὶ
820 2410 1156 2451 σαλευθήσονται
1183 2409 1314 2450 ὕδατα
1342 2411 1425 2449 ἕως
1452 2410 1680 2461 θαλασσΗε,
1705 2432 1750 2456 12

149 2566 182 2600 3.
210 2555 307 2589 Haec
326 2556 439 2601 Μαρία
456 2557 604 2591 τε-σὺν
620 2557 734 2593 αὐταῖς
752 2565 972 2593 accesserunt
989 2571 1029 2593 ex
1047 2559 1139 2593 A.B.
1452 2572 1485 2602 4.
1512 2559 1530 2603 ἡ
1548 2571 1618 2596 om.
1636 2561 1681 2596 A.

103 2611 135 2646 5.
154 2602 267 2636 πενθεῖ
279 2603 315 2637 b.
410 2602 443 2636 6.
461 2604 514 2637 καὶ
532 2604 627 2647 prius
646 2611 867 2649 assumptum
885 2617 926 2639 ex
940 2605 1031 2639 AB.
1131 2616 1183 2640 10.
1203 2607 1324 2641 σκότος
1341 2610 1564 2651 assumptum
1578 2619 1620 2641 ex
1634 2608 1680 2643 A.

103 2649 188 2683 Nik.
207 2649 243 2682 in
263 2649 298 2682 S.
318 2649 402 2683 Luc.
421 2649 516 2683 deest
532 2651 568 2684 in
587 2650 629 2684 Β.
808 2662 860 2694 14.
887 2652 1096 2697 ἀμφιβαλεῖν
1114 2653 1157 2686 A.
1350 2662 1402 2697 15.
1430 2653 1508 2687 Hoc
1527 2655 1603 2687 τότε
1621 2655 1680 2688 alt.

103 2701 324 2740 assumptum
342 2708 382 2729 ex
400 2697 443 2730 A.
449 2696 491 2731 Β.
776 2707 828 2742 17.
854 2698 976 2733 ταύτης
992 2699 1037 2732 A.
1322 2700 1375 2733 18.
1406 2700 1484 2734 Hoc
1501 2700 1680 2745 προφήτης

102 2749 324 2786 assumptum
342 2755 384 2777 ex
401 2744 443 2777 A.
449 2743 490 2778 B.
542 2743 666 2778 Statim
683 2744 815 2789 φησὶν“
820 2744 953 2780 Ησαΐας
970 2745 1036 2779 hoc
1053 2744 1174 2779 ordine
1193 2745 1235 2780 B.
1480 2757 1535 2781 20.
1560 2748 1679 2781 οἰκτει-

101 2788 200 2833 ρὴσει
217 2789 260 2823 Α.
523 2801 578 2825 21.
607 2791 703 2826 Haec
721 2792 774 2825 καὶ
792 2793 809 2824 ὁ
826 2791 1136 2836 πλάσας-ἐλεήσῃ
1155 2792 1264 2837 φησιν
1281 2800 1502 2827 accesserunt
1519 2806 1559 2827 ex
1579 2794 1679 2828 Β.οὐ

102 2836 146 2879 μὴ
165 2835 301 2879 ἐλεήσει
317 2836 408 2880 φησί
424 2837 467 2872 A.
777 2849 831 2880 24.
856 2839 958 2882 ι’ίρτου
975 2839 1018 2872 A.
1024 2839 1064 2872 Β.
1084 2840 1198 2882 (Alex.
1218 2839 1303 2873 XII.
1309 2840 1352 2882 )'
1338 2839 1379 2883 ‹1'p
1382 2855 1446 2873 των
1465 2839 1556 2874 Edd.
1575 2840 1678 2885 (Vat.

102 2882 177 2916 XII
196 2882 388 2927 suprascr.)
696 2893 750 2929 25.
776 2884 933 2930 ἄκουσαι]
958 2890 994 2925 -1-
1015 2887 1073 2919 τὸν
1091 2885 1182 2920 Edd.
1201 2885 1253 2940 (J
1256 2892 1299 2920 at.
1306 2885 1322 2930 )
1359 2853 1620 2930 ρσαλευθήσεται
1640 2887 1678 2922 F.

103 2928 242 2974 (Alex.)
290 2929 410 2976 ὕδατα]
434 2934 471 2970 -1-
492 2930 557 2965 ἀπὸ
580 2931 759 2975 θαλάσσης
778 2931 815 2966 F.
834 2932 926 2967 Edd.
945 2932 1072 2977 (XII.)
1093 2932 1175 2979 [ἀπὸ
1193 2933 1251 2976 τῆς
1270 2933 1449 2977 θαλάσσης
1466 2933 1565 2980 Vat.]
1592 2934 1677 2970 haec

104 2976 208 3010 verba
225 2988 294 3011 om.
313 2978 355 3011 A.
362 2977 402 3012 Β.
422 2978 536 3021 (Alex.
542 2979 554 3022 )

160 3043 303 3072 VOL.1.
860 3047 933 3088 3x
