2021 3434
315 210 400 249 360
714 212 763 252 Β.
807 212 1077 253 CYRILLI
1119 213 1493 254 ALEXANDR.
1733 214 1792 254 iii.
1824 214 1883 253 18.

314 321 389 369 καὶ
427 319 794 374 πεπιστευκότας
836 321 905 372 ὅτι
939 322 1059 376 Θεὸς
1097 325 1144 373 ἐν
1178 324 1331 377 αὐτοῖς
1369 322 1444 374 διὰ
1481 329 1563 373 τοῦ
1599 323 1883 385 Πνεύματος·

91 401 175 483 {Ph
194 401 237 432 5³¹·
313 405 518 450 κατοικεῖ
539 399 631 466 γὰρ
666 403 714 451 ἐν
748 407 847 456 ταῖς
873 405 1078 469 καρδίαις
1103 405 1234 467 ἡμῶν
1266 404 1339 455 διὰ
1371 407 1452 468 τῆς
1483 405 1700 467 πίστεως,
1727 407 1799 455 καὶ
1826 406 1886 456 ὡς

94 488 148 518 15
154 488 252 518 J0a1¹
313 482 338 530 ὁ
375 482 734 547 Εὐαγγελιστὴς
763 483 980 548 Ἰωάννης
1019 488 1182 552 φησὶν,
1223 493 1250 515 “
1268 487 1353 537 Ἐκ
1392 486 1557 537 τούτου
1594 486 1888 551 γινώσκομεν

89 532 133 563 iii.
156 541 205 571 24.

313 569 338 591 ‘⁶
366 562 436 613 ὅτι
481 565 526 614 ἐν
574 564 681 627 ἡμῖν
720 567 863 628 ἐστιν,
909 568 958 617 ἐκ
1002 574 1083 618 τοῦ
1127 568 1399 631 Πνεύματος
1437 569 1490 619 οὗ
1528 568 1695 618 ἔδωκεν
1731 567 1885 631 ἡμῖν.”

310 644 430 710 ἁγία
469 644 516 696 δε
555 647 672 697 κατὰ
711 647 764 698 τὸ
803 648 974 712 ἄληθες
1008 650 1036 713 ἡ
1065 649 1205 715 νοητή
1230 673 1322 701 που
1343 673 1530 704 παντως
1560 648 1928 746 Ιερουσαλὴμ,5

309 750 552 778 τουτεστιν
588 728 614 792 ἡ
649 730 928 794 Ἐκκλησια,
969 731 1078 782 ε”νθα
1112 731 1171 782 τὰ
1212 737 1306 783 τῶν
1347 732 1492 797 ἁγίων
1534 731 1765 796 τάγματα.
1835 733 1887 782 οὐ

89 825 162 856 Gal.
183 836 213 855 v.
267 824 294 864 d
311 832 402 875 γαρ
448 814 538 860 εἰσι
581 811 785 877 παροδος
833 817 1109 879 ἀλλογενῶν·
1151 821 1178 843 ⁴
1199 818 1262 865 Οἱ
1305 813 1394 880 γὰρ
1433 819 1513 864 τοῦ
1552 817 1767 880 Χριστοῦ
1804 811 1889 877 τὴν

314 899 340 921 “
366 891 523 958 σάρκα
566 894 875 960 ἐσταύρωσαν
916 895 1008 946 σὺν
1047 902 1143 950 τοῖς
1182 896 1431 961 παθήμασι
1473 897 1547 946 καὶ
1589 900 1688 949 ταῖς
1725 897 1885 946 ἐπιθυ·
2018 938 2021 970 1

313 981 341 1004 “
366 974 530 1036 μίαις·”
581 976 835 1041 μέμνηνται
886 977 933 1028 δὲ
983 977 1202 1044 λέγοντος
1256 980 1336 1030 καί
1391 1002 1513 1031 τινος
1576 982 1670 1028 τῶν
1719 981 1889 1045 σοφῶν

91 1074 216 1106 Eceles
313 1064 342 1086 ‘⁶
366 1055 484 1107 Ἐὰν
521 1064 700 1121 πνεῦμα
738 1066 820 1110 τοῦ
859 1060 1208 1128 ἐξουσιάζοντος
1240 1063 1395 1129 ἀναβῇ
1429 1062 1502 1112 ἐπὶ
1532 1060 1602 1123 σὲ,
1628 1061 1773 1111 τόπον
1798 1083 1890 1110 σου
1912 1083 1958 1108 10

89 1129 121 1150 X'
143 1130 174 1157 4'
312 1146 338 1168 ‘⁶
364 1137 429 1202 μὴ
493 1140 632 1208 ἀφῇς,
683 1141 753 1191 ὅτι
814 1141 927 1204 ἰἀμα
990 1143 1276 1194 καταπαύσει
1341 1144 1567 1209 ἁμαρτίας
1630 1141 1887 1209 μεγάλας.”

311 1223 513 1290 ἀσφαλῆ
552 1221 644 1288 γὰρ
683 1223 843 1291 ἔχουσι
885 1223 969 1288 τὴν
1012 1226 1220 1290 καρδίαν,
1256 1227 1308 1276 οὐ
1350 1224 1575 1289 βάσιμον,
1613 1226 1699 1292 οὐχ
1738 1224 1882 1289 ἱππή-

312 1309 460 1354 λατον
523 1309 618 1357 τοῖς
680 1305 957 1372 ἀκαθάρτοις
1006 1306 1284 1371 πνεύμασιν,
1337 1308 1390 1358 οὐ
1437 1312 1535 1360 ταῖς
1584 1312 1677 1358 τῶν
1723 1312 1890 1358 παθῶν

311 1391 614 1452 προσβολαῖς
651 1387 866 1439 εἴκουσαν
904 1389 1121 1452 εὐκόλως,
1162 1391 1214 1440 οὐ
1257 1394 1358 1444 ταῖς
1407 1393 1500 1440 τῶν
1538 1390 1888 1455 ἑτεροδιδασκα-

312 1467 523 1518 λούντων
549 1470 878 1538 ψευδοδοξιαις
908 1472 1285 1536 μεμολυσμένην,
1318 1472 1371 1523 οὐ
1404 1476 1653 1537 λογισμῶν
1690 1473 1887 1526 ἀπαταῖς
1910 1488 1956 1525 15

311 1550 676 1615 σεσαλευμενην·
718 1553 903 1618 εδραιαν
941 1552 988 1604 δε
1037 1558 1228 1617 μᾶλλον
1274 1577 1348 1605 και
1398 1559 1494 1608 τοῖς
1543 1556 1624 1618 τῆς
1669 1555 1888 1619 ἀληθείας

312 1632 548 1699 δόγμασιν
586 1634 635 1684 εὖ
671 1632 806 1698 μάλα
842 1658 1224 1702 πεπυργωμενην.

274 1831 296 1857 e

248 1878 293 1913 18
317 1869 390 1910 Καὶ
424 1870 541 1912 ἔσται
572 1871 614 1911 ἐν
648 1876 698 1929 τῷ
738 1872 872 1930 ἡμέρᾳ
909 1871 1062 1930 ἐκείνῌ,
1099 1873 1387 1915 ἀποσταλάξει
1424 1872 1474 1913 τὰ
1518 1871 1595 1929 ὄρΗ
1638 1871 1888 1924 Γλυκασμὸν,

381 1951 449 1993 καὶ
492 1951 529 1993 οἷ
574 1954 713 2004 βουνοί
755 1955 981 2012 ῥυήσονται
1023 1955 1144 2006 Γάλα,
1188 1956 1255 1996 καὶ
1298 1959 1430 1997 Πᾶσαι
1468 1953 1508 1996 αἰ
1546 1955 1719 2011 ἀφέσεις
1748 1955 1888 1996 Ἰούδα

382 2037 609 2092 ῥυήσονται
647 2037 793 2088 ὕδατα,
833 2037 901 2078 καί
937 2039 1047 2085 nus&
1087 2037 1131 2079 ἐξ
1170 2035 1289 2078 οἷ’κου
1330 2037 1477 2094 Κυρίου
1515 2039 1782 2081 ἐξελεύσεται
1820 2038 1959 2079 καὶκο
1998 2046 2002 2093 ,ἑ

379 2119 516 2163 Ποτιεῖ
541 2121 614 2164 τὸν
641 2122 893 2179 χειμάῤῥουν
920 2123 1005 2164 τῶν
1033 2122 1226 2178 σχοίνων.
1997 2130 2001 2173 ξ

385 2238 796 2306 Ἀναδεδειγμένης
835 2242 970 2306 ἁγίας
1014 2244 1095 2305 τῆς
1135 2240 1460 2307 Ἰερουσαλὴμ,
1502 2242 1577 2291 καὶ
1619 2241 1702 2291 οὐκ
1744 2241 1889 2304 οὔσης

311 2321 378 2373 ε”τι
418 2326 567 2387 βατῆς
611 2328 706 2378 τοῖς
750 2323 1047 2388 ἀλλογενέσι,
1093 2322 1168 2375 διά
1211 2347 1282 2374 τοι
1332 2321 1386 2374 τὸ
1432 2327 1797 2386 κατασκηνῶσαι
1841 2325 1889 2373 ἐν
1992 2346 1996 2382 ς

312 2405 429 2472 αὐτῇ
460 2403 541 2456 τὸν
582 2409 675 2456 τῶν
716 2405 842 2457 ὅλων
879 2406 1066 2472 Κύριον,
1105 2406 1369 2473 φείσασθαί
1403 2429 1452 2457 τε
1489 2411 1571 2456 τοῦ
1606 2405 1720 2456 ἰδίου
1754 2411 1886 2468 λαοῦ,

313 2490 388 2540 καὶ
420 2489 706 2558 κατισχύσαι
748 2490 832 2554 μὲν
873 2489 1026 2553 αὐτὸν,
1061 2492 1301 2559 ἀποφῆναι
1333 2490 1380 2541 δὲ
1414 2491 1488 2541 καὶ
1525 2494 1619 2540 τῶν
1657 2491 1885 2555 ἀνθεστη-
1908 2512 1956 2548 25
1989 2520 1994 2546 1

314 2570 462 2623 κότων
490 2572 673 2636 ἀμείνω,
699 2572 803 2624 τότε
839 2572 895 2637 δὴ
929 2571 1033 2624 τότε
1070 2571 1128 2624 rgo
1165 2572 1249 2635 μὲν
1281 2574 1344 2643 ὅρη
1380 2573 1652 2641 γλυκασμὶν
1677 2576 1888 2624 ἀποστα-

366 2744 396 2767 1.
423 2732 491 2778 ὅτι]
512 2738 547 2775 —l—
564 2735 582 2768 ὁ
600 2734 691 2769 Edd.
998 2747 1030 2770 2.
1056 2737 1099 2772 ὡς
1116 2742 1337 2782 assumptum
1354 2748 1395 2770 ex
1414 2736 1456 2771 B.
1750 2734 1782 2769 6
1809 2735 1888 2769 ἔνθα
1984 2742 1988 2782 ξ

316 2781 459 2814 accessit
476 2792 517 2814 ex
537 2781 578 2815 Β.
803 2791 833 2827 7.
860 2782 934 2817 ε’στι
952 2794 1015 2827 pro
1033 2783 1099 2818 εἶσι
1117 2783 1211 2818 Aub.
1412 2784 1445 2817 8.
1474 2781 1571 2816 Haec
1589 2781 1887 2825 σὺν-επιθυμίαις
1983 2795 1987 2824 ,Ι
2019 2749 2021 2820 ⁴

316 2834 533 2861 accesserunt
550 2840 591 2861 ex
610 2828 652 2862 Β.
801 2841 832 2874 9.
857 2844 1022 2873 μεμνημαι
1040 2829 1132 2864 Edd.
1297 2842 1348 2864 12.
1376 2829 1455 2875 οὐχ]
1475 2830 1513 2863 οὗ
1531 2827 1571 2863 δι’
1589 2828 1648 2862 iid.
1667 2828 1736 2863 οὐδ’
1753 2829 1885 2872 Migne.
1984 2839 1985 2849 ³
2020 2827 2021 2838 ¹

320 2882 384 2917 13-
391 2883 441 2915 15.
471 2874 566 2908 Haec
584 2875 622 2908 οὐ
639 2876 796 2911 ταῖς-οὐ
810 2877 1019 2922 λογισμῶν
1001 2879 1142 2912 απαταῖς
1159 2883 1376 2911 accesserunt
1392 2889 1434 2910 ex
1452 2877 1495 2910 B.
1647 2886 1702 2909 21.
1728 2875 1887 2921 σχοινίων
1980 2871 1985 2922 ζ
2019 2856 2021 2890 l

316 2917 353 2951 F.
373 2919 462 2953 Edd.
482 2920 557 2964 (91,
580 2933 656 2965 130,
674 2922 775 2967 311.)
997 2935 1052 2958 22.
1077 2922 1370 2969 Αναδεδειγμένης
1387 2923 1429 2957 Β.
1443 2923 1479 2957 b.
1496 2922 1775 2966 Ἀναὸειμαμενης
1791 2921 1882 2955 Edd.
1979 2950 1984 2978 ι

316 2974 370 3009 23.
398 2980 432 2999 τε
451 2978 512 3010 pro
529 2981 581 3001 τοι
599 2969 690 3002 Edd.
737 2969 1012 3020 κατασκηνῶσαι]
1033 2972 1262 3013 κατασκηνοῦν
1278 2971 1313 3005 b.
1422 2969 1476 3004 26.
1495 2971 1571 3003 τότε
1588 2969 1646 3003 alt.
1665 2976 1885 3013 assumptum
1980 2990 1982 2995 ·

314 3022 355 3044 ex
375 3011 415 3045 B.
430 3012 464 3046 b.
512 3015 709 3058 γλυκασμὸν
726 3015 957 3061 ἆποσταλάξει
977 3017 1018 3051 Β.
1033 3017 1067 3051 b.
1087 3018 1314 3061 σταλάξονται
1330 3018 1528 3062 γλυκασμὸν
1546 3015 1636 3050 Edd.
1977 3036 1982 3085 i
