2021 3434
303 186 386 224 150
696 188 745 228 B.
788 186 1063 227 CYRILLI
1105 187 1487 229 ALEXANDR.
1574 191 1627 230 vi.
1656 204 1718 240 10,
1742 191 1809 231 vii.
1840 203 1872 229 1.

299 294 505 354 ἐποίησαν
543 295 581 345 ἐν
619 300 679 364 τῷ
714 297 816 364 οἴκῳ
842 298 1049 364 Ἰσραήλ,
1088 297 1199 347 ποία
1236 299 1311 346 καὶ
1347 302 1428 347 νῦν
1462 299 1665 363 ὑβρίσθη
1697 303 1870 359 νεᾶνις,

298 377 361 427 εἷς
393 376 532 426 ποίαν
568 376 717 426 Δίναν
750 375 1024 445 ἐξήμαρτον,
1056 382 1167 428 ποῖα
1206 381 1456 440 Σικιμιτῶν
1493 378 1553 429 τὰ
1589 378 1873 444 ἐγκλήματα,

297 460 391 506 τῶν
434 456 744 520 τετιμηκότων
789 457 927 521 Θεὸν,
967 463 1060 510 τῶν
1100 459 1413 525 ἠγαπηκότων
1456 459 1510 511 τὸ
1554 460 1671 527 ὀρθὰ
1709 461 1876 512 λοιπὸν

297 536 490 588 ἑλέσθαι
529 542 731 607 φρονεῖν,
769 542 844 590 καὶ
879 541 1201 607 ἀποπεραίνειν
1242 543 1508 607 ἐπείγεσθαι
1545 541 1605 593 τὰ
1643 543 1691 593 ἐν
1729 542 1872 612 νόμῳ.

297 618 515 682 τεθέαμαι
557 621 726 685 τοίνυν,
765 624 903 690 φησὶ,
943 620 1295 693 φρικωδεστάτην
1327 623 1414 686 τὴν
1453 626 1544 676 ἐκεῖ
1578 631 1770 693 πορνείαν
1805 627 1916 679 τοῦ5

252 710 279 751 d
297 702 513 770 Ἐφραίμ.
601 706 923 770 καταπλαγείη
966 704 1058 772 γὰρ
1100 706 1158 756 ἄν
1200 729 1282 768 τις,
1324 709 1399 756 καὶ
1440 705 1633 774 σφόδρα
1676 705 1873 771 εἰκότως,

296 790 526 835 τοσοῦτον
571 786 692 851 ὁρῶν
735 786 1036 841 ἀπονενευκὸς
1070 790 1152 851 τῆς
1188 792 1249 841 εἰς
1282 787 1405 838 Θεὸν
1443 787 1628 854 ἀγάπης
1661 786 1714 840 τὸ
1753 788 1874 853 ἱερὸν

297 867 374 916 καὶ
413 865 676 919 ἀπόλεκτον
719 869 867 934 γε’νος,
911 872 972 922 ὡς
1020 868 1085 934 μὴ
1124 870 1268 933 μόνον
1318 869 1483 924 αὐτοὺς
1532 875 1626 921 τῶν
1669 871 1874 922 εἰδώλων

296 948 480 1014 εὑρετὰς
514 950 733 1015 γενέσθαι
767 957 862 1005 τοῖς
896 953 1077 1015 ἄλλοις,
1109 951 1239 1002 ἀλλὰ
1273 954 1349 1003 καὶ
1383 952 1656 1003 διακωλύειν
1694 953 1872 1017 αὐτοὺς,

294 1033 333 1080 εἰ
377 1032 568 1097 ἀγαπᾶν
609 1033 790 1085 ἕλοιντο
838 1033 897 1085 τὰ
946 1040 1029 1085 τοῦ
1077 1038 1216 1086 Θεοῦ.
1303 1036 1669 1102 καταμεμῖανται
1719 1036 1873 1087 τοίνυν
1896 1060 1943 1085 10

294 1117 445 1183 φησὶν
488 1115 669 1187 Ἰσραὴλ
716 1122 794 1169 καὶ
845 1116 1028 1173 Ἰούδας.
1097 1116 1220 1170 ὥστε
1262 1117 1348 1170 κᾶν
1387 1119 1430 1170 εἴ
1464 1141 1508 1169 τι
1546 1118 1738 1170 πάθοιεν
1779 1125 1874 1171 τῶν

291 1199 710 1264 προσδοκωμένων,
750 1201 1004 1267 ἐγκαλείτω
1042 1203 1199 1266 μηδεὶς
1237 1203 1574 1267 ἀγανακτοῦντι
1613 1205 1736 1271 Θεῷ.

252 1384 438 1442 θ”Αρχου
463 1390 617 1443 τρυΓᾱν
644 1389 810 1441 σεαυτῷ
834 1386 879 1428 ὲν
906 1389 967 1441 τῷ
991 1387 1264 1444 ἐπιστρέφειν
1295 1403 1346 1436 με
1377 1388 1454 1429 τὴν
1481 1385 1772 1443 αἰχμαλωσίαν
1798 1391 1872 1430 τοῦ

70 1468 170 1518 Κεφ.
190 1465 238 1516 ζ’.
358 1472 463 1510 λαοῦ
486 1485 578 1522 μου,
605 1470 649 1511 ἐν
675 1473 737 1525 τῷ
763 1468 905 1513 ἰᾶσθαί
930 1486 981 1520 με
1006 1471 1078 1513 τὸν
1098 1471 1284 1528 Ἰσραήλ.

355 1565 505 1619 ’Έστι
548 1568 694 1619 πάλιν
735 1570 759 1620 ὁ
804 1568 950 1634 λόγος
986 1567 1104 1635 πρὸς
1149 1568 1231 1620 τὸν
1272 1571 1352 1633 τῆς
1397 1568 1595 1620 Γαλαὰδ
1635 1567 1867 1635 οἰκήτορα.
1893 1595 1937 1633 15

290 1649 500 1701 διδάσκει
534 1649 595 1713 δὲ,
637 1650 706 1702 ὅτι
751 1649 842 1717 ἐγὼ
882 1650 967 1714 μὲν
1000 1651 1216 1720 ἠρξάμην
1254 1653 1314 1705 ὡς
1354 1650 1475 1704 Θεὸς
1517 1649 1672 1702 ἰᾶσθαί
1707 1673 1756 1701 τε
1795 1653 1869 1701 καὶ

291 1734 558 1802 ἐπιστρέφειν
609 1731 690 1784 τὸν
739 1732 957 1799 Ἰσραήλ.
1038 1735 1110 1784 καὶ
1162 1740 1278 1798 γοῦν
1330 1733 1587 1797 ἐπεθύμουν
1638 1737 1869 1796 Σικιμῖται

288 1813 458 1865 λοιπὸν
498 1815 743 1884 ὑποφέρειν
779 1819 886 1884 Θεῷ
927 1813 1009 1866 τὸν
1046 1815 1230 1884 αὐχένα,
1265 1817 1339 1866 καὶ
1376 1820 1528 1866 τελεῖν
1571 1815 1747 1882 ἑορτὰς,
1783 1814 1867 1870 τὰς

285 1895 372 1960 μὲν
408 1902 491 1948 τοῦ
524 1897 771 1963 Ἱεροβοάμ
809 1898 971 1961 οὐκέτι,
1007 1897 1090 1951 τὰς
1128 1897 1247 1949 κατὰ
1285 1897 1427 1961 νόμον
1465 1897 1514 1948 δὲ
1551 1903 1755 1961 μᾶλλον,
1790 1901 1866 1950 καὶ

285 1980 368 2042 τῆς
402 1980 484 2030 οὐκ
519 1977 601 2030 οἶδ’
640 1979 765 2033 ὅπως
801 1980 1110 2049 ἐξηυρημένης
1148 1980 1328 2044 ἀπάτης
1367 1982 1664 2047 ἀποδραμεῖν·
1715 1980 1780 2031 σὺ
1817 1980 1867 2033 δὲ
1887 2004 1935 2029 20
1989 1969 1993 2016 :'

67 2077 148 2111 105
163 2076 215 2111 A.
247 2059 464 2124 ειαύτοὺς,
496 2059 533 2111 ὦ
560 2065 847 2125 Γαλααδῖτα,
875 2065 1122 2130 μονονουχὶ
1161 2064 1236 2113 καὶ
1272 2063 1527 2129 ἀπέκειρας,
1559 2063 1660 2128 ἤτοι
1699 2064 1863 2131 τετρύ-

285 2165 445 2208 γηκας,
471 2146 546 2195 καὶ
568 2150 777 2196 πλοῦτον
805 2145 962 2196 ἄδικον
988 2145 1194 2210 ἐποιήσω
1232 2145 1291 2196 τὰ
1329 2144 1422 2196 ἀπὸ
1456 2147 1695 2214 λῃστείας.
1762 2148 1862 2198 ε’πι-

286 2229 435 2292 φωνεῖ
467 2225 516 2277 δὲ
553 2226 700 2278 πάλιν
737 2229 784 2278 ἐν
819 2227 920 2291 ἤθει
956 2226 1010 2278 τὸ
1048 2228 1185 2297 ἄρχου
1217 2230 1377 2294 τρυγῖιν
1410 2234 1592 2298 σεαυτῷ,
1619 2231 1866 2298 μονονουχὶ

283 2306 492 2359 τοιοῦτόν
535 2332 580 2359 τι
623 2309 789 2375 λέγων,
829 2314 1018 2373 μᾶλλον
1068 2309 1116 2360 δὲ
1166 2307 1253 2360 κᾶν
1292 2313 1328 2360 εἷ
1376 2308 1441 2374 μὴ
1490 2309 1636 2375 λε’γοι,
1680 2316 1864 2366 λεπτῶς

284 2390 601 2458 ὑπεμφαίνων,
632 2391 702 2442 ὅτι
740 2391 886 2458 Κάγὼ
922 2391 979 2442 σὲ
1012 2391 1271 2456 ποιήσομαι
1295 2396 1388 2443 τῶν
1420 2392 1741 2459 κολαζομένων
1777 2393 1863 2459 τὴν
1883 2413 1931 2452 25
1980 2387 1984 2431 Ῐ

283 2471 514 2540 ἀπαρχήν.
598 2473 855 2541 ἀρχόμενος
917 2473 1010 2539 γὰρ
1072 2475 1330 2540 ἀποκείρειν
1388 2473 1471 2525 τὸν
1520 2473 1736 2541 Ἰσραὴλ,
1786 2478 1862 2527 καὶ

283 2554 553 2620 ἀποτρυγᾶν
594 2555 702 2609 τοὺς
743 2559 825 2620 τῆς
867 2557 987 2606 οὕτω
1028 2559 1175 2619 δεινῆς
1213 2556 1513 2621 ἀνοσιότητος
1553 2557 1861 2621 ἐπιτηδευτάς,

237 2647 264 2687 b
283 2635 570 2699 πρωτόλειόν
592 2661 650 2688 σε
674 2637 931 2702 ποιήσομαι
956 2641 1038 2702 τῆς
1062 2640 1220 2704 ὀργῆς.
1285 2639 1446 2689 εἰδέναι
1478 2639 1571 2704 γὰρ
1597 2641 1861 2706 ἀναγκαῖον,

66 2725 222 2800 ἑῠΡπ-ν·
284 2715 354 2766 ὅτι
389 2719 568 2782 Φουλά,
599 2719 830 2780 βασιλεὺς
863 2719 1152 2787 Ἀσσυρίων,
1185 2722 1209 2771 ὁ
1247 2725 1430 2787 πρῶτος
1465 2721 1618 2772 ἐλθὼν
1656 2721 1775 2772 κατά
1811 2745 1861 2773 τε

330 2857 363 2890 3.
388 2847 426 2880 τὸ
445 2846 491 2881 D.
509 2849 549 2882 τὰ
568 2849 659 2884 Edd.
890 2863 924 2895 5.
949 2851 1039 2896 φησὶ
1056 2863 1125 2884 om.
1145 2851 1192 2884 D.
1427 2851 1460 2885 6.
1486 2851 1589 2887 ὅντως
1605 2863 1668 2895 pro
1686 2853 1725 2885 ἅν
1740 2867 1791 2888 τις
1809 2852 1856 2887 D.

285 2900 316 2936 7.
342 2892 513 2928 τοσούτων
530 2895 621 2930 Edd.
823 2909 874 2931 11.
903 2896 962 2931 κᾶν
981 2899 1026 2932 D.
1045 2899 1097 2931 καὶ
1116 2897 1207 2931 Edd.
1393 2909 1445 2940 14.
1472 2898 1588 2933 ἰᾶσθαί
1606 2898 1698 2933 B-D.
1719 2899 1778 2940 (26
1795 2900 1855 2942 al.)

283 2939 447 2973 ἰάσασθαί
464 2940 554 2974 Edd.
716 2944 767 2977 18.
794 2945 914 2978 λοιπὸν
934 2945 974 2978 B.
993 2945 1105 2979 λοιποὶ
1127 2944 1216 2979 Edd.
1367 2945 1420 2978 26.
1447 2945 1617 2990 ἀπαρχήν]
1637 2945 1744 2990 ἀρχὴν
1762 2945 1853 2981 Edd.

285 2996 339 3031 29.
367 2987 479 3020 Φουλὰ
499 2987 541 3021 D.
563 2987 692 3023 Φοῦλας
712 2989 802 3023 Edd.
