2021 3434
124 183 178 223 vi.
204 184 242 224 8.
596 185 665 225 IN
707 185 902 226 AMOS.
964 185 1113 226 TOM.
1158 184 1245 224 ΙΠ.
1618 181 1701 220 487

124 291 257 355 εἰκὸς,
293 292 369 343 διὰ
404 293 565 356 μέσων
599 294 748 362 ᾔεσαν
773 299 868 345 τῶν
898 298 1149 356 πλατειῶν,
1174 293 1333 344 ε”ννουν
1367 314 1411 341 τι
1437 291 1512 341 καὶ
1547 286 1706 355 σοφὸν

124 376 199 424 καὶ
244 374 340 425 οἷον
382 375 439 444 ἐξ
478 375 739 440 ἐπιστήμης
787 376 1232 444 ὑποχρεμετίζοντες·
1279 375 1461 436 ἕτοιμον
1503 370 1596 438 γὰρ
1638 371 1711 421 ἀεί

123 479 224 509 πως
254 455 308 506 τὸ
343 456 459 526 ζῷον
496 462 558 511 εἷς
592 458 769 521 εἴδησιν
794 459 1041 520 εὐκοσμίας
1068 460 1143 508 καὶ
1173 460 1256 521 τῆς
1287 457 1410 525 αὐτῷ
1435 452 1706 520 πρεπούσης

125 537 388 602 ἐπιστήμης
440 542 501 592 εἰς
543 539 834 606 παραδοχήν·
896 541 970 590 καὶ
1013 545 1150 590 τοῦτο
1192 538 1496 599 πεπαύσεται,
1541 535 1706 602 φησίν.

55 631 58 637 “
85 636 107 674 5
127 619 402 688 ἑξαρθήσεται
429 620 522 688 γὰρ
548 625 845 688 χρεμετισμὸς
884 621 929 690 ἐξ
960 621 1114 672 ἵππων
1138 621 1353 690 Ἐφραίμ.
1411 619 1570 681 ὅμοιον
1596 618 1708 667 ὡσεὶ
1726 621 1753 662 b

127 702 257 766 λε’γοι
286 702 590 753 Πεπαύσεται
623 706 705 766 τῆς
741 704 998 770 ἀγερωχίας
1032 707 1126 753 τῶν
1156 704 1204 753 ἐν
1231 701 1471 769 Σαμαρείᾳ
1507 698 1560 750 τὸ
1593 721 1710 764 προ-

127 782 297 848 κριτὸν,
351 783 674 852 καταλήξουσι
725 784 772 835 δὲ
824 786 899 835 καὶ
950 785 1037 851 οὐχ
1084 783 1261 836 ἑκόντες
1311 787 1394 833 τοῦ
1443 785 1711 848 περιφανεῖς

127 869 363 916 ποιεῖσθαι
407 865 491 919 τὰς
531 866 773 931 προόδους,
819 865 1269 932 ὑποχρεμετιζόντων
1313 865 1465 917 αὐτοῖς
1504 867 1598 913 τῶν
1635 862 1711 913 ἵπ-

127 970 244 1009 πων,
283 946 325 997 οῗ
369 953 604 1013 λαμπροῖς
655 947 889 1016 φαλάροις
941 946 1317 1009 κατεστεμμένοι,
1358 944 1442 996 τὸν
1484 944 1712 1008 ἐπιβάτην

65 1049 111 1073 10
129 1027 251 1095 τάχα
292 1052 384 1080 που
426 1031 500 1079 καὶ
542 1029 922 1095 ἐπιγινώσκουσι,
966 1028 1110 1092 μόνον
1151 1027 1198 1078 δὲ
1242 1029 1343 1094 οὐχὶ
1397 1029 1471 1077 καὶ
1516 1030 1710 1094 φυσῶσι

128 1134 263 1175 μεγα,
297 1109 474 1162 σεπτόν
507 1133 557 1161 τε
589 1113 664 1161 καὶ
702 1109 998 1179 ἀξιάγαστον
1032 1109 1359 1172 ἐπαναθέμενοι
1390 1107 1472 1159 τὸν
1507 1108 1706 1174 ἡνίοχον.

131 1192 242 1242 ἀλλ’
287 1192 357 1243 ὅτι
407 1215 462 1243 το
514 1191 676 1261 νήφειν
725 1198 821 1245 τοῖς
864 1191 1136 1257 ἡγουμένοις
1180 1190 1415 1259 ἀσφαλες,
1460 1189 1514 1240 τὸ
1565 1189 1714 1255 γεμὴν

132 1276 411 1325 ὑπτιουσθαι
451 1278 607 1342 φιλεῖν
646 1273 895 1340 ἐπιζήμιον,
922 1277 1168 1325 κάντεῦθεν
1200 1273 1256 1324 ἂν
1291 1274 1468 1336 μάθοις.
1532 1273 1600 1322 ἐπ’
1629 1272 1711 1321 αὐ-

131 1355 240 1410 τοὺς
272 1355 364 1422 γὰρ
400 1356 533 1407 ἔσται
572 1358 646 1407 καὶ
684 1355 777 1422 πρό
816 1379 870 1421 γε
909 1361 1003 1407 τῶν
1041 1356 1205 1407 ἄλλων
1243 1355 1301 1406 τὰ
1346 1355 1402 1424 ἐξ
1438 1356 1592 1420 ὀργῆς·
1640 1374 1755 1404 καιο

68 1458 114 1496 15
134 1437 322 1502 ἁπάσης
356 1437 439 1501 μὲν
477 1439 684 1492 εὐκλείας
719 1438 1092 1506 ἐξωσθήσονται,
1119 1440 1353 1488 κείσονται
1392 1436 1439 1487 δὲ
1476 1439 1551 1487 καὶ
1585 1437 1715 1487 αὐτοὶ

133 1525 228 1574 τοῖς
255 1521 420 1573 ἄλλοις
449 1521 578 1583 ὁμοῦ,
602 1520 769 1587 πικρόν
794 1543 838 1570 τι
874 1522 948 1571 καὶ
983 1520 1216 1587 δυσαχθές
1245 1520 1426 1587 ἔχοντες
1461 1524 1615 1584 κρῖμα,
1642 1521 1717 1569 καὶ

136 1602 206 1654 ὅτι
240 1601 303 1666 μὴ
339 1603 483 1665 μόνον
508 1601 694 1656 ἑαυτοὺς
731 1602 1081 1664 ἀπολωλέκασι,
1108 1602 1410 1665 προσέθεσαν
1435 1599 1482 1651 δὲ
1515 1604 1589 1652 καὶ
1620 1601 1714 1652 ἑτέ-

136 1708 244 1751 ρους
269 1690 367 1738 ταῖς
391 1686 566 1736 ἑαυτῶν
591 1685 912 1750 παρανομίαις,
939 1683 1340 1750 ἀπολογήσονται.

131 1921 229 1963 “On
255 1922 399 1970 ὤμοσε
429 1921 574 1978 Κύριος
610 1922 699 1963 καθ’
733 1922 885 1963 ἑαυτοῦ
918 1921 1025 1963 διότι
1057 1920 1340 1971 βδελύσσομαι
1365 1920 1450 1967 <ln-0¹0
1476 1922 1615 1961 Πᾶσαν
1642 1919 1718 1959 τὴν
1738 1924 1760 1959 8

71 2031 121 2054 20
206 2008 322 2064 ὕβριν
341 2006 510 2057 Ἰακὼβ,
538 2006 607 2047 Καὶ
631 2006 707 2047 τὰς
733 2005 875 2062 χώρας
903 2005 1031 2047 αὐτοῦ
1055 2004 1280 2054 μεμίσΗκα.

213 2120 285 2172 Τὸ
324 2118 605 2184 ἀμετάθετον
635 2123 717 2183 τῆς
752 2120 893 2186 ὀργῆς
933 2120 1196 2187 ἀποφαίνει,
1231 2117 1405 2172 δεικνὺς
1444 2116 1767 2180 ὂμωμοκόταᾶ

142 2203 279 2266 Θεὸν,
306 2205 368 2256 ὡς
398 2202 465 2266 εἵη
497 2200 762 2270 μεμισηκὼς
795 2202 865 2261 τὴν
891 2201 1006 2271 ὕβριν
1033 2206 1115 2252 τοῦ
1139 2203 1328 2260 Ἰακώβ.
1395 2201 1469 2250 καὶ
1495 2201 1547 2250 οὐ
1574 2198 1724 2264 δήπου

142 2284 297 2353 φαμὲν
333 2284 402 2335 ὅτι
434 2290 515 2334 τοῦ
547 2282 844 2349 προπάτορος
879 2283 1010 2347 ἡμῶν
1032 2281 1206 2342 Ἰακὼβ
1240 2283 1264 2332 ὁ
1297 2287 1414 2334 θεῖος
1446 2282 1555 2345 ἡμῖν
1581 2280 1725 2347 λόγος

141 2372 336 2418 ποιεῖται
372 2364 673 2432 κατάῤῥησιν·
714 2368 878 2433 κομιδῇ
917 2364 1010 2431 γὰρ
1049 2366 1206 2428 εὐήθες
1243 2363 1297 2414 τὸ
1335 2367 1443 2431 τῇδε
1484 2368 1616 2425 νοεῖν,
1655 2363 1726 2413 ὅτι

77 2476 123 2514 25
144 2452 219 2500 καὶ
244 2448 464 2514 ἠγάπησε
499 2447 579 2498 τὸν
605 2446 779 2508 Ἰακὼβ
813 2449 862 2497 ἐκ
900 2446 1092 2512 μήτρας,
1123 2448 1196 2496 καὶ
1235 2445 1496 2496 ἀπόλεκτον
1533 2447 1726 2496 ἐποιεῖτο

145 2533 220 2581 καὶ
257 2532 306 2580 ἐν
344 2529 561 2594 ἐμβρύοις
599 2529 712 2580 ὄντα
751 2528 886 2582 &⁶65-
928 2527 1103 2587 Ἰακὼβ
1137 2528 1186 2578 δὲ
1223 2527 1369 2578 πάλιν
1395 2529 1517 2596 φησὶ
1541 2527 1648 2580 τοὺς
1674 2527 1732 2596 ἐξ

193 2675 226 2705 4.
251 2662 298 2696 εἷς
315 2665 534 2704 assumptum
554 2672 595 2693 ex
613 2660 657 2693 A.
972 2668 1005 2703 5.
1031 2656 1113 2703 γὰρ]
1138 2662 1175 2697 -4-
1196 2659 1286 2702 φησι
1305 2658 1397 2692 Edd.
1415 2659 1532 2693 invitis
1552 2659 1594 2693 A.
1600 2659 1641 2693 B.
1691 2660 1729 2705 ἐξ

146 2708 256 2744 ἵππων
273 2708 317 2741 A.
324 2707 362 2741 Β.
384 2721 492 2741 ιππων
509 2706 546 2749 εξ
565 2706 656 2739 Edd.
674 2706 711 2748 ἐξ
729 2717 798 2739 orn.
813 2705 848 2739 b.
1058 2704 1090 2738 6.
1118 2705 1336 2739 Πεπαὺσεται
1353 2708 1411 2749 τῆς
1427 2706 1483 2751 ἀγ.
1502 2709 1567 2740 τῶν
1583 2707 1618 2740 ἐν
1635 2712 1670 2741 Σ.
1689 2709 1728 2741 τὸ

146 2756 330 2801 προκριτὸν
350 2753 389 2786 Β.
406 2752 637 2787 πεπαίσονται
655 2754 712 2796 τῆς
729 2752 783 2797 ἀγ.
801 2756 868 2786 τῶν
884 2751 918 2785 ἐν
936 2756 971 2784 Σ.
990 2752 1115 2785 πολλοὶ
1134 2751 1225 2785 Edd.
1415 2753 1447 2786 8.
1473 2754 1666 2796 προσόδους
1683 2755 1729 2834 Ag

148 2815 181 2848 9.
208 2800 416 2844 ἐμβάτηνΑ.
593 2810 645 2833 10.
672 2800 707 2832 δὲ
725 2805 944 2843 assumptum
965 2810 1004 2831 ex
1024 2799 1066 2831 A.
1074 2798 1114 2831 Β.
1164 2799 1218 2831 καὶ
1235 2798 1293 2832 alt.
1313 2810 1382 2833 om.
1401 2799 1445 2834 A.
1629 2812 1682 2846 13.

148 2861 212 2895 pro
230 2847 269 2882 ἂν
286 2850 328 2881 Α.
548 2856 600 2888 13.
631 2845 725 2879 Haec
745 2846 779 2879 δέ
799 2846 851 2878 καὶ
869 2857 905 2878 as
899 2852 1048 2901 sumgta
1061 2857 1102 2878 ex
1120 2844 1163 2878 A.
1171 2844 1213 2878 Β.
1423 2845 1475 2880 16.
1502 2847 1538 2880 δὲ
1555 2859 1618 2892 pro
1635 2862 1667 2881 τι
1684 2816 1729 2882 Aa}

136 2907 207 2956 ,23.
234 2891 457 2937 Assumpta‘
442 2895 533 2936 ημῶν
550 2904 590 2926 ex
611 2892 651 2925 Β
672 2893 759 2927 θεῖος
776 2904 817 2925 ex
836 2892 878 2925 A.
886 2891 926 2925 Β.
946 2891 1022 2934 ἧμιν
1039 2903 1080 2924 ex
1098 2892 1140 2926 A.
1474 2904 1527 2936 24.
1553 2894 1650 2929 εὐθὺς
1667 2907 1730 2939 pro

150 2943 265 2986 εὔηθες
282 2942 324 2975 A.
517 2938 570 2973 26.
598 2939 632 2973 ἐν
649 2938 807 2983 εμβρύοις
826 2938 991 2983 (ἐμβρίοις
1009 2940 1051 2972 A
1057 2940 1068 2981 )
1087 2938 1130 2972 A.
1136 2938 1177 2972 B.
1196 2938 1343 2983 ἔμβρυον
1362 2938 1452 2973 Edd.
1513 2940 1591 2975 ἀλλ’
1610 2940 1732 2982 Ἰακὼβ

151 3001 215 3035 pro
231 2989 351 3028 Ιιικὼβ
369 2986 403 3021 δέ
423 2985 464 3020 Β.
