2021 3434
311 209 394 249 586
700 209 747 248 B.
787 205 1061 248 CYRILLI
1107 203 1484 245 ALEXANDR.
1700 200 1756 240 iii.
1781 211 1818 253 3,
1841 210 1878 249 4.

92 328 247 412 {uffan
313 325 339 348 “
365 317 633 382 θαλάσσης,
660 318 708 368 ἐν
735 315 783 367 δὲ
813 316 992 384 ἰ’χνεσιν
1018 313 1241 377 ἀβύσσου
1276 309 1664 379 περιεπάτησεν.”
1720 307 1797 359 ε”δυ
1836 305 1884 357 δὲ

115 396 123 408 ’
159 396 166 403 ’
312 399 474 466 ὥσπερ
511 403 573 454 εἰς
608 398 823 467 σχισμᾶς
860 397 1016 466 ὀρέων,
1057 400 1132 448 καὶ
1173 395 1490 458 καταβέβηκεν
1528 396 1589 445 εἰς
1633 393 1735 457 γῆν,
1759 389 1813 454 ἧς
1844 391 1886 439 οἱ

275 511 296 537 c
313 484 483 549 μοχλοὶ
508 483 649 545 αὐτῆς
674 480 862 548 κάτοχοι
887 479 1072 531 αἰώνιοι.
1127 477 1224 529 εἶτα
1249 475 1518 528 σκυλεύσας
1542 473 1624 525 τὸν
1650 470 1783 541 ᾅδην,
1813 471 1887 520 καὶ

312 568 409 618 τοῖς
445 566 592 615 ἐκεῖσε
630 562 907 631 διακηρύξας
942 560 1194 625 πνεύμασι,
1225 561 1300 611 καὶ
1333 557 1416 612 τὰς
1453 554 1695 620 ἀκινήτους
1731 551 1887 604 πύλας

313 647 452 708 ἀνεὶς,
476 645 646 707 ἀνεβίω
671 645 830 696 πάλιν.
882 644 1143 707 ἀναβέβηκε
1169 640 1261 708 γὰρ
1282 643 1331 692 ἐκ
1355 643 1536 709 φθορᾶς
1561 638 1589 702 ἡ
1616 634 1706 703 ζωὴ
1731 635 1886 696 αὐτοῦ,
1907 648 1928 687 5

314 725 453 796 ὤφθη
493 726 541 779 δὲ
581 728 700 778 οὕτω
737 730 812 778 καὶ
849 725 942 793 πρό
982 748 1037 792 γε
1078 729 1173 775 τῶν
1211 724 1377 774 ἄλλων
1413 725 1513 774 ταῖς
1556 721 1604 770 ἐν
1646 721 1712 787 τῷ
1752 714 1886 783 κήπῳ

93 816 250 901 {213ss-
314 808 559 875 ζητούσαις
598 809 737 860 αὐτὸν
762 807 990 876 γυναιξίν.
1056 804 1154 858 εἶτα
1179 803 1233 857 τὸ
1264 805 1439 872 χαίρειν
1464 801 1617 862 εἰπὼν,
1643 796 1888 863 ἀπαγγέλ-

97 886 250 944 1020f-71
315 900 414 943 λειν
440 891 657 945 ἐκέλευσε
695 896 789 945 τοῖς
827 890 973 957 ἁγίοις
1011 893 1253 954 μαθηταῖς,
1281 887 1351 938 ὅτι
1388 882 1586 952 προάγει
1624 878 1788 932 αὐτοὺς
1827 880 1888 931 εἰς

314 973 399 1038 τὴν
443 975 718 1025 Γαλιλαίαν·
770 973 874 1025 τότε
919 972 1083 1038 γέγονε
1127 972 1203 1021 καὶ
1242 967 1360 1035 πρὸς
1403 966 1462 1018 τὰ
1505 965 1613 1028 ε”θνη
1654 959 1823 1013 λοιπὸν
1864 960 1889 1009 ὁ

316 1055 459 1122 λόγος
509 1057 634 1126 αὐτῷ
685 1054 760 1106 διὰ
809 1060 903 1106 τῶν
951 1053 1191 1120 μακαρίων
1239 1047 1574 1102 Ἀποστόλων·
1641 1042 1746 1096 τότε
1795 1045 1891 1094 τοῖς
1913 1045 1998 1115 10:

315 1138 637 1202 πλανωμένοις
679 1138 848 1207 ἐκήρυξε
904 1136 1027 1188 κατὰ
1077 1135 1122 1187 τὶ
1178 1134 1387 1202 κήρυγμα
1437 1130 1482 1181 τὶ
1531 1124 1774 1197 ἔμπροσθεν.
1838 1123 1892 1173 οὐ
1994 1120 1998 1131 ’

314 1219 407 1286 γὰρ
445 1221 617 1287 ἑτεραις
654 1219 738 1284 μὲν
771 1222 980 1272 ἐντολαῖς
1017 1215 1401 1282 πεπαιδαγώκηκε
1438 1211 1530 1279 πρὸ
1568 1215 1650 1260 τοῦ
1689 1204 1892 1259 θανάτου

272 1299 398 1354 ᾶτὸν
422 1301 639 1369 Ἰσραὴλ,
669 1302 842 1368 ἑτέραις
877 1300 926 1352 δὲ
957 1299 1073 1364 μετὰ
1103 1305 1240 1350 τοῦτο
1275 1296 1381 1351 τοὺς
1416 1295 1472 1363 ἐξ
1506 1295 1668 1344 ἐθνῶν·
1708 1287 1817 1340 ἀλλ’
1844 1286 1892 1338 ἓν

317 1385 390 1435 ἐπὶ
416 1382 595 1438 πάντας
621 1383 675 1436 τὸ
693 1385 1001 1450 Εὐαγγέλιον·
1043 1384 1118 1432 καὶ
1143 1385 1237 1432 τῶν
1262 1379 1396 1431 θείων
1421 1378 1642 1441 μαθητῶν
1667 1373 1892 1436 ἡγνῶσις

318 1467 402 1529 μιά
438 1465 637 1529 πάντως,
678 1470 752 1517 καὶ
793 1467 879 1533 οὐχ
919 1465 1050 1531 ἑτέρα
1088 1462 1218 1529 παρά
1255 1485 1308 1529 γε
1350 1464 1445 1514 τοῖς
1484 1458 1539 1527 ἐξ
1574 1453 1778 1521 Ἰσραὴλ
1818 1453 1892 1502 καὶ
1915 1467 1959 1506 15

318 1549 427 1613 ἡμῖν
450 1553 545 1603 τοῖς
570 1549 626 1618 ἐξ
647 1550 793 1600 ἐθνῶν
818 1547 1117 1612 κεκλημένοις
1144 1544 1219 1596 διὰ
1243 1544 1448 1596 πίστεως
1474 1545 1535 1594 εἶς
1561 1535 1813 1603 ἁγιασμόν.

279 1774 300 1810 3
323 1757 397 1799 Καὶ
422 1759 574 1801 ἀνέστΗ
595 1759 748 1800 Ἰωνᾱς
776 1759 844 1799 καὶ
869 1758 1078 1814 ἐπορεύθΗ
1106 1753 1165 1797 εἰς
1189 1752 1337 1805 Νινευὶ,
1360 1752 1501 1794 καθὼς
1527 1750 1711 1792 ὲλάλΗσε
1734 1746 1894 1803 Κύριος.

388 1843 411 1884 ἡ
440 1842 485 1884 δὲ
514 1842 648 1884 Νινευὶ
680 1839 729 1884 ἦν
756 1842 878 1884 Πόλις
911 1843 1071 1890 uel-dm
1098 1840 1159 1893 τῷ
1186 1838 1294 1892 Θεῷ,
1321 1837 1425 1879 ὡσεὶ
1457 1831 1634 1892 Πορείας
1662 1831 1763 1874 ὁδοῦ
1794 1831 1896 1878 ἡμε-

278 1941 301 1973 4
389 1926 475 1983 ρῶν
492 1926 636 1983 τριῶν.
688 1925 754 1966 καὶ
782 1926 940 1982 ἤρξατο
960 1925 1113 1965 Ἰωνᾶς
1137 1925 1209 1965 τοῦ
1233 1919 1554 1978 εἰσπορεύεσθαι
1579 1915 1639 1958 εἰς
1663 1916 1740 1957 τὴν
1759 1916 1896 1965 Πόλιν,

281 2025 303 2051 e
387 2010 491 2051 ὡσεὶ
511 2009 687 2067 Πορείας
707 2009 807 2052 ὀδοῦ
831 2009 992 2064 ἡμέρας
1011 2010 1123 2058 μιᾶς,
1145 2007 1212 2047 καὶ
1232 2006 1411 2061 ἐκήρυξε
1439 2002 1507 2043 καὶ
1532 1997 1758 2042 εἶπενἜτι
1782 1994 1895 2055 τρεῖς
1917 2015 1964 2041 20
1990 1979 1994 2001 ὃ

389 2092 542 2149 ιῖιμέραι
570 2093 639 2133 καὶ
667 2091 800 2133 Νινευὶ
829 2090 1247 2147 καταστραφύσεται.

393 2206 652 2258 Στέλλεται
688 2204 771 2270 μὲν
798 2207 821 2256 ὁ
851 2203 1125 2273 Προφήτης,
1151 2203 1226 2253 καὶ
1251 2200 1529 2266 προθυμίαις
1563 2195 1762 2264 ἀμάχοις
1800 2197 1892 2245 διε-

319 2288 555 2355 ζωσμένος
593 2289 783 2357 ἄρχεται
809 2292 903 2338 τῶν
928 2285 1185 2353 πρακτέων.
1246 2283 1414 2335 εἴσεισι
1437 2280 1531 2348 γὰρ
1558 2279 1633 2345 δὴ,
1665 2281 1738 2330 καὶ
1765 2277 1897 2340 μάλα

323 2376 552 2434 νεανικῶς,
577 2375 638 2425 εἰς
671 2369 756 2435 τὴν
782 2368 1066 2438 ἀλλόφυλον
1093 2368 1270 2428 Νινευὶ,
1297 2370 1392 2419 τοῖς
1419 2364 1554 2417 θείοις
1588 2359 1897 2427 ὑπηρετήσων

323 2453 561 2518 νεύμασιν.
622 2454 797 2520 εὐρεῖαν
823 2451 871 2503 δὲ
902 2453 1051 2502 οὖσαν
1084 2450 1168 2514 τὴν
1197 2448 1352 2509 πόλιν,
1380 2448 1455 2497 καὶ
1489 2450 1551 2499 εἷς
1583 2449 1722 2495 τοῦτο
1754 2441 1890 2508 μεγέ-
1918 2462 1962 2502 25
1988 2450 1991 2473 ²

324 2541 432 2590 θους
470 2536 800 2600 ἐκτεινομένην,
844 2537 905 2588 ὡς
941 2536 1123 2584 δεῖσθαι
1161 2533 1338 2600 πορείας
1384 2527 1540 2597 ἡμερῶν
1583 2524 1716 2595 τριῶν,
1757 2524 1799 2575 εἶ’
1829 2546 1898 2576 τις

101 2639 186 2672 382
202 2638 251 2673 A.
283 2649 305 2673 a
323 2619 476 2670 ἕλοιτο
500 2622 810 2684 περινοστεῖν,
841 2618 1004 2667 δίεισιν
1037 2613 1175 2668 αὐτὸς
1199 2617 1261 2667 εἰς
1287 2612 1442 2681 ἡμέραν
1477 2611 1601 2678 μίαν·
1650 2607 1808 2673 ἤγουν,
1837 2607 1898 2658 ὡς

323 2699 494 2768 ἑτέροις
533 2703 666 2763 δοκεῖ,
693 2702 806 2769 μιᾶς
844 2697 1005 2768 ἡμέρας
1042 2695 1276 2767 ἐξανύσας
1314 2693 1423 2744 ὁδὸν
1456 2694 1503 2743 ἐν
1534 2692 1669 2759 αὐτῇ,
1698 2689 1780 2740 τὸν
1805 2692 1899 2740 τῶν

369 2842 401 2876 5.
427 2832 528 2869 ἀνιεὶς
544 2832 568 2866 f.
740 2842 792 2866 10.
818 2830 920 2864 αὐτοῦ
938 2828 1030 2863 Edd.
1205 2837 1258 2861 12.
1285 2826 1351 2859 ἐντ.
1370 2839 1450 2859 πεπ.
1469 2824 1529 2868 μὲν
1545 2823 1682 2857 inverso
1699 2821 1820 2856 ordine
1836 2819 1895 2854 iid.

326 2891 377 2923 13.
404 2882 522 2913 τοῦτον
539 2878 598 2913 iid.
762 2878 813 2912 16.
841 2876 911 2922 διὰ]
936 2880 972 2917 -Ι-
993 2877 1050 2920 τῆς
1067 2875 1127 2910 iid.
1286 2882 1338 2918 17.
1365 2871 1472 2906 καθὼς
1492 2870 1532 2904 Β.
1552 2869 1684 2913 (AleX.)
1703 2868 1787 2902 καθὰ
1805 2865 1896 2901 Edd-

323 2926 417 2968 (Vat.
436 2928 471 2970 N)
618 2937 670 2970 19.
696 2927 755 2959 τοῦ
773 2937 842 2958 om.
863 2923 953 2958 Edd.
973 2923 1084 2967 (153.)
1239 2931 1293 2954 20.
1321 2919 1400 2953 ὁδοῦ
1418 2923 1639 2962 assumptum
1657 2927 1698 2950 ex
1718 2914 1759 2949 B.
1779 2914 1894 2957 (Alex.

322 2971 424 3014 XII.)
591 2983 644 3016 23.
670 2972 808 3018 ἄρχεται
828 2971 869 3005 Β.
888 2970 1061 3015 ἐξέρχεται
1082 2967 1171 3004 Edd.
1222 2967 1261 3010 δὴ
1279 2967 1502 3010 assumptum
1520 2975 1561 2998 ex
1582 2963 1622 2997 B.
1777 2970 1832 3005 25.
1859 2959 1895 2994 δὲ

322 3024 543 3063 assumptum
561 3030 601 3052 ex
622 3019 664 3052 B.
