2021 3434
91 184 132 226 ii.
158 185 224 236 28,
249 199 314 241 29.
528 186 601 226 IN
640 186 918 227 JOELEM.
979 186 1131 227 TOM.
1172 186 1233 228 ΙΙ.
1580 188 1662 227 335

158 319 226 360 καί
262 317 300 360 οἱ
339 318 548 361 νεανίσκοι
585 317 702 367 ὑμῶν
738 319 908 375 ὁράσεις
944 318 1136 369 ὄψονται·
1177 318 1244 360 καί
1274 333 1318 367 se
1350 318 1419 360 ἐπὶ
1445 319 1542 360 τοὺς
1567 318 1664 360 δού-
1687 329 1734 365 29

155 412 254 444 λουε
292 418 372 453 μου
409 403 477 445 καὶ
509 402 578 444 ἐπὶ
616 402 692 445 τὰς
727 402 884 444 δούλας
926 417 1006 452 μου
1048 403 1093 445 ὲν
1135 400 1227 445 ταῖς
1264 403 1440 460 ἡμέραις
1479 402 1662 445 ἐκείναις

153 486 288 542 ἐκχεῶ
313 487 398 528 ἀπὸ
422 489 496 528 τοῦ
523 486 762 535 Πνεύματόε
788 501 881 535 μου.

159 613 280 666 Ἰδοὺ
329 614 386 679 δὴ
435 619 606 684 σαφῶς
654 620 916 684 χαριεῖσθαι
967 616 1397 682 κατεπαγγέλλεται
1446 615 1532 680 τὴν
1580 622 1662 668 τοῦ

47 707 69 745 5
86 697 252 762 “Αγιόυ
273 696 547 761 Πνεύματος
577 697 732 765 χύσιν,
759 698 998 750 τουτέστιν
1029 701 1288 766 ἀμφιλαφῆ
1314 699 1553 765 χορηγίαν,
1581 700 1662 749 οὐκ

83 781 146 832 εἷς
180 777 431 848 προφήτην
469 780 798 849 ἐξειλεγμένως
841 781 919 832 ἕνα
960 804 1053 832 που
1097 782 1172 831 καὶ
1215 780 1296 830 δύο
1334 780 1489 846 τύχον,
1531 779 1662 830 ἀλλὰ

86 860 173 925 τὴν
203 865 264 915 εἰς
299 859 508 915 ἅπαντας
546 863 710 917 ἁπλῶς
741 861 847 916 τοὺς
885 864 1006 913 ἑλεῖν
1044 862 1215 931 ἀξίους.
1279 860 1303 912 ὃ
1330 860 1386 925 δὴ
1412 864 1487 912 καὶ
1511 884 1655 912 πεπε-
1680 881 1701 907 e

84 942 251 1009 ράνθαι
302 943 456 1011 φαμὲν
496 945 803 1011 ἐγηγερμένου
845 947 1075 1010 Χριστοῦ,
1120 947 1195 994 καὶ
1236 941 1290 994 τὸ
1334 949 1416 994 τοῦ
1459 943 1661 994 θανάτου

83 1025 441 1080 καταλύσαντος
467 1024 651 1093 κράτος.
709 1025 927 1093 ἀπαρχὴν
951 1024 1044 1092 γὰρ
1068 1024 1230 1092 ὥσπερ
1261 1029 1344 1090 τῆς
1370 1024 1456 1076 ῶδε
1483 1029 1662 1091 σεπτῆς

18 1126 66 1152 10
83 1109 159 1158 καὶ
184 1107 479 1176 ἀξιαγάστου
504 1108 692 1176 χάριτος
721 1113 816 1162 τοῖς
850 1108 997 1173 ἁγίοις
1028 1107 1211 1159 ἐνετίθει
1236 1112 1477 1172 μαθηταῖς,
1504 1110 1654 1177 ε’μφυ-

82 1194 186 1241 σῶν
218 1213 267 1241 τε
299 1192 374 1241 καὶ
410 1191 564 1256 λε’γων
590 1198 616 1220 “
633 1189 814 1251 Λάβετε
843 1194 1038 1254 Πνεῦμα
1055 1189 1265 1256 ‘'Aycov5'
1329 1191 1417 1241 ε”δει
1447 1190 1539 1257 γὰρ
1570 1191 1658 1242 ἔδει
1720 1201 1865 1235 S·Joan·

82 1271 189 1326 τοὺς
216 1275 296 1337 τῆς
311 1271 602 1337 Ἐκκλησίας
626 1271 986 1338 μυσταγωγοὺς,
1013 1274 1088 1324 καὶ
1114 1276 1194 1337 τῆς
1222 1275 1298 1342 ὑφ’
1318 1273 1436 1342 ἡλίῳ
1461 1276 1654 1325 παιδευ-
1719 1257 1772 1277 xx.
1793 1258 1842 1280 η

81 1353 165 1408 τὰς
194 1354 441 1418 ἐσομένους
473 1358 548 1406 καὶ
581 1354 674 1422 πρό
699 1378 752 1422 γε
783 1360 875 1406 τῶν
903 1355 1068 1406 ἄλλων
1106 1359 1163 1424 τῇ
1202 1361 1284 1406 τοῦ
1307 1356 1472 1421 εΑγίου
1499 1356 1655 1407 Πνεύ-

82 1460 228 1501 ματος
254 1437 383 1488 δόσει
408 1437 861 1500 κατακαλλύνεσθαι,
887 1439 962 1488 καὶ
988 1437 1084 1488 οἶόν
1109 1462 1212 1490 τινα
1237 1442 1330 1489 τῶν
1355 1437 1430 1489 διὰ
1453 1439 1659 1493 πίστεως

17 1543 62 1581 15
81 1520 377 1584 κεκλημένων
418 1524 479 1574 εἷς
518 1520 756 1586 ἁγιασμὸν
800 1519 1017 1587 ἀπαρχὴν
1060 1521 1326 1587 γεγονότας,
1365 1525 1422 1589 τῇ
1466 1521 1565 1591 θείᾳ
1608 1544 1658 1572 τε

81 1603 156 1653 καὶ
182 1603 378 1672 οὐρανίῳ
405 1606 822 1670 καταχρυσοῦσθαι
848 1602 1018 1670 χάριτι.
1083 1602 1202 1654 κατὰ
1228 1602 1283 1654 δέ
1302 1626 1355 1669 γε
1380 1603 1463 1657 τὰς
1489 1602 1657 1670 ἡμέρας
1677 1634 1698 1657 a
1723 1625 1806 1659 227
1822 1623 1875 1658 A.

80 1687 162 1748 τῆς
191 1687 523 1749 Πεντηκοστῆς
555 1685 977 1751 συναγηγερμένων
1010 1688 1071 1740 εἰς
1105 1683 1231 1736 οἶκον
1265 1686 1343 1736 ἕνα
1380 1691 1474 1737 τῶν
1499 1691 1654 1752 μαθη-

79 1771 188 1830 τῶν,
229 1770 303 1818 καὶ
352 1766 435 1820 τὰς
478 1766 694 1832 συνήθεις
736 1770 844 1837 Θεῷ
885 1768 1229 1834 προσαγόντων
1274 1767 1422 1832 λιτὰς,
1466 1768 1657 1834 γέγονεν

81 1856 108 1879 “
126 1847 302 1917 ”Αφνω
322 1850 371 1900 ἐκ
390 1855 473 1900 τοῦ
493 1850 688 1916 οὐρανοῦ
708 1847 834 1916 ἦχος,
855 1847 1017 1915 ὥσπερ
1043 1849 1299 1916 φερομένης
1321 1854 1468 1915 πνοῆς
1486 1851 1654 1915 βιαίας,
1715 1858 1805 1931 ἴω*
1820 1858 1878 1932 {S

14 1937 108 1971 20⁶⁶
131 1933 206 1981 καὶ
252 1929 350 1982 ἰδοὺ
392 1929 626 1999 ὤφθησαν
676 1931 829 1985 αὐτοῖς
869 1930 1232 1998 διαμεριζόμεναι
1277 1936 1505 1998 γλῶσσαι
1544 1934 1655 1984 ῶσεὶ
1718 1913 1855 1985 &pff-‘4'

79 2020 107 2043 “
131 2011 289 2080 πυρὸς,
321 2016 396 2064 καὶ
430 2012 645 2064 ἐκάθισεν
682 2011 754 2080 ἐφ’
784 2013 863 2064 ἕνα
901 2013 1101 2064 ἕκαστον
1139 2015 1306 2077 αὐτῶν,
1338 2017 1413 2066 καὶ
1450 2015 1654 2084 ἤρξαντο

79 2104 105 2126 “
132 2100 295 2146 λαλεῖν
329 2095 501 2163 ἑτέραις
535 2095 788 2161 γλώσσαις
823 2095 977 2150 καθὼς
1008 2095 1059 2147 τὸ
1088 2100 1282 2160 Πνεῦμα
1319 2098 1468 2149 ἐδίδου
1502 2100 1655 2152 αὐτοῖς

78 2186 104 2208 “
130 2179 565 2247 ἀποφθε’γγεσθαι.”
617 2177 973 2246 ἀπεφθέγγοντο
1007 2178 1054 2229 δὲ
1087 2179 1472 2247 προφητεύοντες,
1510 2179 1656 2245 ἤγουν

78 2262 309 2315 συνιέντες
340 2283 389 2312 τε
414 2263 489 2312 καὶ
525 2260 742 2326 λέγοντες
776 2259 835 2311 τὰ
871 2259 945 2311 διὰ
976 2265 1070 2311 τῶν
1101 2262 1248 2326 ἁγίων
1285 2266 1544 2330 προφητῶν
1582 2264 1656 2314 ἐπὶ

127 2445 159 2469 2.
184 2450 248 2478 μου
265 2436 322 2469 alt.
343 2440 562 2480 assumptum
580 2447 622 2469 ex
642 2434 682 2469 B.
697 2434 733 2468 F.
752 2435 871 2480 (Alex.
892 2434 998 2478 XII.)
1144 2443 1177 2477 5.
1202 2432 1321 2479 χυσιν]
1340 2434 1440 2479 χάριν
1458 2434 1548 2469 Edd.
1597 2438 1657 2480 τὴν

79 2487 158 2526 post
174 2482 298 2527 ἀμφιλ.
317 2482 396 2516 add.
415 2482 474 2516 iid.
642 2481 674 2516 6.
700 2497 766 2516 που
784 2483 837 2515 καὶ
854 2480 913 2515 δυο
930 2480 1044 2526 τύχον,
1064 2480 1153 2514 ἀλλὰ
1171 2480 1246 2538 τὴν]
1265 2482 1368 2526 τυχὸν
1385 2481 1401 2524 ἢ
1421 2481 1481 2515 δυο
1498 2481 1575 2516 ἀλλ’
1595 2483 1655 2517 iid.

80 2537 111 2573 7.
136 2530 248 2573 φαμεν
265 2543 318 2562 και
334 2543 413 2563 πεπ
431 2529 502 2563 inv,
521 2528 597 2562 ord.
615 2528 674 2562 iid.
888 2540 921 2572 9.
947 2528 1101 2572 ἀπαρχὴν
1120 2527 1160 2561 Β.
1178 2526 1233 2561 ἀπ’
1251 2527 1358 2572 ἀρχῆς
1375 2528 1467 2562 Edd
1516 2531 1575 2573 τῆς
1592 2527 1656 2564 ὦδε

79 2578 205 2620 σεπτῆς
223 2590 275 2609 και
291 2576 501 2621 ἅξιαγάστου
517 2574 671 2620 χάριτος]
692 2589 723 2608 τι
743 2572 808 2608 ὠδε
831 2575 959 2618 σεπτὴν
985 2576 1036 2608 καὶ
1061 2574 1269 2619 ἀξιάγαστον
1284 2575 1383 2620 χάριν
1400 2574 1458 2609 iid.
1525 2587 1577 2610 12.
1595 2576 1655 2622 ὑφ’

78 2622 176 2666 ἥλιον
191 2622 251 2656 iid.
538 2633 589 2663 14.
616 2636 689 2655 τινα
705 2625 770 2655 τῶν
787 2622 841 2655 διὰ
858 2636 893 2654 π.
913 2620 1133 2665 κεκλημενων]
1154 2636 1185 2654 τι
1203 2621 1452 2665 κεκοσμημένον
1469 2623 1523 2656 διὰ
1538 2623 1654 2658 π.11(1.

82 2678 134 2713 15.
161 2668 216 2703 ἀπ’
234 2669 340 2714 ἀρχῆς
357 2680 419 2713 pro
437 2668 591 2713 ἀπαρχὴν
607 2668 667 2701 iid.
715 2682 755 2712 γε
773 2680 835 2712 pro
853 2683 887 2701 τε
904 2667 1406 2714 11ᾶ.ΙΊ-τῆς]
1432 2680 1456 2701 «1-
1479 2669 1576 2715 ἁγιας
1594 2670 1654 2705 iid.

79 2730 306 2760 συναγηγερμ.
325 2722 404 2759 post
422 2715 477 2748 ἕνα
494 2722 627 2758 transp.
645 2713 704 2748 iid.
817 2715 868 2748 18.
895 2715 1183 2759 προσαγαγόντων
1198 2714 1258 2748 iid.
1370 2727 1435 2760 19—
1438 2727 1493 2750 21.
1511 2717 1656 2762 ἄφνω-

78 2761 222 2796 ἕκαστον
247 2761 370 2806 αὐτῶν]
397 2762 512 2806 ἄμφω,
542 2765 624 2805 ἠχος
651 2760 782 2805 ἐγένετο
809 2761 861 2794 καὶ
889 2763 1049 2806 γλῶσσαι
1079 2760 1179 2806 ἐφ’”’
1161 2776 1217 2794 ενα
1243 2760 1385 2796 ἕκαστον
1410 2763 1570 2798 ἐκάθισαν
1593 2764 1653 2798 iid.

81 2820 136 2842 22.
164 2808 263 2845 Quae
288 2815 494 2854 sequuntur,
521 2808 646 2852 partim
670 2808 820 2841 citantur
840 2807 875 2840 in
898 2807 1059 2841 Catena
1052 2819 1088 2841 m
1110 2808 1199 2841 Acta
1225 2807 1290 2842 SS.
1311 2809 1433 2853 Apost.
1451 2821 1470 2843 a
1489 2809 1655 2845 Cramero

79 2855 183 2891 edita
201 2855 301 2899 cujus
319 2854 453 2888 codices
472 2855 608 2893 iterum,
628 2865 691 2898 pro
708 2853 762 2887 his
782 2854 817 2887 S
833 2853 884 2899 Cy
876 2854 951 2888 riui
969 2854 1191 2888 citationibus
1209 2856 1364 2896 collatos,
1382 2857 1516 2901 signavi
1533 2869 1550 2891 c
1569 2863 1602 2891 et
1619 2857 1654 2892 d.

81 2914 137 2935 c·—
116 2902 237 2935 -.Cod
258 2901 363 2935 Coisl.
379 2913 460 2935 xxv
480 2900 540 2935 d=
552 2900 639 2934 Cod.
661 2900 749 2935 Coll.
770 2867 968 2934 Noviwhac
962 2912 995 2934 m
1013 2901 1248 2936 Universitate
1270 2902 1353 2937 lviii.
1395 2903 1523 2948 ἑτέραις
1538 2906 1655 2949 γλώσ-

81 2963 157 2984 σαις
177 2949 217 2982 Β.
230 2961 259 2982 c
273 2947 307 2982 d.
325 2948 359 2981 ἐν
376 2947 503 2991 ἑτέραις
522 2947 612 2982 Edd.
660 2949 839 2993 γλώσσαις
856 2947 990 2981 addidit
1009 2948 1143 2992 Migne.
1296 2960 1350 2995 23.
1373 2949 1656 2998 ἀποφθέγγεσθαι

82 2996 193 3031 αὐτοῖς
210 2995 281 3030 inv.
301 2994 374 3029 01“.(]
394 3006 422 3028 c.
614 3005 669 3036 24.
697 2995 750 3028 ἐπὶ
770 2994 811 3028 Β.
824 3006 853 3029 c.
868 2994 901 3029 d.
920 2994 955 3029 ἐν
971 2996 1016 3041 τῷ
1036 2994 1126 3029 Edd.
