2021 3434
265 137 350 177 274
650 139 697 179 B.
741 139 1017 181 CYRILLI
1059 142 1437 183 ALEXANDR.
1653 141 1738 182 xiii.
1764 149 1827 193 15.

266 253 293 276 ‘⁴
318 246 528 315 ἀδελφὸν
552 251 613 301 εἷς
639 248 879 313 θάνατον,”
908 254 984 302 καὶ
1008 253 1388 317 ἐπαναστήσεται
1411 252 1567 318 πατὴρ
1590 252 1661 320 ἐφ’
1693 251 1830 305 υἱούς.

267 326 421 392 ἐπειδὴ
457 328 551 395 γὰρ
587 328 673 394 τὴν
705 336 789 382 τοῦ
827 332 1054 393 διαβόλου
1089 334 1321 402 καθῄρηκε
1355 333 1618 401 τυραννίδα,
1645 334 1721 383 καὶ
1744 337 1839 384 τῶν

268 413 349 474 τῆς
393 412 775 478 εἶδωλολατρείας
816 414 1019 482 ἐξείλετο
1066 415 1256 484 βρόχων
1300 416 1408 471 τοὺς
1445 414 1842 480 πεπλανημένους,

267 492 522 557 κατέδησεν
565 495 710 548 οὕτως
758 495 875 562 πρὸς
925 497 1114 563 ἀγάπην
1160 498 1245 563 τὴν
1288 497 1406 565 πρὸς
1448 497 1622 560 ἑαυτὸν,
1663 499 1723 551 ὡς
1767 499 1843 547 καὶ

269 577 473 643 φυσικῆς
512 577 750 642 ἀλογῆσαι
801 580 1144 647 φιλοστοργίας
1193 578 1301 634 τοὺς
1343 579 1723 642 πεπιστευκότας,
1767 580 1842 629 καὶ
1863 594 1885 632 5

231 673 254 699 θ
271 656 505 726 ἀδελφοὺς
542 657 805 723 ἀνήνασθαι
842 662 918 711 καὶ
954 661 1155 728 πατέρας
1193 664 1268 713 καὶ
1303 663 1453 717 οἴκους
1490 664 1565 713 καὶ
1606 662 1733 727 γε’νη,
1768 663 1844 713 καὶ

270 738 560 808 ἀποχρήσειν
622 742 776 795 αὐτοῖς
827 746 888 796 εἷς
950 742 1143 795 ἅπασαν
1204 745 1436 808 εὐθυμίαν,
1485 747 1741 806 ὑπολαβεῖν
1789 743 1843 795 τὸ

269 823 645 888 προσκεκλίσθαι
706 828 772 894 τῷ
829 828 1043 896 Χριστῷ.
1132 828 1207 878 καὶ
1256 833 1371 893 γοῦν
1419 828 1495 878 καὶ
1545 828 1570 878 ὁ
1619 826 1844 893 μακάριος

272 907 458 968 Δαυεὶδ,
485 908 548 960 ὡς
585 907 634 957 ἐκ
665 907 926 973 προσώπου
963 913 1056 960 τῶν
1094 915 1232 960 τοῦτο
1267 908 1630 977 κατορθωκότων
1664 909 1848 979 ψάλλει

270 1010 362 1039 που
392 987 472 1038 καί
500 991 651 1056 φησιν
689 988 759 1040 ὅτι
785 996 812 1019 “
832 991 894 1041 ‘O
926 991 1082 1058 πατήρ
1111 1015 1201 1056 μου
1227 994 1301 1043 καὶ
1327 993 1355 1056 ἡ
1381 991 1534 1058 μήτηρ
1560 1015 1651 1057 μου
1676 993 1846 1058 ἐγκατ-
1873 1010 1920 1035 10

273 1076 301 1100 “
325 1069 489 1122 ε’λιπόν
511 1093 582 1135 με,
608 1073 634 1122 ὁ
659 1071 708 1123 δὲ
737 1072 908 1140 Κύριος
933 1073 1264 1140 προσελάβετό
1290 1073 1393 1138 με.”

51 998 106 1028 Ps.
121 999 209 1029 xxvi.

54 1050 104 1073 10.

266 1270 447 1313 Ἐπάξει
483 1274 681 1314 καύσωνα
717 1273 874 1322 ἄνεμον
915 1274 1061 1331 Κύριος
1104 1275 1151 1316 ὲκ
1190 1281 1263 1317 τῆς
1307 1277 1465 1332 ἐρήμου
1502 1276 1562 1317 ἐπ’
1599 1277 1740 1328 αὐτὸν,
1778 1278 1848 1318 καὶ

339 1352 599 1411 ἀναΕΗρανεῖ
634 1357 710 1397 τὰς
747 1359 907 1412 φλέβας
943 1358 1084 1408 αὐτοῦ,
1123 1358 1387 1416 &Sept-mohs&
1422 1359 1498 1400 τὰς
1534 1359 1670 1407 narde
1707 1360 1847 1401 αὐτοῦ·

53 1440 132 1475 189
151 1438 205 1475 A.
234 1447 258 1473 a
342 1436 470 1478 αὐτὸς
513 1437 798 1495 καταΞΗρανε-ῖῖ
839 1439 914 1480 τὴν
959 1445 1030 1487 Γῆν
1072 1442 1199 1482 αὐτοῦ
1251 1443 1319 1483 καὶ
1359 1443 1497 1483 Πάντα
1539 1442 1590 1483 τὰ
1634 1444 1759 1484 σκεύΗ
1796 1441 1846 1484 τὰ

339 1520 575 1568 ἐπιθυμΗτὰ
614 1521 756 1562 αὐτοῦ.

1874 1548 1919 1587 Ῑ5

366 1622 643 1688 Μεθίστησι
683 1624 768 1688 μὲν
811 1624 893 1676 τὸν
943 1626 1090 1691 λόγον
1138 1629 1205 1678 ἐπ’
1251 1627 1363 1679 αὐτὸ
1414 1627 1468 1679 τὸ
1517 1635 1600 1680 τοῦ
1648 1628 1851 1680 θανάτου

271 1702 545 1771 πρόσωπον,
577 1705 719 1777 ἀνεῐιιῳ
754 1707 802 1759 δὲ
835 1706 955 1778 νότῳ
992 1711 1067 1760 καὶ
1108 1710 1295 1762 καύσωνι
1329 1710 1588 1778 παρεικάζει
1621 1710 1849 1778 Χριστὸν,

274 1785 327 1837 ὃν
364 1790 439 1838 καὶ
477 1789 527 1840 ἐκ
564 1788 638 1849 τῆς
676 1789 824 1859 ἐρήμου
867 1793 1017 1887 φησὶν
1054 1792 1453 1860 ἐπενεχθήσεσθαι
1491 1793 1610 1845 κατὰ
1654 1793 1850 1861 καιρούς.

272 1869 363 1937 χρὴ
409 1870 457 1921 δὲ
507 1871 683 1934 εὶδεναι,
725 1896 800 1923 και
841 1872 934 1939 πρό
986 1897 1040 1940 γε
1078 1879 1172 1925 τῶν
1220 1875 1399 1938 ἄλλων,
1440 1877 1597 1940 ἐκεῖνο,
1640 1876 1711 1928 ὅτι
1757 1880 1852 1928 τῶν
2006 1888 2010 1959 ᾖ

272 1952 508 2004 Ἰουδαίων
542 1954 570 2017 ἡ
607 1954 739 2021 χώρα
779 1961 1007 2007 πλατεῖαν
1047 1958 1123 2007 καὶ
1167 1957 1502 2023 ἀκατάληπτον
1539 1959 1709 2025 ἔρημον
1746 1958 1853 2026 ἔχει,
1875 1989 1923 2014 20
2006 1965 2009 1984 ¹

274 2057 482 2099 κειμενην
515 2037 563 2086 ἐν
596 2059 759 2102 μερεσι
794 2042 889 2091 τοῖς
922 2037 1228 2102 νοτιωτάτοις,
1254 2039 1339 2091 κᾶν
1365 2044 1403 2091 εὶ
1428 2040 1608 2106 συνεβη
1634 2040 1748 2093 ποτὲ
1774 2041 1856 2093 τὸν

275 2119 443 2169 ἐκεῖθεν
475 2116 644 2183 ἄνεμον
678 2122 1004 2187 κατενεχθῆναι
1036 2122 1283 2188 ῥαγδαίως,
1306 2126 1525 2189 περιδεεῖς
1550 2121 1676 2188 ἦσαν
1700 2125 1754 2175 οὐ
1776 2147 1857 2188 με-

275 2201 425 2266 τρίως,
453 2200 751 2266 αὐαινομένης
789 2205 870 2266 τῆς
903 2202 1074 2270 χώρας.
1142 2207 1269 2255 δοκεῖ
1290 2205 1346 2255 δέ
1372 2228 1469 2256 τισι
1496 2207 1571 2257 καὶ
1597 2205 1738 2261 αὐτὰς
1763 2211 1858 2258 τῶν

230 2298 258 2339 b
277 2280 457 2333 ὑδάτων
501 2282 586 2337 τὰς
629 2285 677 2334 ἐν
717 2288 775 2352 τῇ
816 2288 880 2352 γῇ
925 2285 1110 2354 φλέβας
1151 2287 1454 2355 ὀκνηροτέρας
1497 2292 1730 2340 ποιεῖσθαι
1772 2289 1856 2344 τὰς

275 2366 511 2431 χορηγίας,
538 2367 613 2416 καὶ
639 2371 738 2420 ταῖς
760 2373 842 2418 τοῦ
867 2368 1023 2427 βιαίου
1049 2370 1124 2419 καὶ
1150 2370 1391 2435 πυρώδους
1415 2371 1676 2435 πνεύματος
1701 2395 1855 2439 προσ-
1876 2396 1923 2434 25

275 2452 443 2507 βολαῖς
467 2445 826 2501 ἀνακόπτεσθαι.
889 2450 1053 2501 οὐκοῦν
1089 2450 1145 2520 ἐξ
1173 2449 1238 2502 ὧν
1272 2451 1409 2504 ἴσασι
1436 2455 1512 2504 καὶ
1536 2455 1854 2526 πεπείρανται,

276 2533 470 2580 ποιεῖται
497 2529 603 2584 τοὺς
628 2529 814 2597 λόγους.

327 2667 359 2702 7.
388 2659 467 2693 Hoc
484 2660 670 2701 ὑπολαβεῖν
683 2662 826 2696 accessit
845 2674 885 2696 ex
904 2662 952 2696 D.
1232 2666 1266 2698 8.
1291 2667 1560 2710 προσκεκλίσθαι
1578 2667 1626 2702 D.
1642 2669 1856 2712 προσκεκλῆ-

281 2704 362 2738 σθαι
381 2705 422 2740 Β.
442 2706 534 2741 Edd.
814 2721 866 2743 10.
892 2709 910 2753 ἡ
929 2718 1152 2754 assumptum
1169 2723 1209 2745 ex
1229 2711 1271 2746 B.
1276 2712 1322 2746 D.
1591 2725 1644 2748 12.
1669 2714 1789 2759 ἀπάξει
1807 2715 1855 2749 D.

283 2750 408 2785 Statim
426 2752 598 2789 καύσωνος
616 2753 663 2788 D.
824 2767 876 2801 13.
906 2756 1002 2790 Haec
1020 2757 1226 2801 εξερημώσει
1242 2760 1301 2794 τὰς
1317 2761 1425 2805 πηγὰς
1442 2760 1544 2794 αὐτοῦ
1562 2760 1715 2795 desunt
1707 2773 1744 2795 ln
1762 2761 1854 2796 Edd.

286 2797 339 2830 18.
365 2812 417 2831 και
435 2810 504 2834 0111.
524 2800 570 2834 D.
619 2801 909 2847 ἐπενεχθήσεσθαι
928 2803 974 2837 D.
993 2804 1239 2848 ἐνεχθήσεσθαι
1257 2805 1348 2840 Edd.
1492 2818 1547 2841 21.
1574 2806 1633 2842 κᾶν
1649 2808 1678 2842 εἷ
1697 2808 1742 2842 D.
1761 2807 1853 2842 Edd.

283 2844 336 2876 καὶ
353 2844 381 2876 εἷ
397 2844 432 2878 b.
481 2849 595 2891 συμβῆ
614 2848 648 2882 b.
894 2861 948 2884 22.
976 2850 1116 2896 ἐκεῖθεν]
1134 2856 1170 2892 -i-
1187 2852 1299 2888 αὐτοῖς
1317 2853 1664 2898 ἱ).3ῐ3,ῐ1111’άνεμον
1681 2860 1760 2900 post
1775 2869 1853 2888 κατ-

283 2890 453 2934 ενεχθῆναι
470 2898 602 2939 transp.
621 2894 655 2928 b.
938 2908 992 2942 23.
1019 2898 1231 2943 αὐαινομένης
1250 2899 1291 2935 Β.
1297 2900 1343 2935 D.
1361 2899 1572 2946 ἀναινομένης
1590 2901 1681 2936 Edd.
1699 2901 1851 2946 ξηραινο·

282 2950 380 2979 μενης
397 2936 431 2971 b
620 2952 675 2984 24.
701 2944 739 2986 τῇ
759 2954 827 2977 om.
848 2942 893 2977 D.
