2021 3434
329 174 414 213 416
714 176 763 215 B.
807 175 1082 215 CYRILLI
1123 175 1501 217 ALEXANDR.
1685 174 1728 214 ii.
1756 173 1904 225 14-16.

285 291 313 332 d
330 290 514 348 κακοῦν,
559 285 904 353 ἐπικουρήσειεν
947 286 1005 338 ἂν
1041 288 1189 339 οὐδέν.
1255 292 1331 339 καὶ
1367 293 1505 338 τοῦτο
1543 285 1674 352 οἶμαί
1712 288 1815 337 ἐστι
1851 283 1906 336 τὸ

330 368 406 420 διὰ
438 373 520 434 τῆς
555 376 638 421 τοῦ
675 370 954 439 ψάλλοντος
992 376 1151 440 φωνῆς
1188 372 1499 439 ἑτεροτρόπως
1529 373 1637 437 ἡμῖν
1670 370 1907 438 εἰρημένον

107 463 268 494 Ps.0x1vi.
331 459 358 481 ‘⁶
378 452 483 502 Οὐκ
526 454 575 503 ἐν
617 457 674 521 τῇ
711 455 962 523 δυναστείᾳ
1002 461 1085 506 τοῦ
1128 455 1273 506 ἵππου
1314 454 1523 519 θελήσει·
1574 454 1676 505 οὐδὲ
1715 455 1763 504 ἐν
1805 457 1906 507 ταῖς

111 509 158 538 18¹
452 533 464 550 Ι
679 541 699 550 Α
857 535 869 550 X
981 538 991 551 9
1103 538 1156 553 a„
1370 537 1382 551 Ι
1685 535 1697 551 Χ
1764 535 1785 553 θΙ

107 555 271 587 Ps.xxxii.
329 541 356 564 ‘⁶
381 557 575 599 κνημαις
617 558 700 586 του
736 538 902 601 ἀνδρος
947 539 1130 600 ευδοκει,
1201 539 1276 588 καὶ
1313 545 1461 588 παλιν
1497 538 1727 599 (ίψευδης
1767 558 1906 589 ιππος

111 606 160 640 ¹7'
328 622 357 645 ‘⁶
383 619 445 670 εἷς
471 619 725 683 σωτηρίαν,
744 618 791 668 ἐν
810 616 858 668 δὲ
883 618 1056 683 πλήθει
1081 618 1315 682 δυνάμεως
1339 620 1480 670 αὐτοῦ
1507 620 1560 669 οὐ
1590 617 1903 682 σωθήσεται.”
1925 637 1947 676 5

327 696 530 762 ἀνόνητα
565 698 658 765 γὰρ
692 698 752 750 τὰ
790 698 944 750 τοιάδε
981 705 1238 763 παντελῶς,
1273 700 1337 764 μὴ
1376 704 1726 753 συναθλοῦντος
1761 703 1900 751 Θεοῦ.

326 777 464 832 αὐτὸς
505 779 598 846 γάρ
638 781 770 832 ἐστιν
809 783 834 832 ὁ
868 786 962 832 τῶν
1006 781 1246 845 δυνάμεων
1292 781 1476 849 Κύριος,
1511 783 1536 833 ὁ
1583 787 1722 848 νεῦρα
1754 780 1906 835 διδοὺς

325 866 422 915 τοῖς
455 861 756 927 ἠσθενηκόσι,
788 866 863 914 καὶ
897 865 1165 930 ἀπονευρῶν
1197 862 1305 918 τοὺς
1337 863 1675 929 λελυπηκότας,
1702 866 1777 915 καὶ
1814 862 1906 914 σὺν

432 947 452 956 Α

105 951 256 1036 ἓξὲἕ.3ο
327 944 453 1013 ain-(5)
488 944 747 1013 “Sechgerac
784 945 868 1008 μὲν
904 945 967 999 εἷς
1000 946 1194 1014 χιλίους,
1228 946 1310 997 δύο
1348 947 1396 998 δὲ
1440 948 1498 997 αὖ
1541 945 1906 1010 μετακινήσουσι

328 1033 355 1055 ‘6
503 1025 515 1039 Ῐ
615 1025 639 1042 ,2
899 1025 912 1042 Ῑ
1123 1026 1134 1043 Χ
1315 1027 1328 1043 Χ
1539 1027 1551 1042 Χ
1655 1029 1669 1046 x
1721 1029 1732 1044 Σ
1787 1027 1799 1042 Ι

373 1029 613 1092 μυριαδας,
667 1029 1049 1092 δαπανηθησεται
1088 1030 1135 1078 δε
1171 1033 1358 1093 πληθυς
1395 1036 1557 1092 πολλη
1595 1051 1669 1078 και
1706 1050 1902 1094 αμετρη-
1928 1051 1974 1078 10

288 1129 405 1161 ετος
443 1108 525 1159 δύο
554 1132 646 1160 που
678 1109 801 1177 τάχα
832 1112 907 1161 καὶ
942 1115 1082 1177 τριῶν
1116 1108 1487 1176 ἀνθεστηκότων,
1513 1115 1549 1161 εἱ
1582 1109 1646 1176 μὴ
1682 1110 1905 1175 ἐπαμύνοι

326 1191 462 1247 Θεός.

373 1330 405 1354 2.
430 1319 508 1363 ἡμῖν
524 1331 594 1353 om.
612 1321 654 1354 A.
1073 1332 1105 1366 3.
1135 1320 1232 1355 Haec
1250 1321 1504 1356 οὐδὲ-εὐδοκεῖ
1521 1328 1740 1358 accesserunt
1754 1334 1795 1356 ex
1812 1322 1904 1359 A.B.

324 1376 358 1409 5.
388 1366 485 1401 Haec
502 1366 537 1401 ἐν
554 1367 589 1400 δέ
606 1365 728 1410 πλήθει
746 1367 776 1401 δ.
795 1367 897 1401 αὐτοῦ
915 1368 953 1401 οὐ
971 1367 1165 1411 σωθήσεται
1182 1375 1361 1413 assumpta
1379 1381 1421 1402 ex
1438 1370 1482 1403 A.
1688 1381 1720 1415 9.
1751 1370 1904 1414 διώξεται

323 1413 385 1457 μὲν
401 1411 447 1449 εἷς
460 1414 503 1447 Α.
522 1411 568 1448 εἷς
585 1414 646 1458 μὲν
662 1414 816 1456 διώξεται
835 1414 876 1448 Β.
893 1415 955 1459 μέν
972 1415 1002 1449 ὃ.
1021 1413 1068 1449 εἷς
1087 1414 1178 1449 Edd.
1227 1414 1269 1449 αὖ
1286 1427 1356 1449 om.
1376 1415 1418 1450 Β.
1685 1427 1739 1451 10.
1758 1417 1904 1461 δαπανη-

324 1459 466 1503 θήσεται
483 1458 535 1504 δέ]
556 1462 610 1494 καὶ
627 1461 705 1495 δαπ.
726 1461 768 1495 Β.
946 1473 997 1496 ΙΙ.
1025 1461 1173 1506 ἐπαμύνῃ
1192 1461 1284 1497 Edd.
1303 1462 1420 1498 invitis
1437 1462 1528 1498 A.B.
1722 1474 1774 1499 12.
1800 1463 1902 1510 Θεός]

329 1511 367 1548 -i-
383 1507 473 1555 αὐτῷ
490 1507 508 1552 ἡ
527 1507 612 1552 δόξα
628 1507 674 1544 εἷς
691 1510 768 1544 τοὺς
785 1508 915 1545 αἰῶνας.
939 1507 1057 1554 Ἀμήν.
1077 1508 1118 1543 Β.
