2021 3434
93 488 197 518 Exod.

91 542 144 561 xv.
164 540 213 572 ²5·

207 1236 226 1259 C
274 1233 291 1270 7
317 1225 402 1282 Οὐχ
428 1227 487 1268 ὡς
515 1226 594 1269 υἶοί
620 1226 832 1271 Αἰθιόπων
859 1228 975 1279 ὑμεῖς
1001 1230 1097 1272 ἐστὲ
1129 1230 1222 1279 ἐμοὶ
1255 1228 1334 1271 υἶοὶ
1355 1230 1556 1286 Ἰσραύλ,·
1593 1230 1702 1277 λέγει
1732 1228 1891 1286 Κύριος·
1919 1240 1967 1266 10

96 1864 258 1896 &Manu
274 1859 301 1900 d

96 1909 142 1939 iii.
160 1920 190 1950 9.

97 2019 128 2049 S.
145 2019 243 2051 Joan.

96 2063 162 2093 viii.
181 2072 231 2102 39.

96 2114 192 2146 Rom.
209 2116 253 2147 ix.

101 2179 126 2198 ,.

271 327 296 367 b

273 1393 295 1427 8

278 2623 299 2649 e
319 2601 460 2666 Θεὸς,
495 2605 570 2654 καὶ
608 2603 820 2673 ἐξείλατο
855 2603 939 2668 μὲν
976 2605 1026 2655 ἐκ
1067 2606 1150 2668 τῆς
1188 2604 1451 2671 Αἰγυπτίων
1488 2603 1586 2672 γῆς,
1623 2603 1897 2669 μετεκόμισε

315 211 399 251 536
716 212 764 253 Β.
807 211 1079 252 CYRILLI
1120 210 1497 252 ALEXANDR.
1711 210 1764 249 ix.
1790 220 1827 261 7,
1853 206 1888 248 8.

316 319 725 374 ἀπολεπτύνοντας
769 326 831 375 εἱς
874 321 1112 386 ἀλήθειαν.
1179 322 1345 373 οὐκοῦν
1386 324 1447 374 ὡς
1489 323 1537 371 ἐν
1573 321 1702 389 τάξει
1739 341 1891 384 παρα-

315 402 558 466 δείγματος
608 402 917 471 ἐκληψόμεθα
974 402 1028 454 τὸ
1086 404 1336 470 εἰρημένον,
1393 401 1781 469 παρακομίζοντες
1830 404 1893 453 εἷς

314 482 554 551 ἀπόδειξιν
599 486 674 536 καὶ
724 485 777 536 τὸ
822 488 904 549 τῆς
945 487 1146 553 Μαρῥᾶς
1192 487 1329 552 ὕδωρ,
1371 484 1442 536 ὅτι
1486 483 1653 550 πικρὸν
1694 483 1777 547 μὲν
1819 480 1892 546 ἧν,

314 566 702 629 κατεγλυκαίνετο
738 566 799 629 δὲ,
838 571 961 618 Θεοῦ
995 568 1362 637 παραδείξαντος
1400 567 1547 635 ξύλον
1581 570 1647 634 τῷ
1680 565 1892 632 μακαρίῳ

317 650 529 710 Μωυσεῖ,
558 650 632 698 καὶ
658 654 795 699 τοῦτο
829 655 925 703 τοῖς
952 651 1118 701 ὕδασιν
1144 650 1305 701 ἐνιέναι
1331 647 1722 715 προστεταχότος.
1779 647 1888 697 ἀλλ’
1913 659 1935 697 5

313 727 370 792 ἧν
408 727 462 780 τὸ
505 729 653 798 ξύλον
692 731 826 782 εἰκὼν
870 733 945 782 καὶ
987 732 1130 786 τύπος
1172 737 1255 783 τοῦ
1296 731 1447 795 τιμίου
1486 735 1708 796 σταυροῦ,
1748 729 1801 779 δι’
1839 728 1892 778 οὗ

313 812 475 879 γε’γονε
513 814 690 880 γλυκὺς
729 817 754 866 ὁ
794 815 947 879 νόμος,
973 819 1048 868 καὶ
1086 819 1220 868 οἱονεὶ
1258 816 1598 878 ποτιμώτατος,
1627 815 1772 865 καίτοι
1809 815 1892 875 τῆς

314 897 523 962 ἱστορίας
557 897 757 964 ἐχούσης
790 897 844 950 τὸ
878 898 1057 965 πικρόν·
1099 906 1126 928 “
1146 898 1413 950 Ἀποκτένει
1451 896 1556 963 γὰρ,
1584 899 1645 950 ὡς
1679 896 1811 963 ἔφην,
1837 893 1892 944 τὸ

315 985 340 1007 “
368 977 601 1045 γράμμα,”
629 984 819 1043 μᾶλλον
845 981 893 1032 δὲ
920 983 981 1035 ὡς
1007 981 1244 1050 γέγραφεν
1271 982 1296 1032 ὁ
1322 980 1478 1049 σοφὸς
1503 980 1613 1044 ἡμῖν
1642 982 1852 1030 Παῦλος.

382 1310 429 1351 οὐ
457 1312 529 1353 τὸν
549 1312 724 1369 Ἰσραὴλ
750 1313 960 1362 ἀνήΓαῙ-ον
986 1315 1032 1355 ὲκ
1064 1320 1134 1362 Γιῗις
1159 1313 1378 1366 ΑἷΓύΠτου,
1406 1315 1474 1355 καὶ
1500 1314 1597 1355 τοὺς
1623 1313 1895 1369 ἀλλοφύλους

384 1394 430 1434 ἐκ
461 1394 776 1449 Καππαδοκίας,
804 1398 871 1439 καὶ
897 1399 994 1439 τοὺς
1021 1399 1183 1455 Σύρους
1209 1399 1254 1440 ἐκ
1282 1399 1459 1455 βόθρους
1497 1396 1587 1439 ἰδοὺ
1615 1397 1652 1439 οἷ
1678 1397 1896 1453 ὀφθαλμοὶ

388 1476 535 1534 Κυρίου
562 1482 634 1520 τοῦ
658 1479 766 1521 Θεοῦ
797 1480 860 1522 ἐπὶ
892 1482 967 1522 τήν
995 1481 1209 1531 βασιλείαν
1235 1482 1321 1523 τῶν
1348 1481 1633 1539 ἁμαρτωλῶν,
1661 1482 1728 1522 καὶ
1753 1481 1897 1538 ὲὲαρώ

385 1560 516 1602 αὐτὴν
544 1561 630 1605 ἀπὸ
655 1562 889 1620 Προσὼπου
915 1568 988 1605 τῆς
1016 1569 1098 1611 Γῆς.

391 1692 622 1761 ’Υψηλὴν
652 1695 720 1745 ἀεὶ
753 1694 839 1759 τὴν
873 1693 1025 1765 ὀφρὺν
1060 1696 1370 1751 ἀνατείνοντες
1403 1700 1444 1747 οἱ
1476 1697 1532 1765 ἐξ
1554 1695 1767 1761 Ἰσραὴλ,
1802 1697 1897 1748 ἅνω
1921 1716 1969 1755 15

319 1797 368 1825 τε
407 1777 481 1826 καὶ
516 1776 641 1828 κάτω
679 1777 764 1842 τὴν
797 1782 891 1829 τῶν
928 1779 1143 1845 πατέρων
1181 1781 1500 1844 ἀειλογοῦντες
1538 1779 1779 1843 εὐγένειαν,
1819 1786 1896 1831 καὶ

319 1857 445 1909 πολὺ
479 1858 565 1921 τὴν
599 1864 821 1924 γλῶτταν
845 1861 1199 1927 κατευρύνοντες
1228 1861 1442 1929 ἔφασκον
1470 1869 1496 1891 “
1520 1861 1709 1927 Πατέρα
1733 1862 1900 1929 ε”χομεν

319 1947 347 1969 “
372 1940 455 1992 τὸν
504 1941 776 2007 (ΑβραάμΫ
854 1942 985 2007 πλὴν
1036 1942 1291 2007 ἀντήκουον
1340 1944 1564 2010 λέγοντος
1613 1945 1765 1998 αὐτοῖς
1815 1950 1899 1996 τοῦ

514 2029 533 2038 Α

318 2025 535 2090 Χριστου
562 2031 588 2053 “
612 2026 669 2075 Εἰ
694 2023 831 2076 τέκνα
865 2031 947 2076 τοῦ
973 2024 1198 2091 Ἀβραὰμ
1223 2024 1316 2089 ἦτε,
1341 2025 1400 2076 τὰ
1427 2026 1542 2092 ἔργα
1566 2032 1648 2077 τοῦ
1673 2025 1898 2092 Ἀβραὰμ

318 2113 344 2135 “
371 2107 561 2156 ἐποιεῖτε
599 2104 699 2158 ἂν.”
758 2108 876 2158 “Οὑ
907 2106 1000 2173 γὰρ
1030 2108 1201 2161 πάντες
1236 2111 1277 2158 οἱ
1310 2108 1367 2177 ἐξ
1395 2108 1611 2174 Ἰσραὴλ,
1645 2108 1770 2159 οὗτοι
1799 2107 1898 2160 Ἰσ-
1920 2129 1971 2154 20

318 2195 344 2216 (ι
442 2187 453 2202 x
580 2189 589 2203 θ
629 2190 639 2203 ἱ
669 2188 690 2206 ΡΙ
789 2193 798 2205 s
838 2191 851 2207 Ν
972 2189 984 2205 Ι
1090 2190 1101 2204 C
1261 2189 1274 2206 Χ
1410 2188 1423 2203 Ι
1593 2190 1605 2205 Ι
1707 2191 1731 2206 9,
1801 2192 1811 2206 ’
1885 2192 1896 2207 ἱ

369 2195 511 2254 ραηλ,
541 2191 623 2240 ουδ
666 2212 736 2240 οτι
762 2212 853 2240 εισι
880 2213 1071 2256 σπερμα
1106 2194 1330 2257 Αβρααμ,
1355 2213 1525 2244 παντες
1551 2213 1702 2241 τεκνα.
1785 2197 1885 2242 αλλ

316 2271 344 2335 ἠ
382 2275 476 2321 τῶν
513 2270 663 2338 ἔργων
701 2270 916 2336 ὁμοιότης
947 2276 1023 2323 καὶ
1059 2270 1114 2323 τὸ
1152 2274 1368 2340 ἐπαυχεῖν
1407 2272 1635 2324 δύνασθαι
1667 2277 1899 2339 λαμπρῶς

315 2357 416 2406 ταῖς
466 2357 560 2404 τῶν
612 2353 826 2421 πατέρων
877 2354 1102 2408 εὐκλείαις
1153 2355 1371 2418 ἀπονέμει
1421 2355 1619 2409 δικαίως.
1701 2377 1897 2406 κατεσο-

315 2434 572 2502 βαρεύοντο
609 2435 657 2487 δὲ
695 2440 789 2487 τῶν
825 2435 990 2487 ἄλλων
1021 2435 1242 2488 ἁπάντων
1271 2438 1417 2488 ἐθνῶν
1448 2439 1628 2489 κάκεῖνο
1665 2437 1896 2503 λέγοντες,

318 2523 380 2575 ὡς
417 2521 474 2590 ἐξ
508 2521 730 2572 ἁπάντων
767 2520 932 2575 αὐτοὺς
969 2526 1062 2572 τῶν
1099 2523 1246 2573 ἐθνῶν
1275 2522 1562 2577 ἀπολέκτους
1592 2521 1845 2586 ἐποιήσατο
1871 2523 1896 2573 ὁ
1918 2540 1967 2579 25

1193 2680 1207 2701 ἱ

947 2756 963 2779 ρ

369 2791 398 2814 1.
424 2780 470 2816 εἷς
487 2791 557 2814 orn.
580 2780 620 2814 Β.
856 2792 889 2826 3.
914 2782 1017 2826 μερᾶς
1033 2780 1077 2815 Α.
1313 2794 1346 2824 4.
1374 2780 1470 2815 Haec
1487 2783 1534 2827 τῷ
1551 2781 1701 2827 μακαρίῳ
1717 2786 1899 2825 assumpta

320 2837 360 2859 ex
380 2826 468 2861 AB.
932 2829 966 2863 8.
991 2827 1164 2862 ἀποκτένει
1183 2828 1225 2863 Β.
1243 2827 1417 2863 ἀποκτενεῖ
1434 2827 1522 2873 (Sic)
1540 2830 1584 2863 A.
1602 2828 1786 2863 ἀποκτείνει
1805 2827 1897 2862 Edd.

323 2883 375 2906 10.
401 2874 473 2916 ἐμοὶ
491 2885 561 2907 om.
583 2873 622 2908 Β.
643 2874 763 2919 (240.)
1045 2874 1098 2909 16.
1123 2879 1260 2920 πατρῶν
1277 2875 1365 2920 (sic)
1384 2874 1474 2909 Edd.
1758 2885 1811 2919 19.
1837 2876 1898 2908 τοῦ

318 2917 472 2963 Ἀβραὰμ
490 2920 547 2962 ἦτε
564 2920 630 2954 hoc
648 2921 770 2955 ordine
788 2921 878 2956 A.B.
1052 2932 1107 2956 21.
1134 2922 1211 2956 ὅσοι
1230 2934 1292 2967 pro
1309 2923 1359 2956 ὅτι
1377 2922 1444 2956 εἶσὶ
1464 2921 1554 2956 Edd.
1728 2931 1784 2955 22.
1809 2922 1896 2964 λαμ-

318 2967 444 3008 πρότης
461 2979 523 3010 pro
541 2969 695 3010 ὁμοιότης
712 2968 772 3002 iid.
931 2978 986 3013 25.
1013 2970 1032 3002 ὁ
1049 2975 1269 3013 assumptum
1287 2981 1328 3003 ex
1346 2969 1436 3003 A.B.
1602 2967 1655 3002 26.
1682 2967 1835 3011 ἐξείλατο
1853 2969 1896 3002 Α.

320 3011 467 3053 ἐξείλετο
488 3013 576 3046 Edd.
629 3015 753 3048 Statim
773 3015 807 3048 δέ
827 3027 888 3060 pro
906 3016 965 3058 μὲν
983 3016 1025 3049 Α.
1075 3015 1111 3049 ἐκ
1129 3024 1350 3060 assumptum
1368 3027 1408 3049 ex
1429 3016 1471 3050 A.
1521 3014 1704 3060 Αἰγυπτίας
1722 3014 1813 3048 Edd.
