2021 3434
130 213 172 254 ii.
193 226 232 265 4.
526 214 600 255 IN
642 214 1027 256 MICHAEAM.
1084 213 1234 255 TOM.
1268 212 1305 254 Ι.
1619 211 1704 251 627

131 320 218 373 εἶεν
265 328 436 383 κακοῖς,
482 324 628 391 ἠ’γουν
670 324 870 380 ἀνιάτοις
918 328 1202 392 συμφοραῖς·
1256 322 1452 373 ε”σεσθαι
1491 317 1539 371 δὲ
1583 320 1702 370 οὕτω

131 406 254 473 φησὶ
293 405 526 457 δύσοιστά
565 431 614 459 τε
656 410 731 458 καὶ
772 406 973 477 φορτικὰ
1010 406 1069 457 τὰ
1107 403 1524 472 ἐπενεχθησόμενα,
1563 403 1625 456 ὡς
1655 403 1704 452 ἐν

130 486 222 556 ἰ’σῳ
266 488 486 553 γενέσθαι
525 494 619 543 τοῖς
664 489 890 557 κεκυφόσι
929 486 1035 542 τοὺς
1076 486 1382 549 πεπονθότας,
1416 487 1490 536 καὶ
1529 483 1704 550 τρόπον

131 567 234 619 τινὰ
282 571 786 638 κατακαμφθήσεσθαι,
832 573 989 625 δεινῶς
1038 593 1112 620 και
1156 569 1401 637 ἀφορήτως
1447 570 1704 634 κατηχθισ-

91 667 113 706 5
132 650 311 714 μένους.
382 676 527 721 καιρος
562 652 654 718 γὰρ
690 653 814 704 ἔσται
850 654 971 720 φησὶ
1003 676 1186 721 πονηρᾶς,
1226 651 1332 702 καθ’
1371 649 1423 701 ὃν
1462 647 1518 699 ἂν
1552 649 1706 701 αὐτοῖς

132 731 190 783 τὰ
228 733 339 801 ἐξ’
318 736 461 799 οργῆς
494 733 783 799 ἐπαρτήσειε.
850 737 923 785 καὶ
953 739 1090 785 τοῦτο
1121 731 1250 796 οἶμαί
1277 735 1378 782 ἐστι
1417 731 1470 782 τὸ
1510 731 1598 782 ὑπό
1623 752 1707 780 του

132 819 298 883 σοφῶς
343 815 629 880 ὑμνούμενον
677 824 704 846 “
723 815 837 867 “Orc
877 818 923 866 αἱ
972 816 1155 877 ἀνομιαι
1206 837 1296 878 μου
1346 815 1579 879 ὑπερῆραν
1622 798 1925 881 τὴνΟΞΞῃῇ5

132 895 346 965 κεφαλήν
386 921 489 961 μου,
535 900 646 949 ὡσει
691 899 885 966 φορτιον
933 896 1058 964 βαρυ
1099 897 1426 962 ε’βαρύνθησαν
1470 896 1538 946 ἐπ’
1582 893 1689 956 ἐμέ.

133 978 243 1029 ἀλλ’
270 978 294 1029 ὅ
317 1002 370 1045 γε
398 980 570 1046 Κύριος
604 981 734 1044 ἡμῶν
758 981 944 1044 Ἰησοῦς
979 981 1003 1030 ὁ
1035 977 1247 1043 Χριστὸς
1281 977 1387 1031 τοὺς
1422 978 1541 1027 οὕτω
1569 999 1707 1040 κατη-

69 1084 116 1109 10
133 1062 413 1129 χθισμένους
451 1062 568 1128 πρὸς
603 1061 831 1114 ἀπόθεσιν
867 1066 961 1113 τῶν
999 1059 1324 1127 ἐπηρτημένων
1363 1060 1515 1112 αὐτοῖς
1554 1056 1707 1108 ἐκάλει

133 1144 288 1209 λέγων
328 1151 356 1173 “
378 1149 524 1196 Δεῦτε
565 1143 681 1210 πρὸς
722 1144 778 1208 μὲ
815 1143 984 1198 πάντες
1029 1147 1070 1194 οἱ
1119 1146 1368 1195 κοπιῶντες
1410 1143 1484 1191 καὶ
1527 1144 1707 1207 πεφορ-
1769 1150 1929 1225 ἓ;ἳ»Ιεῑ8ὺώ-

136 1233 162 1255 “
188 1224 409 1290 τισμένοι,
445 1226 575 1292 κάγὼ
609 1227 868 1278 ἀναπαύσω
902 1227 1058 1288 ὑμᾶς.”
1121 1226 1231 1275 ἀλλ’
1265 1228 1307 1275 οἱ
1344 1222 1427 1287 μὲν
1462 1227 1519 1291 τῇ
1550 1223 1707 1274 πίστει
1767 1204 1848 1226 ³1⁸²
1877 1219 1884 1225 ⁸

134 1307 217 1358 τὸν
254 1308 513 1372 κεκληκότα
547 1307 840 1373 τιμήσαντες,
879 1309 1194 1359 ἀπεσείσαντο
1234 1305 1287 1357 τὸ
1327 1306 1532 1374 φορτίον·
1586 1306 1703 1356 ἀπο-

135 1389 421 1454 μεμενήκασι
452 1389 500 1441 δὲ
534 1390 784 1452 κάμνοντες
819 1392 895 1441 καὶ
927 1390 1241 1453 πεπιεσμένοι,
1271 1391 1345 1439 καὶ
1376 1387 1568 1456 σφόδρα
1594 1387 1711 1438 εἰκό-

20 1539 23 1551 .
71 1491 117 1530 15
136 1495 238 1535 τως,
290 1476 331 1523 oi
382 1478 482 1527 ταῖς
539 1473 785 1527 ἀπειθειάις
835 1470 1150 1536 λελυπηκότες
1199 1475 1487 1538 γραμματεῖς
1536 1493 1585 1520 τε
1636 1472 1710 1520 καὶ

137 1558 400 1621 Φαρισαῖοι,
443 1556 518 1606 καὶ
552 1556 579 1619 ἡ
618 1554 709 1606 σὺν
748 1556 903 1608 αὐτοῖς
940 1554 1071 1621 ἑτέρα
1108 1552 1306 1618 πληθὺς,
1341 1553 1383 1604 οἳ
1421 1555 1494 1603 καὶ
1533 1553 1615 1603 οὐκ
1653 1550 1754 1603 &vd

137 1636 350 1688 δύναιντο
412 1636 612 1703 βαδίζειν
676 1636 791 1706 ὀρθοί.
882 1639 955 1687 καὶ
1013 1642 1149 1687 τοῦτο
1205 1634 1333 1689 εἰδὼς
1382 1636 1406 1686 ὁ
1459 1635 1709 1688 θεσπέσιος

1770 1713 1823 1743 Ps.

138 1721 326 1783 Δαυεὶδ,
371 1719 668 1786 ἀνακεκροῖγει
707 1719 824 1785 πρὸς
875 1717 998 1770 Θεόν
1038 1717 1488 1782 ἐςΣκοτισθήτωσαν
1528 1721 1570 1769 οἱ
1613 1718 1707 1787 ὀφ-
1769 1756 1929 1796 lxviii.24.

137 1807 166 1829 ‘⁶
193 1803 366 1865 θαλμοὶ
417 1803 569 1852 αὐτῶν
617 1807 699 1853 τοῦ
747 1800 811 1865 μὴ
862 1800 1070 1863 βλέπειν,
1119 1802 1194 1851 καὶ
1241 1799 1323 1851 τὸν
1369 1804 1517 1851 νῶτον
1559 1801 1711 1851 αὐτῶν

18 1906 23 1930 ;
72 1904 121 1929 20
139 1890 167 1912 “
193 1882 268 1934 διὰ
301 1882 476 1937 παντὸς
508 1883 848 1951 σύγκαμψον·”
888 1883 962 1933 ἵνα
998 1881 1056 1932 τὰ
1088 1882 1182 1932 ἄνω
1208 1881 1272 1945 μὴ
1303 1883 1572 1943 βλέποντες,
1599 1882 1712 1946 μήτε

138 1964 232 2029 μὴν
281 1964 601 2034 ἀνακουφίζειν
652 1965 892 2032 ἰσχύοντες
944 1967 1026 2028 τῆς
1082 1965 1282 2018 διανοίας
1331 1963 1413 2014 τὸν
1462 1963 1714 2032 ὀφθαλμὸν

140 2047 258 2114 πρὸς
313 2046 398 2111 τὴν
447 2052 540 2098 τῶν
591 2048 737 2113 ἁγίων
785 2048 954 2097 ἐλπίδα
1003 2048 1077 2097 καὶ
1133 2045 1217 2110 τὴν
1264 2048 1312 2096 ἐν
1361 2051 1454 2099 τοῖς
1506 2047 1714 2113 οὐρανοῖς

142 2131 440 2192 καλλίπολιν,
464 2128 580 2196 πρὸς
614 2129 733 2193 μόνα
764 2128 983 2191 βλέπωσι
1018 2127 1076 2178 τὰ
1113 2130 1187 2179 ἐπὶ
1226 2131 1307 2191 τῆς
1341 2131 1441 2194 γῆς,
1466 2130 1714 2196 μονονουχὶ

143 2210 390 2279 κεκυφότες
427 2214 502 2262 καὶ
535 2217 630 2266 τοῖς
663 2212 967 2278 προσκαίροις
997 2211 1070 2261 καὶ
1102 2215 1339 2277 σαρκικοῖς
1373 2209 1454 2261 τὸν
1482 2209 1711 2277 ὑβριστὴν

76 2309 124 2348 25
144 2297 218 2346 καὶ
243 2293 464 2358 μισόθεον
489 2295 780 2361 ἐνερείδοντες
808 2299 928 2346 νοῦν.
1729 2295 1749 2320 e

139 2475 215 2518 Ἐν
263 2480 314 2534 τῷ
365 2476 501 2533 ἡμέρᾳ
560 2475 701 2532 ἐκείνῌ
761 2474 1028 2529 λΗφθήσεται
1086 2473 1148 2528 ἐφ’
1205 2475 1311 2521 ὑμᾶς
1359 2472 1598 2529 Παραβολέι,
1646 2473 1753 2516 nom

193 2617 226 2640 2.
251 2605 511 2650 ἐπαχθησόμενα
529 2604 575 2638 D.
627 2603 783 2638 Statim‘
769 2618 812 2638 ως
828 2615 895 2636 orn.
914 2603 957 2636 A.
1280 2615 1312 2645 4.
1339 2602 1606 2647 κατηχθημένους
1623 2601 1716 2636 Edd.

146 2661 180 2698 5.
206 2667 264 2686 ουν
279 2664 343 2697 pro
361 2653 427 2698 γὰρ
444 2653 488 2685 Α.
539 2651 698 2685 Statim’
681 2651 756 2684 εστὶ
773 2651 816 2684 A.
835 2650 977 2693 φησιν”
959 2664 1055 2684 εσται
1072 2649 1140 2683 inv.
1161 2648 1234 2683 ord.
1255 2649 1301 2683 D.
1597 2648 1630 2682 6.
1655 2652 1716 2683 τοῦ

147 2701 263 2745 σοφοῦ
279 2700 323 2732 A.
457 2710 489 2743 9.
516 2700 533 2732 ὁ
551 2699 607 2731 alt.
625 2704 844 2741 assumptum
862 2709 901 2730 ex
922 2696 963 2731 Β.
1012 2696 1279 2740 κιιτηχθημενους
1296 2695 1585 2730 Edd.10.
1605 2696 1717 2729 ἐκάλει

146 2750 214 2781 τῶν
231 2745 464 2791 επηρτημένων
479 2746 592 2780 αὐτοῖς
608 2745 744 2778 inverso
762 2743 880 2777 ordine
899 2743 945 2776 D.
1137 2755 1189 2777 12.
1214 2745 1252 2787 τῇ
1272 2755 1340 2777 orn.
1361 2743 1403 2776 B.
1580 2754 1632 2787 13.
1658 2744 1716 2777 τὸν

149 2804 218 2827 om.
233 2794 276 2827 A.
460 2802 511 2838 15.
536 2791 708 2826 ἀπαθείαις
726 2790 817 2824 Edd.
836 2790 951 2823 invitis
969 2789 1077 2823 libris.
1269 2790 1322 2824 16.
1348 2790 1401 2823 καὶ
1418 2790 1474 2823 alt.
1494 2796 1715 2834 assumptum

149 2852 192 2874 ex
209 2839 252 2874 Α.
258 2840 304 2874 D.
580 2848 632 2883 17.
658 2836 755 2880 ὀρθοί
771 2837 811 2871 Β.
818 2837 862 2870 D.
881 2836 988 2881 ὀρθῶς
1006 2836 1410 2870 Edd.18.
1435 2836 1649 2881 ἀνακεκράγει
1668 2837 1714 2870 D.

149 2886 351 2931 ἇνακέκραγε
370 2886 411 2920 Β.
429 2885 636 2930 ἀνεκεκράγει
651 2883 741 2918 Edd.
1099 2894 1154 2918 20.
1179 2883 1223 2927 μὴ
1241 2884 1281 2917 τὰ
1298 2883 1363 2917 ἅνω
1381 2884 1518 2917 inverso
1535 2883 1655 2917 ordine
1672 2884 1717 2919 A.

152 2943 208 2967 21.
232 2935 290 2968 τὸν
306 2939 527 2978 assumptum
544 2945 585 2966 ex
603 2932 643 2966 A.
650 2931 695 2964 D.
715 2936 792 2963 ante
809 2931 866 2971 τῆς
884 2930 967 2964 διον.
983 2935 1115 2975 transp.
1137 2930 1179 2964 B.
1400 2941 1454 2964 22.
1480 2930 1540 2973 τὴν
1556 2928 1633 2975 alt.]
1651 2934 1718 2964 τῶν

151 2986 270 3024 postea
287 2979 445 3060 adgitum
462 2980 505 3013 A.
696 2988 749 3021 25·
769 2977 951 3022 ἐρείδοντες
966 2977 1011 3011 Α.
1201 2977 1254 3011 26.
1279 2976 1529 3022 ἐκληφθὴσεται
1549 2977 1586 3011 F.
1634 2976 1718 3021 ἡμᾶς

894 3092 1010 3130 4L2
