2021 3434
118 220 173 260 vi.
203 234 236 270 Ι,
262 234 298 271 2,
322 235 360 276 3.
564 221 641 261 IN
682 221 920 261 OSEAM.
981 220 1131 260 TOM.
1176 219 1255 259 IV.
1616 217 1696 257 137

504 303 519 323 θ

119 329 473 393 ἐνειλημμένων.
541 330 728 398 νήψεως
754 330 846 397 γὰρ
872 330 960 395 ἤδη
990 329 1180 396 καρπὸς,
1206 326 1259 379 τὸ
1296 326 1473 395 ἀχλύος
1497 324 1581 388 μὲν
1607 324 1698 392 ἔξω

121 411 342 475 γενέσθαι
374 410 536 477 ζητεῖν,
564 416 646 476 τῆς
674 412 1002 476 δαιμονιώδους
1032 409 1261 476 δηλονότι·
1303 411 1425 479 φωτὶ
1454 407 1502 459 δὲ
1537 405 1699 472 ὥσπερ

121 496 188 561 τῷ
214 493 320 562 θείῳ
346 492 514 545 λοιπὸν
541 494 990 594 ἐκμεμεστωμένους,
1017 495 1141 563 ὀρθῳ
1169 491 1366 544 διάττειν
1391 493 1558 558 σκοπῷ
1582 487 1700 554 πρὸς

121 575 376 640 ἐπίγνωσιν
401 582 483 627 τοῦ
510 576 652 645 φύσει
677 600 727 627 τε
753 600 827 627 και
854 578 1043 640 ἀληθῶς
1069 579 1193 626 Θεοῦ
1228 597 1302 625 και
1330 571 1575 634 δεσπότου,
1602 571 1700 621 καί-

81 673 102 710 5
123 680 194 707 τοι
218 657 369 709 πάλαι
395 659 759 722 διακειμενους,“
735 682 804 710 οτι
826 661 899 710 καὶ
921 667 947 688 “
963 661 1057 710 θεοι
1083 659 1258 709 πολλοὶ
1284 679 1358 706 και
1384 655 1558 721 κύριοι”
1582 651 1701 704 κατὰ

121 763 205 790 τον
229 739 411 804 κόσμον
434 743 565 803 εἰσιν,
591 743 651 794 ὡς
685 745 746 794 εἷς
782 746 918 791 τοῦτο
943 740 1215 792 καθικέσθαι
1242 737 1546 799 δυσβουλίας,
1576 757 1701 785 ωστε

123 824 199 872 καὶ
236 827 347 892 ίίτῷ
385 822 516 891 ξύλῳ
556 823 710 889 λέγειν
743 821 910 889 Πατήρ
948 845 1039 887 μου
1076 820 1116 872 εἶ
1150 821 1230 883 σὺ,
1260 822 1334 870 καὶ
1372 822 1438 887 τῳ
1476 819 1595 887 λίθῳ
1632 814 1700 867 Συ

123 910 150 932 “
175 903 430 969 ἐγέννησάς
455 904 553 969 με.”
1718 925 1739 951 c

194 985 433 1050 Ἐπιμένει
469 986 516 1038 δὲ
554 988 579 1037 ὁ
620 985 766 1053 λόγος
804 991 861 1055 τῇ
899 990 1063 1054 τροπῇ.
1129 986 1212 1037 θεά
1255 983 1348 1051 γὰρ
1387 982 1513 1035 ὅπως
1550 980 1696 1032 καθά-

58 1093 104 1117 10
123 1091 210 1135 περ
273 1070 346 1120 ἐπὶ
403 1068 604 1132 λέοντος,
656 1069 800 1135 ἤγουν
861 1069 1016 1135 ἑτέρου
1068 1072 1228 1135 θηρίου
1282 1068 1406 1136 φασὶ
1456 1064 1510 1115 τὸ
1562 1063 1703 1118 Αὐτὶς

124 1152 294 1218 ἥρπασε
337 1156 413 1202 καὶ
459 1152 634 1203 ἰάσεται
674 1154 807 1220 ἡμᾶς.
875 1151 1029 1215 ἐπειδὴ
1068 1150 1160 1218 γὰρ
1198 1150 1392 1216 ἔφασκε,
1429 1149 1571 1198 “Kal
1610 1144 1702 1211 ἐγὼ

124 1239 151 1261 “
178 1233 345 1294 ἔσομαι
389 1236 450 1287 ὡς
490 1232 676 1301 πάνθηρ
719 1239 784 1303 τῷ
823 1233 1049 1302 Ἐφραὶμ,
1098 1236 1173 1284 καὶ
1222 1235 1283 1286 ὡς
1331 1232 1452 1282 λε’ων
1501 1232 1567 1297 τῷ
1594 1228 1702 1297 οἴκῳ

125 1322 152 1344 “
175 1314 344 1377 Ἰούδα,
386 1318 460 1367 καὶ
504 1316 597 1381 ἐγὼ
642 1317 861 1383 ἁρπῶμαι
904 1318 980 1367 καὶ
1019 1316 1312 1382 πορεύσομαι
1351 1315 1426 1364 καὶ
1470 1311 1704 1379 λήψομαι,

140 1400 252 1448 ςκαὶ
279 1399 360 1449 οὐκ
387 1398 520 1449 ἐσται
556 1399 581 1449 ὁ
617 1398 978 1467 εξαιρούμενος,”
1004 1397 1286 1465 τετηρήκασι
1320 1399 1402 1460 τῆς
1436 1398 1706 1463 μεταφορᾶς

60 1502 105 1541 15
125 1480 177 1531 τὸ
215 1483 395 1548 σχῆμα,
441 1480 519 1531 καί
554 1485 718 1549 φασιν,
756 1479 825 1530 ὅτι
869 1477 1143 1545 θεραπεύσει
1182 1476 1368 1530 πάντως
1407 1476 1431 1525 ὁ
1470 1473 1703 1542 ἁρπάσας.

125 1561 285 1630 ὥσπερ
326 1561 420 1630 γὰρ
465 1562 729 1627 λελυπηκεν
772 1585 799 1625 η
845 1558 975 1627 ὀργὴ,
1019 1560 1342 1627 κατευφραίνει
1384 1581 1476 1609 που
1518 1556 1705 1610 πάντως

125 1644 230 1699 τοὺς
254 1645 545 1700 πεπονθότας
571 1649 644 1697 καὶ
679 1643 738 1696 τὰ
776 1646 825 1695 ἐκ
862 1647 944 1708 τῆς
978 1643 1258 1707 ἡμερότητος
1283 1640 1453 1706 ἀγαθά.
1515 1639 1631 1702 ὁμοῦ
1658 1636 1705 1688 δὲ
1723 1647 1750 1688 d

126 1730 304 1779 κάκεῖνο
344 1728 627 1793 συνήσομεν,
664 1727 734 1779 ὅτι
778 1731 901 1778 Θεοῦ
937 1724 1187 1778 κακοῦντός
1225 1747 1364 1785 τινας,
1401 1722 1611 1785 ὀνήσειεν
1649 1717 1707 1770 ἂν

127 1811 286 1864 οὐδείς·
330 1811 475 1862 δέοιτο
502 1812 538 1862 δ’
567 1809 624 1861 ἆυ
650 1809 709 1861 τὰ
734 1813 828 1860 τῶν
852 1807 1155 1860 πεπονθότων
1189 1807 1329 1857 αὐτοῦ
1367 1827 1416 1855 τε
1450 1805 1525 1854 καὶ
1563 1801 1707 1867 μόνου

62 1922 109 1947 20
127 1891 244 1958 πρὸς
271 1893 607 1960 ἐπανόρθωσιν.

203 1979 260 2026 Εἰ
296 1976 343 2026 δὲ
381 1975 470 2043 χρὴ
510 1978 585 2026 καὶ
623 1976 693 2043 ἐφ’
724 1972 933 2028 ἅπαντας
972 1974 1157 2024 ἁπλοῦν
1195 1969 1301 2024 τοὺς
1339 1969 1476 2023 ὄντας
1513 1969 1587 2019 ἐπὶ
1625 1968 1707 2030 τῆς

129 2060 216 2123 ’γῆς
252 2061 335 2121 τῆς
367 2059 655 2127 προφητείας
690 2056 774 2121 τὴν
807 2056 1013 2119 δύναμιν,
1042 2058 1182 2106 ἐκεῖνο
1209 2052 1495 2116 συνήσομεν.
1538 2050 1708 2118 ἥρπασε

129 2138 212 2202 μὲν
238 2139 329 2205 γὰρ
352 2142 399 2190 ἐν
425 2142 589 2207 ἀρχαῖς
619 2141 704 2203 τὴν
738 2138 985 2205 ἀνθρώπου
1016 2138 1164 2206 φύσιν
1191 2137 1215 2187 ὁ
1241 2133 1410 2198 Ἀδάμ.
1476 2132 1708 2197 ἐπάρατον

130 2219 222 2286 γὰρ
266 2221 500 2290 ἀπέφηνεν
543 2222 688 2285 εὐθὺς,
734 2223 917 2274 ὑποθεὶς
960 2220 1145 2289 θανάτῳ
1187 2219 1261 2269 καὶ
1304 2217 1475 2285 φθορᾷ.
1543 2214 1708 2264 οὐκοῦν

65 2324 112 2361 25
133 2302 336 2371 ε”πληξεν
379 2304 406 2367 ἡ
449 2303 581 2370 ὀργὴ,
624 2303 734 2354 ἀλλ’
782 2303 989 2371 ἐμίτωο-εν
1034 2303 1061 2366 ἡ
1106 2300 1252 2369 χάρις.
1322 2297 1482 2349 ἰάσατο
1524 2294 1616 2361 γὰρ
1659 2297 1707 2346 ἐν

132 2388 344 2454 Χριστῷ,
395 2387 589 2449 κέκληκε
635 2384 751 2452 πρὸς
802 2386 1056 2450 ἐπίγνωσιν
1099 2386 1181 2447 τῆς
1225 2384 1428 2445 ἀληθοῦς
1477 2377 1743 2440 &fomlam

132 2466 338 2531 ἑδραίους
373 2467 580 2534 ἀπέφηνε
615 2467 690 2518 διὰ
725 2473 808 2518 τοῦ
848 2465 1119 2528 Πνεύματος
1158 2468 1219 2517 εἷς
1256 2462 1456 2528 τήρησιν
1489 2462 1706 2523 ἐντολῶν,

134 2547 366 2614 ζηλωτοὺς
390 2549 598 2618 ἀπέδειξε
623 2548 770 2600 πάλιν
805 2551 878 2600 καὶ
915 2552 1097 2616 φθορᾶς
1122 2545 1328 2598 ἐπέκεινα
1351 2545 1488 2596 τιθεὶς
1515 2545 1590 2594 καὶ
1615 2546 1709 2593 τῶν

133 2631 339 2698 ἀρχαίων
364 2631 482 2694 ἡμᾶς
508 2631 792 2699 ἀπαλλάξας
817 2629 1213 2697 ἀῤῥωστημοίτων,
1240 2625 1466 2692 ἁμαρτίας
1500 2623 1556 2689 δὴ
1581 2623 1707 2691 λέγω

22 2739 27 2765 ε
67 2739 116 2774 30
135 2714 210 2762 καὶ
247 2717 424 2764 παθῶν.
488 2712 761 2777 συμβέβηκε
800 2712 847 2763 δὲ
881 2711 940 2762 τὰ
976 2710 1128 2762 τοιάδε
1157 2714 1252 2763 τοῖς
1284 2710 1356 2759 ἐπὶ
1388 2711 1469 2772 τῆς
1495 2710 1594 2774 γῆς,
1621 2709 1707 2775 οὐχ

204 2891 236 2927 5.
272 2881 368 2916 Haec
395 2882 446 2915 καὶ
480 2887 512 2915 et
537 2881 662 2915 πολλοι
692 2885 912 2915 accesserunt
938 2891 979 2913 ex
1008 2878 1049 2912 B.
1055 2879 1101 2912 D.
1163 2877 1272 2923 κύριος
1296 2889 1360 2923 pro
1384 2877 1491 2923 κύριοι
1515 2877 1707 2912 Aubertus.

139 2940 192 2974 13.
222 2929 317 2963 Haec
334 2930 386 2962 καὶ
404 2928 561 2973 λήψομαι
579 2932 799 2985 accesserunjt
817 2939 857 2960 ex
878 2926 923 2960 D
1212 2935 1263 2970 17.
1290 2926 1342 2959 καὶ
1359 2931 1581 2970 assumptum
1599 2937 1640 2958 ex
1661 2924 1708 2958 D.

138 2987 193 3020 23.
218 2976 394 3020 ἀνθρώπου
411 2988 481 3010 om.
504 2976 545 3009 D.
596 2975 656 3019 μὲν
673 2981 751 3019 post
768 2974 934 3018 ἐπάρατον
950 2972 1030 3007 add.
1050 2972 1097 3006 D.
1372 2983 1426 3015 25.
1453 2972 1488 3007 ἐν
1504 2973 1642 3017 Χριστῷ
1661 2970 1709 3006 D.

137 3024 155 3055 ὁ
173 3024 320 3067 Χριστὸς
338 3022 430 3056 Edd.

195 3093 287 3123 VOL.
311 3094 339 3120 1.
915 3092 937 3118 T

1763 668 1777 692 1
1797 659 1872 691 Cor.

1761 714 1830 735 vm.
1845 712 1876 742 5.

1762 823 1856 853 Hiex.
1874 821 1907 852 ii.

1763 875 1802 897 2*
1789 884 1814 906 Ι.

1765 1160 1871 1200 Supra

1763 1215 1794 1235 v.
1820 1214 1867 1242 14.
