2021 3434
131 205 296 242 x.1,2.
582 192 658 232 IN
699 191 937 232 OSEAM.
998 189 1149 230 TOM.
1192 189 1246 227 V.
1618 187 1699 226 205

130 307 156 330 ⁶⁶
178 299 349 355 πάντες
381 304 424 352 οἱ
461 304 707 355 κοπιῶντες
745 302 820 351 καὶ
856 297 1235 369 πεφορτισμένοι,
1274 294 1404 362 κάγὼ
1442 293 1702 345 ἀναπαύσω
1767 311 1926 395 Ξρῗέιιὴ.

145 383 315 445 ςὑμᾶς.
390 382 531 450 ἄρατε
575 381 657 433 τὸν
701 381 838 449 ζυγόν
878 405 968 446 μου
1008 381 1080 449 ἐφ’
1129 380 1276 443 ὑμᾶςῖ
1363 376 1568 441 ἐσόμεθα
1610 374 1704 441 γὰρ
1766 366 1817 439 ξς.

128 465 272 519 οὕτως
311 464 540 531 ε”γκαρποί
572 488 621 516 τε
653 467 728 515 καὶ
765 465 991 529 ἀπλῆγες,
1019 464 1101 514 οὑκ
1139 461 1438 525 αὐαινομένης
1475 459 1584 523 ἡμῖν
1621 460 1704 522 τῆς

126 546 262 615 ῥίζης,
295 548 348 598 οὐ
386 552 566 612 καρποῦ
603 547 856 600 πίπτοντος
894 550 955 599 εἱς
993 544 1045 596 τὸ
1082 543 1239 608 μηδὲν,
1278 544 1331 595 οὐ
1366 541 1594 601 πλανῆται
1629 542 1705 590 καὶ

86 646 108 683 5
128 629 346 681 ἀποτάτω
392 633 528 692 Θεοῦ,
570 631 682 679 ἀλλ’
726 628 865 695 ἐγγύς
908 651 956 679 τε
1000 629 1141 678 αὐτοῦ
1192 628 1267 677 καὶ
1308 625 1398 676 σὺν
1449 625 1586 692 αὐτῷ,
1628 624 1704 674 καὶ

126 710 269 763 πόλιν
306 712 488 779 ἔχοντες
524 710 608 776 τὴν
648 711 743 761 ἄνω
782 713 857 761 καὶ
899 712 947 761 ἐν
989 710 1211 776 οὐρανοῖς,
1251 707 1336 772 τὴν
1378 712 1472 759 τῶν
1512 729 1698 774 πρωτο-

126 793 276 845 τόκων
314 793 502 860 μητέρα,
529 793 615 856 τὴν
647 797 742 844 τῶν
780 793 926 859 ἁγίων
962 791 1155 861 τροφὸν,
1181 795 1275 842 τῶν
1307 790 1402 841 ἄνω
1428 788 1705 854 πνευμάτων

126 874 179 927 τὸ
204 875 409 943 καθαρὸν
433 876 717 940 ἐνδιαίτημα.
1723 888 1744 914 θ

119 1107 333 1155 ’Ἀμπελοο
369 1106 691 1155 εὐκλΗματοῦσα
716 1106 904 1163 Ἰσραὴλ,
942 1107 965 1147 ὁ
1003 1105 1165 1163 καρπὸς
1196 1104 1324 1146 αὐτῆς
1355 1103 1559 1146 εὐθΗνὼν·
1597 1106 1702 1147 κατὰ
1743 1107 1843 1157 Κεφ.
1867 1103 1904 1146 ι’.

61 1198 108 1222 10
191 1190 238 1233 τὸ
272 1195 433 1232 Πλῆθος
465 1190 551 1232 τῶν
587 1190 763 1247 καρπῶν
791 1189 918 1231 αὐτοῦ
945 1189 1155 1231 ἐπλήθυνε
1183 1188 1472 1245 θυσιαστήρια,
1500 1187 1567 1229 καὶ
1595 1188 1701 1229 κατὰ

192 1275 241 1316 τὰ
269 1274 404 1322 ‹ij-030¹(
430 1279 503 1316 τῆς
531 1279 602 1322 Γῆς
628 1274 757 1316 αὐτοῦ
784 1273 1033 1329 ᾠκοδόμΗσε
1068 1275 1237 1315 στήλας.
1297 1272 1495 1329 ἐμὲρισαν
1524 1272 1700 1329 καρδίας
1723 1282 1742 1306 2

192 1359 346 1411 αὐτῶν,
373 1363 442 1401 νῦν
476 1360 855 1416 ἀφανισθύσονται·
893 1359 1020 1401 αὐτὸς
1052 1360 1317 1409 κατασκάψει
1343 1358 1392 1400 τὰ
1428 1359 1703 1416 θυσιαστήρια

193 1445 347 1496 αὐτῶν,
373 1447 771 1504 ταλαιπωρύσουσιν
799 1443 840 1486 αἱ
867 1450 1016 1488 στῆλαι
1043 1445 1197 1487 αὐτῶν.

198 1562 488 1631 ΗΗλγηκεναι
517 1563 601 1618 τὰς
634 1563 759 1632 ῥίζας
791 1563 932 1615 ειπὼν
963 1587 1045 1615 τον
1069 1563 1296 1633 Ἐφραῖμ,
1322 1562 1517 1615 ἔσεσθαι
1548 1563 1597 1615 δὲ
1628 1587 1731 1616 και
1721 1582 1743 1606 a
1771 1573 1848 1607 143
1869 1572 1919 1607 A·

62 1662 107 1700 15
128 1646 338 1714 ἄκαρπον
375 1670 450 1698 και
489 1648 536 1698 ἐν
573 1646 665 1698 ’ίσω
698 1650 794 1701 τοῖς
817 1645 882 1711 μὴ
908 1653 1123 1698 τεκοῦσιν
1157 1646 1294 1708 ὅλως,
1319 1649 1401 1710 τῆς
1426 1645 1702 1713 Ἀσσυρίων
1762 1623 1880 1699 inupfg.

128 1728 399 1796 ἀγριότητος
436 1729 720 1794 δαπανώσης
758 1728 818 1780 τὰ
850 1729 1130 1795 γεννώμενα,
1171 1730 1404 1780 δεικνυσιν
1441 1729 1703 1795 ἀναγκαίως

127 1813 202 1862 καὶ
240 1813 286 1862 ἐν
325 1810 390 1866 οἷς
427 1810 484 1877 ἧν
517 1811 684 1871 πάλαι,
720 1813 796 1863 καὶ
835 1811 905 1863 ὅτι
942 1812 1134 1878 γε’γονεν
1166 1813 1406 1878 εὕκαρπος,
1433 1810 1509 1862 ὅτε
1542 1814 1624 1875 τῆς
1657 1813 1705 1862 ἐν

127 1892 253 1964 νόμῳ
292 1893 407 1960 ζωῆς
442 1899 720 1958 μετεποιεῖτο
758 1899 938 1964 σοφῶς.
1003 1894 1076 1945 οἷα
1100 1894 1191 1961 γάρ
1230 1917 1300 1949 τις
1336 1893 1549 1962 ἄμπελος
1582 1894 1703 1959 καλὴ

126 1978 202 2027 καὶ
227 1978 571 2045 εὐκληματοῦσα
602 1981 696 2030 τοῖς
725 1981 820 2028 τῶν
857 1978 1003 2028 ἐθνῶν
1037 1977 1281 2044 περιοίκοις
1316 1976 1559 2043 ὁρώμενος,
1587 1977 1704 2028 εἰκό-

58 2082 107 2107 20
125 2081 215 2112 τως
253 2058 633 2125 κατεθαυμάζετο.
701 2062 776 2111 καὶ
812 2060 917 2126 περὶ
951 2060 1092 2124 αὐτῆς
1124 2082 1216 2111 που
1250 2061 1400 2128 φησὶν
1425 2060 1449 2109 ὁ
1479 2058 1704 2124 μακάριος

126 2143 301 2193 Δαυεὶδ
344 2143 392 2193 ἐν
437 2142 598 2212 βίβλω
641 2145 855 2211 ψαλμῶν
898 2141 1016 2209 πρὸς
1067 2140 1149 2193 τὸν
1191 2146 1285 2193 τῶν
1330 2142 1457 2193 ὅλων
1502 2144 1701 2208 Σωτῆρα
1719 2157 1746 2198 b

126 2223 247 2275 Θεόν
282 2230 308 2253 ⁶⁶
319 2223 572 2289 ”Αμπελον
610 2224 667 2293 ἐξ
701 2223 946 2290 Αἰγύπτου
983 2227 1196 2291 μετῆρας,
1225 2223 1448 2293 εξεβαλες
1486 2223 1595 2289 ε’θνη
1627 2247 1702 2274 και
1763 2244 1829 2293 ΡΞ..

127 2307 527 2375 “κατεφυ’τευσας
559 2305 720 2371 αυτήν·
763 2307 1059 2371 ὡδοποίησας
1097 2306 1365 2373 ἔμπροσθεν
1401 2307 1554 2370 αὐτῆς.
1618 2306 1699 2375 ἐξ·
1762 2287 1864 2372 ξῗξ

143 2388 314 2440 ίἐτεινε
345 2412 405 2440 τα
436 2388 654 2454 κλήματα
685 2389 826 2453 αὐτῆς
857 2411 941 2442 εως
973 2388 1240 2453 θαλασσης,
1268 2390 1343 2439 καὶ
1369 2411 1453 2442 εως
1478 2393 1703 2452 ποταμῶν
1762 2375 1813 2406 Ib.
1837 2384 1885 2407 ¹²⁸

59 2477 154 2525 25⁶⁶
179 2494 262 2526 τας
299 2470 612 2540 παραφυάδας
650 2471 821 2534 αὐτῆς.’
811 2470 836 2487 ”
890 2470 1151 2539 πεφύτευτο
1181 2493 1265 2533 μεν
1295 2469 1441 2536 γὰρ“
1461 2472 1510 2521 ἐν
1548 2470 1703 2538 κε’ρατι
1764 2493 1819 2524 Es.
1836 2504 1868 2525 v.

142 2555 254 2604 ζκαὶ
278 2555 326 2604 ἐν
351 2551 481 2604 τόπω
506 2551 669 2615 πίονι,”
695 2551 813 2603 κατὰ
837 2551 923 2617 τὴν
947 2558 1030 2604 τοῦ
1058 2551 1305 2622 προφήτου
1336 2551 1512 2621 φωνήν.
1574 2552 1703 2618 πλὴν
1767 2546 1794 2577 Ῑ’
1815 2548 1843 2569 ²'

177 2735 205 2758 1.
231 2724 284 2757 καὶ
301 2722 571 2769 πεφορτισμένοι
589 2734 659 2757 om.
678 2723 726 2757 D.
1025 2734 1058 2768 3.
1085 2722 1300 2767 αὐαινομένης
1317 2723 1360 2758 Β.
1377 2723 1590 2769 ἀναινομένης
1608 2724 1701 2759 Edd.

126 2770 345 2814 ἀμαινομένης
363 2771 442 2814 (sie)
462 2770 509 2803 D.
737 2781 771 2812 4.
796 2770 834 2804 τὸ
852 2774 1074 2814 assumptum
1092 2782 1134 2804 ex
1152 2769 1194 2803 B.
1200 2770 1246 2804 D.
1477 2783 1510 2816 9.
1536 2771 1595 2806 εὐθ
1597 2771 1698 2818 ηνῶν]

128 2817 273 2851 εὐθυνῶν
292 2816 383 2850 Edd.
844 2827 898 2850 10.
924 2816 965 2850 τὰ
982 2819 1062 2860 post
1079 2815 1244 2860 ἐπλήθυνε
1260 2816 1340 2851 add.
1359 2816 1451 2852 Edd.
1470 2818 1586 2853 invitis
1597 2786 1647 2852 Β.
1653 2819 1700 2853 D.

128 2864 187 2906 (22
207 2864 266 2907 al.)
301 2863 426 2897 Statim
445 2861 688 2908 θυσιαστήριον
700 2862 746 2896 D.
799 2863 851 2896 καὶ
868 2868 1089 2920 assumptum
1107 2875 1148 2897 ex
1163 2863 1204 2897 B.
1211 2864 1256 2898 D.
1273 2863 1403 2908 (Alex.)
1439 2864 1565 2900 Statim
1583 2877 1602 2899 a
1619 2867 1701 2900 κατὰ

129 2910 171 2943 ad
191 2925 287 2943 κατα·
306 2910 454 2970 ἱΓεὶηεξΙίῐ
470 2910 514 2944 D.
626 2921 677 2952 14.
695 2908 940 2955 Ἠλγηκέναι]’
945 2909 1140 2955 Ηλγημενει
1157 2910 1237 2954 (Sic)
1256 2910 1359 2945 Pont.
1374 2910 1589 2958 Ἠλγημένον
1605 2913 1700 2947 Aub.

129 2957 253 2991 ἔσεσθε
271 2957 306 2990 δὲ
325 2957 378 2991 καὶ
394 2957 535 3002 ἄκαρποι
554 2957 602 2991 D.
762 2967 814 2999 15.
840 2956 884 3001 μὴ
903 2955 1074 3002 τεκοῦσιν]
1094 2959 1307 3002 μετοικοῦσιν
1325 2958 1417 2993 Edd.
1587 2968 1640 3005 17.
1667 2960 1702 2993 ἐν

130 3002 195 3049 οἷς]
215 3002 284 3040 οἷος
300 3003 358 3038 iid.
547 3012 601 3049 25.
628 3001 835 3049 πεφύτευτο]
855 3003 985 3050 πεφυκε
1003 3002 1062 3038 iid.
1251 3004 1306 3040 26.
1332 3008 1391 3040 τοῦ
1409 3017 1478 3041 om.
1498 3005 1543 3040 D.
