2021 3434
299 167 382 206 508
687 167 735 207 B.
779 167 1051 209 CYRILLI
1091 170 1475 213 ALEXANDR.
1658 172 1745 212 viii.
1772 184 1863 226 1—3.

82 295 180 343 Κεφ.
205 292 249 343 η’.
301 297 447 338 Οὕτως
493 297 629 339 ἔδειὲἑ
676 314 745 346 μοι
796 299 956 356 Κύριος,
1006 301 1073 341 καί
1122 299 1211 342 ἰδοὺ
1254 302 1378 349 &ss-oc
1421 301 1593 345 ἰξευτοῦ.
1663 303 1731 344 καὶ
1773 298 1865 344 εἶπε

78 1187 121 1218 Su
125 1199 183 1229 pra.

78 1233 132 1262 vii.
155 1243 179 1264 1.

78 1613 127 1642 lb.
147 1624 177 1652 4.

77 1686 127 1716 Il).
147 1693 163 1726 7

77 1742 147 1771 sqq.

364 379 414 419 Τί
453 379 500 420 σὺ
550 381 718 429 βλέπεις
754 381 927 435 Ἀμώς,
983 384 1049 423 καὶ
1093 380 1190 425 εἶπα
1233 385 1379 432 ”Al-soc
1423 383 1597 427 ἰξευτοῦ.
1664 387 1732 427 καὶ
1774 381 1866 426 εἷπε

368 464 513 520 Κύριος
550 465 656 522 Πρὸς
694 469 745 514 μέ
778 467 904 508 ‘'l-{net
946 467 993 509 τὸ
1033 470 1165 525 Πὲραε
1205 470 1274 511 ἐπὶ
1316 470 1388 512 τὸν
1425 471 1528 512 λαόν
1565 485 1643 518 μου
1678 470 1867 528 Ἰσραήλ,

366 549 441 589 οὐκ
484 550 544 591 ἔτι
587 550 642 598 μὴ
687 552 863 607 Προσθώ
899 555 971 594 τοῦ
1006 551 1234 610 Παρελθεῖν
1274 555 1416 597 αὐτόν.
1481 555 1549 596 καὶ
1585 554 1775 597 ὀλολύξει
1815 555 1866 595 τὰ

365 632 628 688 φατνώματα
664 639 734 676 τοῦ
766 639 867 676 ναοῦ
899 637 943 677 ἐν
976 641 1026 695 τῷ
1061 638 1195 696 ἡμέρα
1222 638 1375 696 ὲκείνῌ,
1402 640 1511 686 λέΓει
1540 638 1697 695 Κύριος·
1734 638 1867 679 Πολὺς
1887 650 1908 687 5

363 716 386 757 ὁ
413 716 654 757 Πεπτωκὼο
680 718 724 759 ὲν
750 719 875 760 Παντὶ
900 720 1027 774 τόπῳ,
1052 720 1265 778 ὲΠιῤῥίψω
1291 723 1467 763 σιωπήν.

365 848 476 901 Εἶσι
513 849 569 914 δὴ
607 852 755 903 πάλιν
791 857 857 922 τῷ
896 854 1130 923 Προφήτῃ
1163 853 1280 906 κατὰ
1316 856 1428 922 ῥοῦν
1465 853 1627 920 ὥσπερ
1655 855 1680 904 ὁ
1711 852 1867 918 λόγος,

260 961 280 986 ρ
299 934 373 982 καὶ
418 937 511 982 τῶν
550 931 683 1003 ἅπαξ
721 935 1200 1002 παρεισβεβληκότων
1245 939 1534 1004 ἀποχρῶσαν
1576 937 1647 1004 ἐφ’
1694 936 1869 988 ἑαυτοῖς

298 1015 546 1074 λαβόντων
589 1015 675 1080 τὴν
718 1018 976 1086 ἀφήγησιν,
1014 1023 1108 1070 τῶν
1151 1018 1397 1086 ὁραμάτων
1437 1019 1465 1083 ἡ
1508 1017 1639 1087 τάξις
1676 1019 1750 1068 ἐπὶ
1787 1015 1870 1068 τὸν

298 1097 413 1163 αὐτῇ
454 1097 691 1162 πρέποντα
732 1099 902 1151 διάττει
945 1101 1141 1153 σκοπόν.
1207 1102 1416 1153 τεθέαται
1458 1101 1612 1152 τοίνυν
1655 1098 1740 1164 τὴν
1777 1103 1869 1150 τῶν

297 1181 570 1244 Ἀσσυρίων
602 1180 802 1245 πληθὺν,
833 1184 894 1237 ὡς
932 1183 1123 1248 ἑωθινὴν
1156 1185 1354 1250 ἀκρίδων
1392 1181 1625 1249 ἐπιγονὴν,
1667 1183 1742 1233 καὶ
1779 1180 1871 1232 σὺν

297 1264 450 1316 αὐτοῖς
483 1263 564 1314 τὸν
603 1263 728 1330 Γὼγ,
761 1266 863 1331 ἤτοι
897 1267 979 1318 τὸν
1017 1271 1317 1336 Σεναχηρεῖμ,
1343 1270 1404 1322 ὡς
1442 1270 1490 1319 ἐν
1523 1268 1627 1319 εἴδει
1663 1266 1871 1334 βρούχου

296 1343 610 1412 γραφόμενον,
636 1347 711 1397 διὰ
743 1347 797 1398 τὸ
827 1349 953 1400 πολὺ
984 1353 1066 1414 τῆς
1099 1354 1186 1416 γῆς
1220 1350 1539 1416 ἀναθρώσκειν
1564 1351 1790 1402 εὐσθενῶς
1815 1347 1870 1399 τὸ

297 1426 426 1496 ζῷον.
493 1434 698 1482 τοιοῦτος
731 1430 784 1481 δέ
811 1454 911 1484 πως
946 1433 970 1482 ὁ
1006 1432 1202 1499 ἀλαζὼν,
1230 1433 1548 1499 ἀναθρώσκων
1574 1434 1640 1483 ἀεὶ
1669 1430 1785 1498 πρὸς
1815 1429 1869 1482 τὸ

298 1510 438 1577 ὑψοῦ,
475 1511 549 1560 καὶ
583 1515 678 1565 τοῖς
707 1518 936 1567 ταπεινοῖς
969 1517 1329 1566 συνδιαιτᾶσθαι
1361 1514 1738 1581 παραιτούμενος.
1797 1536 1869 1563 τε-

252 1607 279 1647 d
297 1591 454 1641 θεάται
481 1591 529 1642 δὲ
556 1594 630 1643 καὶ
665 1596 727 1648 ὡς
758 1597 806 1645 ἐν
841 1598 951 1660 πυρὶ
986 1598 1275 1661 καλουμένην
1299 1596 1384 1661 τὴν
1410 1597 1552 1661 δίκην,
1579 1600 1654 1647 καὶ
1679 1595 1770 1660 μὴν
1796 1598 1870 1647 καὶ

298 1674 627 1739 ἐντεταγμένον
673 1680 735 1730 εἰς
777 1677 926 1740 με’σον
966 1677 1047 1728 τὸν
1090 1678 1291 1746 Ἰσραὴλ
1334 1678 1416 1729 τὸν
1457 1678 1699 1743 ἀδάμαντα
1741 1678 1871 1746 παρὰ

296 1762 380 1807 τοῦ
412 1756 662 1816 ἑστηκότος
697 1760 771 1810 ἐπὶ
812 1759 866 1810 τὸ
909 1765 1060 1828 τεῖχος
1099 1760 1152 1812 τὸ
1191 1760 1516 1825 ἀδαμάντινον.
1580 1759 1678 1813 εἶτα
1713 1762 1762 1812 τί
1795 1763 1871 1811 καὶ

296 1837 444 1904 πρός;
489 1837 543 1889 τὸ
577 1839 728 1906 ἄγγος
765 1839 822 1905 ἧν
862 1841 1033 1911 ἱξευτσῦ.
1098 1841 1123 1894 ὃ
1158 1841 1207 1893 δὲ
1245 1842 1300 1907 δὴ
1339 1845 1414 1894 καὶ
1452 1845 1500 1894 ἐν
1537 1845 1701 1911 ἀρχαῖς
1737 1843 1870 1913 ἔφην,

296 1922 384 1987 ἐρῶ
425 1920 480 1985 δὴ
519 1921 678 1986 πάλιν,
714 1925 776 1977 ὡς
820 1923 1144 1991 ἀγροικότερον
1183 1925 1482 1995 τεθραμμένῳ
1516 1929 1582 1995 τῷ
1620 1924 1869 1993 Προφήτῃ,

298 2004 417 2059 Θεὸς
452 2005 526 2056 διὰ
557 2011 650 2058 τῶν
675 2009 722 2058 ἐν
749 2011 909 2074 ἀγροῖς
942 2008 1012 2060 ὅτι
1041 2009 1255 2073 μάλιστα
1280 2011 1526 2076 δρωμένων
1549 2010 1869 2062 ἀποκαλύπτει

295 2087 544 2155 μυστήρια.
616 2090 777 2159 lisura}
810 2090 916 2157 γὰρ,
951 2094 1027 2142 καὶ
1060 2091 1119 2143 τά
1157 2093 1210 2143 δι’
1248 2093 1400 2143 αὐτῶν
1434 2093 1692 2159 θηρώμενα,
1716 2093 1870 2156 πτηνὰ

259 2169 528 2234 ρδηλονότι,
579 2172 796 2238 πρέποιεν
847 2172 904 2225 ἂν
955 2175 1057 2242 οὐχὶ
1106 2174 1254 2239 δήπου
1303 2180 1492 2238 μᾶλλον
1535 2175 1733 2241 ἀνδράσι
1775 2180 1870 2230 τοῖς

296 2255 517 2315 ἀστικοῖς,
557 2256 665 2305 ἀλλ’
706 2254 773 2309 οἷς
816 2254 874 2307 ἂν
918 2256 986 2320 εἵη
1029 2257 1083 2308 τὸ
1129 2257 1407 2322 ἐπιτήδευμα
1452 2259 1526 2308 καὶ
1570 2258 1595 2308 ὁ
1639 2263 1721 2308 τοῦ
1763 2258 1870 2318 βίου

295 2334 476 2389 σκοπὸς
515 2337 650 2402 ἀγροὶ
688 2340 764 2388 καὶ
801 2337 861 2388 τὰ
897 2340 946 2389 ἐν
980 2340 1149 2393 αὐτοῖς.
1215 2338 1284 2390 ὅτι
1323 2338 1371 2390 δὲ
1402 2339 1555 2404 πάντη
1579 2362 1628 2390 τε
1655 2342 1729 2391 καὶ
1752 2339 1869 2391 πάν-

295 2440 384 2471 τως
424 2418 762 2484 ἀγρευθήσεται
800 2419 918 2488 πρὸς
956 2421 1170 2490 σφαγὴν,
1212 2421 1422 2489 καθάπερ
1464 2422 1553 2473 ὑπὸ
1587 2421 1740 2491 χειρὸς
1777 2427 1870 2475 τῶν

346 2616 372 2638 1.
400 2603 489 2650 εἶπε]
512 2610 549 2647 -ὶ-
571 2606 692 2651 Κύριος
711 2607 748 2642 F.
768 2607 860 2642 Edd.
880 2610 952 2651 (22,
971 2610 1028 2653 36,
1047 2618 1103 2654 51,
1122 2621 1178 2655 95,
1201 2609 1277 2654 185,
1297 2610 1393 2654 238.)
1664 2622 1697 2656 3.
1723 2608 1805 2656 μου]
1829 2615 1866 2652 -4-

295 2652 352 2685 τὸν
367 2652 409 2686 Α.
429 2652 518 2686 Edd.
539 2653 626 2697 (86.)
805 2669 837 2697 4.
863 2656 922 2689 οὐκ
937 2657 986 2689 ἕτι
1002 2657 1046 2700 μὴ
1063 2656 1204 2701 προσθῶ
1223 2656 1264 2691 Β.
1283 2656 1414 2700 (Alex.)
1432 2656 1540 2691 οὐκέτι
1556 2657 1600 2701 μὴ
1618 2657 1807 2702 προσθήσω
1824 2659 1868 2693 A.

295 2697 388 2742 (XII
414 2706 493 2733 ante
518 2700 627 2745 corr.)
645 2701 683 2734 οὐ
707 2701 898 2746 προσθήσω
923 2703 981 2736 οὐκ
1006 2703 1055 2736 ἔτι
1074 2703 1111 2737 F.
1130 2703 1223 2737 Edd.
1243 2703 1340 2747 (Co.)
1359 2704 1467 2738 οὐκέτι
1492 2704 1531 2738 οὐ
1554 2706 1598 2749 μὴ
1621 2705 1764 2749 προσθῶ
1781 2705 1870 2739 infra

296 2755 359 2788 341
381 2757 411 2779 c.
431 2745 504 2787 (26,
522 2746 579 2791 36,
600 2748 677 2792 238,
698 2750 791 2791 240.)
842 2750 894 2782 καὶ
911 2761 981 2783 om.
1000 2751 1042 2784 Α.
1177 2760 1210 2795 5.
1236 2750 1340 2794 ἐκείνῃ
1359 2753 1398 2794 τῇ
1417 2750 1520 2795 ἡμέρᾳ
1538 2751 1608 2785 inv.
1624 2751 1700 2786 ord.
1720 2751 1756 2786 F.
1775 2751 1867 2786 Edd.

296 2790 372 2834 (22.
391 2792 454 2836 al.)
583 2803 614 2839 7.
642 2794 724 2839 ῥοῦν
741 2795 832 2830 Α.Β.
851 2798 927 2829 νοῦν
946 2795 1036 2830 Edd.
1170 2798 1204 2831 8.
1231 2799 1548 2842 παρεισβεβηκότων
1566 2797 1624 2832 iid.
1642 2798 1760 2833 invitis
1776 2798 1867 2833 A.B.

298 2847 351 2871 12.
377 2841 582 2883 Σεναχηρεὶμ
601 2841 642 2875 Β.
661 2844 867 2887 Σενναχηρὶμ
885 2842 977 2877 Edd.
1107 2853 1158 2889 17.
1186 2846 1245 2878 τοῦ
1262 2856 1324 2888 pro
1341 2845 1399 2878 τὸν
1416 2845 1511 2888 prius
1529 2845 1572 2878 A.
1719 2845 1770 2879 18.
1796 2842 1867 2879 εἶτα

294 2883 326 2916 τὶ
344 2886 396 2918 καὶ
413 2888 496 2928 πρός
511 2901 519 2923 2
545 2889 583 2921 τὸ
601 2888 705 2933 ἄγγος
720 2887 776 2934 ἦν]
794 2890 851 2923 Sic
869 2889 972 2924 edidi.
991 2887 1061 2924 εἶτα
1077 2891 1110 2924 τί
1126 2891 1179 2924 καὶ
1195 2892 1279 2934 πρὸς
1296 2892 1334 2925 τὸ
1350 2891 1454 2936 ἅγγος
1470 2890 1509 2934 ἧν
1525 2892 1568 2926 A.
1586 2890 1657 2926 εἶτα
1674 2894 1706 2926 τί
1722 2891 1775 2925 καὶ
1792 2891 1866 2925 ι’δού

295 2929 398 2973 ἄγγος
418 2932 458 2965 Β.
477 2931 546 2967 εἶτα
564 2935 595 2968 τί
612 2936 696 2977 πρὸς
713 2938 758 2980 τῷ
773 2951 780 2973 ;
809 2936 915 2980 ([τοὺ]
932 2939 998 2982 τῲ;
1022 2937 1174 2982 Migne.)
1193 2939 1245 2971 καὶ
1263 2938 1368 2982 ἄγγος
1385 2936 1423 2980 ἦν
1441 2938 1532 2972 Edd.
1700 2949 1752 2982 19.
1777 2937 1864 2983 ἀρχῇ

296 2975 387 3010 Edd.
532 2990 585 3024 25.
614 2982 652 3024 δὴ
672 2994 733 3026 pro
751 2983 785 3016 δέ
805 2984 844 3016 Α.
992 2984 1046 3018 26.
1076 2984 1319 3029 ἀγρευθὴσεται
1338 2985 1379 3018 Β.
1397 2984 1661 3029 ἀγρευθὴσονται
1680 2984 1769 3018 Edd.

1893 1129 1939 1154 10

1893 1538 1938 1574 15

1891 1955 1939 1980 20
