2021 3434
122 219 176 260 iv.
197 233 234 270 2,
258 233 294 275 3.
502 221 578 262 IN
630 221 1016 262 MICHAEAM.
1076 222 1228 264 TOM.
1264 222 1326 263 ΙΙ.
1616 223 1696 261 661

118 328 380 391 μάττεσθαι
414 329 475 380 τὰ
506 329 798 396 ἐγκλήματα,
829 334 956 399 κρινεῖ
987 354 1038 382 τε
1075 333 1151 382 καὶ
1178 331 1350 400 ἐλέγξει
1386 328 1564 397 τρόπον
1596 328 1703 379 τινὰ

118 413 194 462 καὶ
225 412 327 480 οὐχὶ
358 412 503 475 μόνον
533 413 663 467 ἔθνος
694 412 758 471 ἓν,
786 415 896 464 ἀλλ’
929 412 1006 468 ἕως
1038 419 1098 468 εἷς
1135 412 1215 479 ’γῆν
1252 410 1447 481 μοικρέιν,
1473 410 1702 473 τουτέστι,
1720 423 1748 464 d

119 493 254 560 μέχρι
295 493 537 560 τερμάτων
567 498 650 559 τῆς
685 495 759 546 ὑπ’
788 494 997 560 οὐρανόν·
1037 497 1256 562 πανταχῆ
1292 494 1385 561 γὰρ
1412 495 1437 545 ὁ
1469 491 1704 559 σωτήριος

118 576 323 637 ὑμνεῖται
359 575 520 642 λόγος.
582 584 609 606 “
630 576 996 644 Κηρυχθήσεται
1027 576 1135 643 γὰρ,
1164 580 1308 644 φησὶ,
1338 576 1391 628 τὸ
1426 576 1704 642 εὐαγγέλιον

74 677 97 715 5
118 663 145 686 “
171 663 309 708 τοῦτο
336 659 385 708 ἐν
410 657 508 728 ὅλῳ
533 663 600 728 τῷ
626 659 837 728 κόσμῳ.”

182 736 345 789 ’Έοικε
377 739 432 790 δέ
461 763 505 790 τι
539 743 613 791 καὶ
649 741 807 807 ἕτερον
842 741 951 805 ἡμῖν
990 739 1158 808 ἰσχνόν
1190 763 1241 792 τε
1278 742 1354 791 καὶ
1389 739 1705 806 κεκρυμμένον

117 821 377 887 μυστήριον
403 823 427 872 ὁ
453 821 747 891 προφητικὸς
772 822 1078 890 ὑπεμφαίνειν
1103 822 1263 889 λόγος.
1323 824 1574 891 ἀφηγεῖται
1609 820 1705 888 γὰρ

116 900 297 969 ὥσπερ,
325 904 430 954 τίνα
468 903 524 968 δὴ
563 903 740 970 τρόπον
766 908 809 956 οἱ
839 905 895 973 ἐξ
921 906 1067 956 ἐθνῶν
1099 908 1377 972 εἶσδεχθεῖεν
1403 903 1474 967 ἂν,
1504 906 1581 955 καὶ
1618 902 1706 967 τὴν

116 986 315 1052 ἀρχαίαν
342 985 517 1050 ἐκείνην
544 986 739 1054 ἀφέντες
772 987 1015 1051 πλάνησιν
1046 989 1320 1047 βαδιοῦνται
1353 984 1524 1037 λοιπὸν
1546 987 1619 1037 ἐπὶ
1651 986 1706 1037 τὸ

51 1089 98 1114 10
117 1066 223 1133 ὅρος
243 1073 326 1118 τοῦ
348 1069 537 1134 Κυρίου,
553 1068 769 1120 τουτέστι
794 1068 879 1133 τὴν
900 1068 1210 1133 Ἐκκλησίαν.
1269 1070 1319 1120 ἐκ
1343 1069 1437 1135 γάρ
1463 1091 1535 1119 τοι
1555 1071 1706 1137 φησὶν
1723 1094 1745 1119 ο

116 1151 199 1212 τῆς
237 1149 333 1200 ἅνω
360 1148 482 1212 Eadm,
509 1152 583 1201 καὶ
622 1153 704 1213 τῆς
743 1154 908 1215 νοητῆς
938 1149 1228 1220 Ἰερουσαλὴμ
1267 1149 1541 1219 ἐξελεύσεται
1582 1154 1705 1219 νόμος

119 1236 196 1282 καὶ
224 1231 361 1298 λόγος
388 1234 552 1299 Κυρίου.
611 1232 983 1300 καταπεφοίτηκε
1009 1231 1103 1299 γὰρ
1130 1237 1192 1286 εἷς
1218 1233 1338 1297 ἡμᾶς
1363 1232 1422 1301 ἐξ
1444 1233 1654 1299 οὐρανῶν
1681 1233 1706 1283 ὁ

115 1318 199 1364 τοῦ
225 1317 350 1365 Θεοῦ
375 1312 548 1379 Λόγος,
575 1313 625 1368 ὃς
652 1316 727 1365 καὶ
751 1314 944 1381 γέγονεν
969 1315 1079 1379 ἡμῖν
1106 1316 1233 1383 νόμος
1257 1337 1307 1365 τε
1333 1317 1409 1365 καὶ
1436 1315 1704 1379 νομοθέτης,

117 1397 193 1446 καὶ
233 1395 372 1450 αὐτὸς
414 1400 541 1467 κρινεῖ
577 1396 664 1448 dvo}
706 1396 838 1466 μέσον
880 1396 1001 1449 λοοῶν
1046 1397 1242 1460 manib,
1290 1400 1367 1448 κοιὶ
1408 1395 1578 1467 ἐλέγξει
1620 1396 1705 1458 ἔθνη

0 1511 3 1543 5
50 1497 96 1535 15
117 1477 279 1549 ἰσχυροὶ
305 1478 383 1533 ἕως
412 1484 471 1534 εἷς
496 1478 575 1545 ’γ’ἦν
599 1478 796 1549 μακράν.
853 1480 902 1530 τί
923 1480 960 1530 δ’
989 1478 1046 1529 ἂν
1071 1479 1296 1539 βούλοιτο
1322 1482 1498 1543 δηλοῦν
1522 1479 1577 1530 τὸ
1607 1503 1699 1549 κρι-

0 1546 3 1598 Ι

0 1603 5 1756 !

0 1757 7 1944 ξ

0 1971 11 2187 ’ὲ

117 1562 176 1611 1ιείυ
208 1561 284 1611 καὶ
321 1560 504 1630 ἐλέγξει,
532 1560 653 1612 κατά
677 1584 731 1627 γε
757 1560 811 1612 τὸ
850 1566 912 1615 εἷς
939 1567 1048 1612 νοῦν
1071 1561 1183 1626 ἧκον
1209 1562 1311 1627 ἐρῶ.
1374 1560 1703 1626 τετυράννευκε

116 1641 236 1692 κατὰ
268 1642 459 1693 πάντων
495 1644 519 1693 ὁ
555 1648 778 1706 σατανᾶς,
806 1645 880 1694 καὶ
915 1644 1032 1705 ὁμοῦ
1055 1648 1156 1697 ταῖς
1193 1642 1286 1694 σὺν
1324 1644 1449 1712 αὐτῷ
1474 1642 1742 1707 δυνάμεσιε.

116 1729 341 1791 πονηραῖς
385 1728 469 1788 τῆς
514 1726 591 1792 ὑφ’
626 1726 744 1795 ἡλίῳ
779 1726 1188 1791 κατεστρατεύετο,
1230 1729 1306 1776 καὶ
1349 1730 1498 1776 πᾶσιν
1536 1726 1704 1780 ἐπιθεὶς

117 1809 201 1870 τῆς
239 1807 514 1876 πλεονεξίας
550 1806 633 1858 τὸν
669 1805 822 1873 ζυγὸν,
850 1806 1212 1871 ἀπεβουκόλησε
1251 1811 1376 1858 Θεοῦ
1414 1806 1468 1858 τὸ
1507 1809 1582 1859 ἐπὶ
1619 1811 1703 1872 τῆς

49 1910 98 1935 20
119 1891 202 1954 γῆς
243 1886 388 1954 γένος.
447 1890 556 1940 ἀλλ’
598 1888 907 1957 (ςἘπέφανεν
945 1889 1055 1953 ἡμῖν
1094 1889 1215 1943 Θεὸς
1247 1888 1461 1956 Κύριος,”
1489 1888 1610 1941 κατὰ
1647 1890 1702 1941 τὸ

117 1970 456 2038 γεγραμμένον,
480 1969 620 2039 ὤφθη
645 1970 814 2022 λοιπὸν
839 1973 913 2022 ἐπὶ
940 1974 1027 2037 γῆς
1053 1972 1077 2022 ὁ
1104 1972 1281 2038 ἀγαθὸς
1307 1971 1497 2036 ποιμὴν,
1518 1974 1594 2023 καὶ
1621 1975 1704 2037 τῆς

116 2053 203 2117 μὲν
236 2054 407 2105 ἐκείνου
444 2053 720 2122 πλεονεξίας
757 2052 961 2121 ἐξείλετο
997 2051 1105 2106 τοὺς
1137 2052 1534 2118 πεπλανημένους,
1560 2077 1703 2104 κατα-

118 2136 323 2186 δεδίκακε
362 2135 410 2186 δὲ
447 2134 555 2189 τοὺς
592 2133 947 2199 πλανήσαντας,
975 2136 1051 2185 καὶ
1090 2134 1305 2204 διήλεγξε
1342 2135 1450 2189 τοὺς
1486 2135 1701 2201 ἠδικηκό-

117 2241 221 2280 τας,
263 2216 477 2269 τουτέστι
516 2227 543 2246 “
563 2215 664 2271 Τὰς
698 2219 859 2284 ἀρχας,
897 2216 981 2270 τὰς
1018 2216 1256 2285 ἐξουσίας,
1290 2215 1398 2270 τοὺς
1436 2218 1702 2286 κοσμοκρά-

49 2322 98 2361 25
119 2306 145 2328 “
170 2322 311 2366 τορας
352 2305 436 2351 τοῦ
479 2303 645 2353 αἰῶνος
689 2299 868 2361 τούτου,
915 2298 975 2349 τὰ
1018 2298 1307 2362 πνευμάτικα
1351 2302 1433 2363 τῆς
1476 2301 1745 2366 πονηρίαςὶ)

118 2389 146 2411 “
171 2384 220 2433 ἐν
257 2387 353 2436 τοῖς
396 2382 722 2448 ἐπουρανίοις.”
788 2383 863 2431 καὶ
908 2385 1047 2431 τοῦτο
1091 2381 1201 2445 ἡμῖν
1245 2380 1383 2435 αὐτὸς
1425 2382 1450 2432 ὁ
1488 2382 1702 2449 Χριστὸς

118 2465 403 2529 καθίστησιν
444 2463 634 2531 ἐναργὲς
677 2463 832 2529 λέγων
876 2470 903 2493 ‘⁶
920 2466 1025 2514 Νῦν
1068 2463 1221 2529 κρίσις
1265 2464 1370 2514 ἐστὶ
1410 2469 1493 2514 τοῦ
1536 2469 1702 2519 αἰῶνος

169 2658 199 2681 1.
225 2646 344 2692 κρινεῖ]
373 2647 430 2682 Sic
456 2647 589 2681 correxi
614 2659 656 2681 ex
675 2646 717 2681 B.
737 2645 838 2690 κρίνει
858 2644 950 2679 Edd.
1002 2645 1128 2680 Statim
1144 2660 1180 2680 τε
1199 2645 1295 2680 deest
1312 2646 1347 2680 in
1366 2646 1410 2680 A.
1459 2646 1592 2692 ἐλέγξει
1609 2647 1702 2683 A.B.

118 2693 257 2739 ἐλέγχει
275 2694 368 2728 Edd.
475 2705 505 2728 2.
535 2695 598 2739 γῆν
612 2694 742 2739 μακρὰν
759 2693 825 2727 hoc
842 2692 965 2727 ordine
982 2693 1026 2727 A.
1122 2704 1156 2738 3.
1181 2694 1335 2738 πανταχῆ
1352 2694 1397 2727 A.
1416 2697 1590 2739 πανταχοῦ
1608 2694 1702 2729 Edd.

119 2740 152 2774 6.
178 2755 214 2775 τε
231 2746 453 2786 assumptum
472 2753 513 2775 ex
531 2742 576 2776 A.
802 2749 832 2784 7.
859 2739 1080 2784 ὑπεμφαίνειν
1098 2739 1140 2773 Β.
1159 2738 1313 2784 ὑφαίνειν
1329 2741 1373 2773 A.
1391 2740 1591 2785 ὑποφαίνειν
1608 2741 1702 2776 Edd.

123 2798 176 2821 10.
203 2790 263 2821 τοῦ
280 2799 350 2821 om.
369 2788 413 2821 A.
654 2798 707 2821 12.
733 2785 796 2831 εἷς]
816 2787 901 2830 πρὸς
918 2787 961 2819 Α.
1203 2796 1254 2830 15.
1280 2786 1342 2822 ἕως
1359 2794 1580 2831 assumptum
1598 2800 1640 2821 ex
1658 2789 1701 2823 A.

123 2833 176 2868 16.
203 2834 256 2868 καὶ
273 2846 336 2879 pro
354 2835 436 2868 κατά
457 2849 496 2879 γε
515 2834 595 2878 (Sic)
613 2834 657 2868 A.
873 2833 925 2866 18.
951 2831 1010 2877 ὑφ’
1028 2831 1130 2878 ἡλίῳ]
1150 2832 1210 2877 ὑφ’
1227 2833 1325 2876 ἥλιον
1343 2832 1434 2867 Edd.
1483 2833 1642 2870 ἐπιτιθεὶς
1659 2837 1702 2869 Α.

123 2892 177 2926 19.
195 2882 254 2925 τῆς
272 2882 331 2915 alt.
348 2893 419 2915 om.
433 2881 477 2916 A.
576 2892 630 2914 20.
650 2880 772 2925 Κύριος
789 2880 933 2913 accessit
951 2891 992 2913 ex
1010 2881 1054 2913 A.
1140 2890 1197 2914 21.
1219 2879 1315 2914 Haec
1332 2880 1386 2914 ἐπὶ
1403 2881 1465 2925 γῆς
1481 2889 1705 2917 accesserunt

120 2939 162 2961 ex
180 2928 224 2962 A.
402 2939 458 2962 22.
485 2927 721 2961 καταδεδίκακε
738 2926 830 2961 Α.Β.
848 2926 1048 2961 κατεδίκασε
1066 2925 1158 2961 Edd.
1338 2937 1393 2970 24.
1418 2927 1495 2962 τοὺς
1512 2929 1703 2973 κοσμοκρά-

119 2989 221 3019 τορας
237 2974 281 3008 A.
299 2976 360 3009 τοῦ
377 2975 650 3019 κοσμοκράτορος
668 2972 761 3008 Edd.
966 2983 1023 3016 25.
1047 2972 1217 3017 πνεύματα
1234 2972 1294 3008 iid.
1485 2984 1540 3020 27.
1566 2975 1704 3022 ἐναργὲς

122 3021 304 3065 καθίστησι
321 3021 460 3056 inverso
478 3020 599 3055 ordine
617 3021 660 3055 A.

1763 585 1926 634 S.Matth.

1763 640 1852 659 xxxv.
1869 638 1916 667 14.

1769 1663 1854 1699 427
1871 1663 1923 1698 A.

1762 1905 1816 1936 ΡΞ.
1828 1907 1926 1938 cxvii.

1765 1956 1814 1990 27.

1762 2227 1848 2269 Eph.
1859 2229 1902 2261 vi.

1765 2280 1777 2301 I
1787 2281 1814 2303 2.

1762 2475 1907 2525 SLJoan.

1761 2529 1817 2549 xu.
1836 2528 1887 2558 31,

1761 2571 1814 2602 32.
