2021 3434
135 238 204 279 vii.
234 252 295 291 14,
322 251 385 294 15.
508 242 583 282 IN
624 243 1007 285 MICHAEAM.
1066 243 1218 284 TOM.
1252 241 1336 282 III.
1623 238 1700 279 731

135 349 332 415 ρσνσμίοις
366 373 455 412 σου,
494 350 640 415 ἠ’γουν
675 352 741 402 ε”τι
777 352 923 402 πάλιν
960 350 1014 402 τὸ
1051 350 1312 417 πρόσωπον
1350 349 1458 412 ἡμῖν
1495 347 1548 398 τὸ
1585 369 1704 412 προ-

135 428 332 495 φητικὸν
369 432 493 499 αὐτῷ
530 433 705 498 τρόπον
730 433 832 483 τινὰ
870 432 1168 499 διακεκραγὸς
1194 437 1259 501 τῷ
1283 428 1610 495 Ἐμμανουὴλ,
1636 427 1705 478 ὅτι

134 509 225 577 χρὴ
274 516 524 579 ποιμαίνειν
567 514 707 564 αὑτὸν
746 515 784 565 ἐν
827 513 980 584 ῥάβδῳ
1025 513 1108 565 τὸν
1145 514 1261 564 ’ίδιον
1298 511 1405 564 Aah
1444 511 1472 576 ἢ
1512 512 1702 575 κλῆρον.
1725 524 1746 550 C

134 591 246 647 λαιός
273 592 320 643 δὲ
347 597 573 657 Χριστοῦ,
601 598 675 645 καὶ
710 596 865 656 μέντοι
903 599 976 646 καὶ
1013 596 1228 663 πρόβοιτα
1254 597 1396 658 νομῆς
1423 593 1563 644 αὐτοῦ
1593 613 1700 654 νοη-
1768 584 1925 614 Ps.x01x.

1767 637 1799 666 3.

93 686 115 724 5
137 678 254 725 θεῖεν
288 673 345 725 ἂν
380 676 427 726 οἵ
447 699 496 726 τε
535 678 584 726 ἐκ
617 680 866 742 περιτομῆς
891 677 1241 739 πιστεύσαντες,
1268 678 1342 727 καὶ
1368 679 1410 726 οἱ
1437 672 1707 737 κεκλημένοι

135 755 252 821 πρὸς
277 756 514 821 ἁγιασμόν
539 759 588 808 ἐκ
614 761 696 821 τῆς
722 762 815 808 τῶν
841 760 985 809 ἐθνῶν
1008 758 1234 822 πληθύος.
1298 757 1450 808 ε”κτισε
1483 753 1576 821 γὰρ
1601 751 1707 806 τοὺς
1767 758 1904 844 {phig-

135 837 217 887 δύο
244 836 388 891 λαοὺς
423 842 484 892 εἰς
517 837 598 889 ἕνα
631 839 789 890 καινὸν
820 840 1080 907 ἄνθρωπον,
1106 844 1253 892 ποιῶν
1278 838 1461 905 εἰρήνην
1487 838 1561 888 καὶ
1587 837 1704 886 ἀπο·
1811 829 1819 843 ⁷

135 918 434 988 κατήλλαξεν
461 921 751 987 ἀμφοτέρους
778 921 852 972 διὰ
876 928 958 973 τοῦ
984 923 1205 986 σώματος
1231 923 1371 972 αὐτοῦ
1396 919 1514 985 πρὸς
1540 916 1709 968 ἕνωσιν

135 1000 220 1065 τὴν
262 1002 590 1066 πνευματικήν.
670 1004 745 1053 καὶ
808 1009 922 1068 γοῦν
981 1003 1118 1057 αὐτὸς
1168 1004 1377 1071 ἔφασκεν
1426 1003 1451 1052 ὁ
1500 997 1711 1065 Χριστός

69 1099 117 1123 10
136 1090 163 1112 “
192 1086 286 1134 Καὶ
329 1084 460 1134 ἄλλα
504 1083 723 1151 πρόβατα
766 1085 897 1152 ε”χω·”
942 1085 1048 1138 τοὺς
1089 1087 1138 1135 ἐκ
1176 1086 1427 1150 περιτομῆς
1478 1080 1709 1145 δηλονότι’
1771 1073 1803 1147 Ξ
1821 1071 1918 1145 {5ng

135 1172 162 1194 ‘⁶
187 1167 372 1216 κάκεῖνα
416 1168 488 1216 δεῖ
532 1189 589 1229 με
634 1169 839 1232 ἀγαγεῖν,
885 1167 960 1216 καὶ
1010 1165 1258 1232 γενήσεται
1300 1166 1384 1228 μία
1421 1164 1607 1227 ποίμνη,
1649 1161 1711 1215 εἷς

135 1255 162 1277 “
187 1246 403 1312 ποιμήν.”

210 1331 334 1384 Λαὶς
361 1330 441 1379 οὖν
468 1329 558 1395 ἄρα
582 1333 810 1395 Χριστοῦ,
837 1331 959 1399 φυλή
983 1353 1031 1381 τε
1056 1331 1130 1380 καὶ
1157 1328 1374 1399 πρόβατα,
1406 1330 1480 1379 καὶ
1509 1342 1706 1398 κληρονο-
1728 1337 1754 1377 d

137 1413 225 1478 μία
262 1414 304 1462 οὶ
340 1412 464 1462 ((οὐκ
502 1411 558 1480 ἐξ
590 1412 739 1478 ἔργων
775 1411 955 1475 νόμου,”
984 1412 1322 1475 δεδικαιωμένοι
1349 1410 1611 1474 δὲμᾶλλον
1637 1408 1712 1460 διὰ
1772 1405 1894 1480 ΫΞῙᾸῙ·

1773 1494 1825 1524 Ib.
1842 1490 1888 1522 iii.

70 1511 117 1550 15
137 1497 219 1557 τῆς
243 1493 463 1546 πίστεως.
531 1496 572 1543 οἱ
604 1493 688 1557 μὲν
720 1492 813 1559 γὰρ
852 1493 940 1544 ὑπὸ
979 1493 1186 1560 κατάραν
1210 1492 1349 1557 ἦσαν,
1377 1492 1495 1543 κατὰ
1519 1492 1605 1556 τὴν
1630 1497 1712 1543 τοῦ
1777 1547 1815 1568 10

305 1575 314 1591 t
491 1574 501 1589 ι
748 1574 759 1590 t
874 1579 883 1591 .
957 1575 967 1592 x
1076 1580 1095 1588 Α
1189 1573 1206 1592 ,x
1286 1576 1295 1590 ‚
1335 1573 1346 1589 ‚
1386 1575 1396 1589 ς
1512 1579 1531 1587 Α
1604 1576 1613 1589 ,

135 1598 364 1641 μακαριου
393 1579 591 1625 Παυλου
627 1580 804 1642 φωνην·
844 1598 886 1626 οι
921 1579 967 1626 δε
1004 1580 1140 1644 φαιεν
1178 1598 1236 1625 αν
1274 1581 1334 1643 εφ
1375 1597 1550 1628 εαυτοις
1588 1584 1709 1637 αλη-

137 1656 346 1710 θεύοντες
373 1663 399 1685 “
421 1656 742 1721 Εὐλογημένοι
780 1656 908 1720 ἡμεῖς
942 1659 1007 1724 τῷ
1043 1657 1202 1725 Κυρίῳ
1240 1660 1305 1724 τῷ
1342 1655 1595 1720 ποιήσαντι
1631 1654 1714 1706 τὸν
1774 1653 1932 1740 ξέχθΧῶ·

138 1746 165 1768 “
192 1738 389 1805 οὐρανὸν
427 1740 501 1788 καὶ
539 1736 624 1800 τὴν
663 1740 766 1802 γῆν.
837 1736 958 1791 Θεὸς
988 1737 1174 1804 Κύριος,
1200 1739 1275 1788 καὶ
1305 1738 1533 1806 ε’πέφανεν
1558 1737 1710 1801 ἡμῖν.”
1774 1725 1933 1780 cxv'fi.27.

139 1833 481 1887 καταποιμοιινει
507 1819 554 1870 δὲ
580 1818 684 1872 τοὺς
709 1819 848 1874 ἰδίους
876 1821 913 1872 ἐν
938 1817 1090 1889 ῥάβδῳ
1117 1818 1343 1886 Χριστὸς,
1365 1820 1447 1870 οὐκ
1473 1820 1521 1869 ἐν
1541 1820 1715 1888 σιδηρᾷ
1774 1834 1830 1865 Ps.
1845 1831 1878 1861 ii.
1895 1838 1925 1871 9.

70 1928 121 1953 20
140 1904 494 1968 καταπλήττων,
522 1905 596 1954 καὶ
632 1905 694 1957 ὡς
728 1909 895 1957 σκεῦος
929 1904 1158 1970 κεραμέως
1182 1903 1464 1970 συντρίβων,
1490 1902 1608 1955 κατὰ
1631 1904 1716 1968 τὴν

139 1993 222 2039 τοῦ
262 1986 540 2056 ψάλλοντος
582 1984 758 2052 φωνὴν,
799 1987 908 2036 ἀλλ’
953 1986 1250 2054 ἐπιστρέφων
1287 1989 1334 2036 ἐν
1376 1985 1601 2050 ἠπιότητι,
1641 1987 1754 2038 mle

141 2069 216 2121 οἶα
252 2067 424 2132 ποιμὴν
456 2066 648 2132 ἀγαθὸς,
676 2068 877 2133 μετρίοις
907 2066 1183 2119 ἀνακόπτων
1220 2069 1408 2132 δείμασι
1436 2067 1520 2121 τὰς
1558 2070 1631 2118 ἐπὶ
1662 2067 1716 2118 τὸ

140 2150 350 2220 ῥᾴθυμον
384 2149 531 2216 ὁρμὰς
570 2153 663 2200 τῶν
703 2147 1098 2200 πεπιστευκότων·
1140 2151 1260 2200 οὕτω
1305 2148 1397 2215 γάρ
1437 2172 1529 2200 που
1567 2151 1718 2218 φησὶν

143 2234 168 2283 ὁ
194 2237 287 2284 τῶν
313 2232 438 2282 ὅλων
464 2229 730 2295 Δεσπότης,
758 2233 820 2284 ὡς
852 2233 900 2282 ἐν
933 2231 1178 2300 προσώπω
1205 2233 1381 2282 Δαυεὶδ
1406 2229 1490 2282 τὸν
1515 2232 1586 2298 ἐφ’
1615 2234 1717 2300 Υἱῷ

77 2332 124 2371 25
144 2312 444 2366 διαπλάττων
478 2313 626 2378 λόγον
651 2319 678 2341 “
697 2309 814 2363 Ἐὰν
852 2314 1235 2378 ἐγκαταλίπωσιν
1273 2316 1314 2363 οἱ
1350 2314 1435 2363 υἱοὶ
1467 2314 1607 2363 αὑτοῦ
1632 2311 1715 2363 τὸν
1775 2329 1830 2360 Ps.

145 2403 171 2426 ⁴⁶
195 2394 338 2459 νόμον
374 2418 479 2459 μου,
507 2397 581 2446 καὶ
616 2399 710 2448 τοῖς
749 2395 946 2461 κρίμασί
980 2418 1069 2458 μου
1106 2393 1170 2459 μὴ
1208 2398 1512 2461 πορευθῶσιν·
1553 2393 1633 2445 ἐὰν
1657 2393 1716 2445 τὰ
1775 2373 1927 2455 ἒῖἲημ

196 2582 227 2605 1.
252 2571 300 2605 ἔτι
317 2576 539 2615 assumptum
555 2581 595 2603 ex
613 2569 657 2603 A.
941 2580 971 2604 2.
989 2570 1245 2616 διακεκραγότος
1261 2570 1305 2604 A.
1567 2580 1601 2614 3.
1619 2570 1720 2603 αὐτὸν

146 2623 369 2662 assumptum
387 2629 429 2650 ex
446 2616 535 2650 A.b.
599 2615 686 2650 ἰ’διον
703 2616 745 2649 A.
758 2616 793 2650 b.
810 2615 991 2651 ’Ῑουδαικὸν
1010 2616 1101 2651 Edd.
1326 2629 1359 2659 4.
1385 2616 1438 2650 καὶ
1454 2615 1566 2658 μέντοι
1584 2628 1653 2650 om.
1675 2617 1716 2650 B.

147 2665 256 2698 invito
275 2665 308 2698 b.
360 2663 456 2697 Haec
473 2664 574 2707 νομῆς
590 2663 690 2696 αὐτοῦ
708 2669 887 2707 assumpta
903 2675 944 2696 ex
961 2664 1005 2697 A.
1309 2662 1342 2697 6.
1367 2662 1467 2708 πρὸς]
1492 2667 1528 2703 -4-
1549 2663 1607 2696 τόν
1624 2662 1716 2696 Edd.

148 2711 264 2744 invitis
282 2711 325 2744 A.
337 2710 372 2744 b.
757 2721 791 2753 9.
816 2710 875 2753 τὴν
891 2721 961 2743 om.
980 2710 1024 2743 A.
1088 2709 1295 2754 γοῦν-τοὺς
1312 2709 1347 2743 ἐκ
1363 2724 1456 2753 περι-
1476 2709 1602 2743 desunt
1618 2709 1653 2742 in
1672 2711 1716 2742 A.

147 2758 246 2793 αὐτὸς
262 2757 412 2801 ἔφασκεν
427 2756 494 2790 hoc
512 2755 632 2789 ordine
654 2755 694 2789 B.
1077 2767 1130 2790 10.
1155 2754 1254 2802 ἔχω’]
1278 2760 1314 2796 -4-
1334 2757 1419 2799 πρὸς
1436 2755 1526 2790 Edd.
1544 2755 1653 2789 invito
1672 2755 1715 2789 B.

152 2815 204 2838 11.
230 2818 271 2847 με
288 2804 339 2837 δεῖ
354 2805 491 2837 inverso
509 2802 627 2836 ordine
642 2802 683 2835 Β.
702 2802 772 2836 inv.
784 2802 826 2835 A.
874 2801 1073 2847 γενήσονται
1087 2803 1130 2836 Α.
1276 2813 1329 2846 13.
1347 2802 1566 2847 κληρονομίας
1584 2813 1646 2846 pro
1663 2802 1716 2836 καὶ

148 2851 352 2894 κληρονομία
370 2851 412 2884 A.
605 2858 656 2893 15.
683 2847 769 2891 ἦσαν
788 2848 829 2882 Β.
849 2848 941 2882 Edd.
961 2849 1028 2883 εἶσὶ
1045 2849 1089 2882 A.
1247 2858 1299 2894 17.
1326 2847 1435 2893 ἡμεῖς]
1455 2849 1547 2891 ὑμεῖς
1564 2848 1606 2882 A.
1629 2847 1664 2893 [ὑ
1681 2850 1717 2882 in

149 2895 298 2942 rasura]
446 2907 498 2941 19.
525 2896 560 2930 ἐν
576 2896 634 2929 alt.
653 2907 721 2929 om.
741 2894 784 2928 B.
931 2905 986 2929 20.
1011 2894 1167 2938 πλήττων
1185 2894 1228 2928 Β.
1373 2906 1427 2928 21.
1456 2896 1655 2940 ψάλλοντος
1671 2896 1715 2929 Α.

149 2945 342 2988 ψαλμῳδοῦ
360 2941 452 2976 Edd.
745 2951 798 2975 22.
824 2939 895 2975 οἷον
910 2941 969 2975 iid.
987 2941 1103 2975 invitis
1122 2941 1211 2975 A.B.
1274 2941 1415 2985 μετρίως
1431 2953 1494 2986 pro
1510 2942 1656 2986 μετρίοις
1672 2942 1715 2975 A.

152 3000 208 3034 25.
232 2990 340 3024 αὐτῶν
357 2989 448 3024 Edd.
925 2987 979 3022 26.
1006 2986 1076 3033 καὶ]
1100 2992 1136 3029 -†-
1159 2988 1192 3022 ἐν
1209 2987 1268 3022 iid.
1288 2988 1404 3022 invitis
1421 2988 1512 3022 A.B.
1586 2989 1638 3023 καὶ
1655 3000 1716 3034 pro

152 3037 207 3071 ἐὰν
225 3037 267 3070 A.

884 3102 1001 3145 5A2
