2021 3434
271 187 350 226 188
667 188 716 229 Β.
759 187 1028 227 CYRILLI
1071 187 1447 226 ALEXANDR.
1717 185 1770 225 ix.
1795 195 1831 236 7.

335 298 496 341 ὃόσεὼε
537 315 622 349 σου,
665 302 731 340 καὶ
773 301 1067 341 κακωθι’σεται
1093 299 1267 355 Ἰσραὴλ
1303 300 1448 355 ὥσπερ
1486 298 1508 339 ὁ
1546 297 1769 354 ΠροφήτΗε
1812 297 1835 339 ὁ

333 382 675 438 Παρεξεστι-ικὼε,
702 383 724 423 ὁ
751 382 977 439 ἅνθρωπος
1003 382 1026 424 ὁ
1052 383 1420 438 Πνευματοφόροε.

329 508 479 565 ’Έθος
519 510 576 576 ἧν
616 517 711 566 τοῖς
750 512 807 581 ἐξ
844 511 1043 579 Ἰσραὴλ
1090 512 1197 565 τοὺς
1241 516 1335 563 τῶν
1385 511 1532 577 ἁγίων
1580 514 1838 579 προφητῶν

263 593 572 644 ἀποσείεσθαι
611 593 797 660 λόγους,
846 597 920 645 καὶ
970 593 1101 645 οὐδὲν
1151 595 1368 660 ἡγεῖσθαι
1417 592 1477 645 τὰ
1525 592 1653 658 παρὰ
1700 596 1838 655 Θεοῦ,

265 674 411 726 καίτοι
453 675 688 730 πολλάκις
727 676 798 728 ὅτι
841 680 1006 728 παθεῖν
1055 677 1210 730 αὐτοῖς
1260 675 1562 740 συμβήσεται
1609 673 1667 726 τὰ
1713 673 1878 726 δεινά5

220 765 246 805 b
264 756 677 824 προηγορευκότος.
736 761 812 809 καὶ
843 764 958 824 γοῦν
985 760 1009 809 ὁ
1034 762 1127 809 τῶν
1151 757 1277 809 ὅλων
1304 757 1425 812 Θεὸς
1461 757 1844 824 προσπεφώνηκέ

43 850 163 923 geel}
264 861 355 889 που
392 843 458 909 τῷ
500 839 722 909 προφήτῃ
766 840 920 906 λέγων
957 839 1172 906 Ἰεζεκιήλ
1210 847 1238 869 “
1258 839 1341 891 Υἱὲ
1378 839 1638 906 ἀνθρώπου,
1677 837 1774 889 ἰδοὺ
1813 839 1838 888 ὁ

43 917 98 968 ὲ8]
118 905 169 935 ²¹⁹
264 926 291 949 “
319 918 442 975 οἶκος
488 923 688 990 Ἰσραὴλ
732 923 756 973 ὃ
806 923 1189 989 παραπικραίνων
1240 921 1456 988 λέγοντες
1507 921 1732 987 λέγουσιν
1771 922 1836 971 Ἡ

264 1009 291 1032 “
317 1003 481 1070 ὅρασις
516 1005 573 1070 ἢν
607 1005 741 1060 οὗτος
779 1007 864 1075 ὁρᾷ
899 1009 960 1060 εἷς
998 1006 1169 1073 ἡμέρας
1206 1005 1407 1067 πολλὰς,
1441 1007 1517 1056 καὶ
1555 1007 1616 1059 εἷς
1654 1004 1837 1069 καιροὺς

262 1095 290 1117 “
313 1089 446 1144 οὗτος
489 1089 788 1159 προφητεύει.
854 1089 929 1141 διὰ
972 1095 1109 1141 τοῦτο
1154 1088 1282 1141 εἰπὸν
1323 1089 1441 1156 πρὸς
1497 1089 1663 1143 αὐτούς
1713 1087 1836 1140 Τάδε
1860 1112 1906 1136 10

262 1178 288 1199 “
314 1171 440 1238 λέγει
461 1172 665 1224 Ἀδωναῒ
700 1172 871 1239 Κύριος
897 1174 972 1224 Οὐ
1006 1171 1070 1237 μὴ
1103 1171 1374 1237 μηκύνωσιν
1406 1172 1555 1223 οὐκέτι
1586 1173 1755 1226 πάντες
1795 1175 1837 1223 οἱ

260 1264 288 1285 “
314 1256 448 1323 λόγοι
498 1281 602 1322 μου,
654 1258 731 1313 οὓς
779 1256 836 1309 ἂν
888 1257 1104 1322 λαλήσω·
1179 1257 1249 1309 ὅτι
1298 1258 1502 1322 λαλήσω
1559 1257 1706 1323 λόγον
1761 1262 1835 1311 καὶ

261 1345 288 1368 “
313 1340 513 1404 ποιήσω,
549 1340 674 1407 λέγει
709 1341 911 1392 Ἀδωναῒ
953 1340 1167 1407 Κύριος.”
1233 1346 1442 1391 τοιοῦτον
1475 1341 1524 1391 τί
1558 1344 1680 1409 φησι
1719 1344 1829 1392 κάν-

221 1421 386 1472 Οθοίδε·
427 1423 563 1483 ἧκασι
591 1424 682 1489 γάρ
706 1427 856 1491 φησιν
890 1430 937 1474 αἱ
965 1422 1112 1492 ἡμέραι
1148 1421 1223 1482 τῆς
1256 1419 1532 1480 ἐκδικήσεως.
1589 1422 1746 1487 ὅμοιον
1773 1425 1834 1478 ὡς

258 1506 295 1553 εἰ
333 1502 465 1570 λέγοι
491 1502 666 1570 Ἐγγυς
695 1505 722 1568 ἡ
758 1505 874 1569 δίκη,
904 1507 977 1555 καὶ
1016 1504 1083 1555 ἐπ’
1117 1505 1275 1557 αὐταῖς
1313 1503 1400 1568 ἤδη
1439 1502 1598 1570 θύραις
1636 1505 1661 1555 ὁ
1690 1504 1832 1570 ἀγὼν,
1856 1524 1900 1562 15

257 1587 422 1650 γείτων
448 1586 475 1650 ἡ
502 1586 744 1655 συμφορὰ,
770 1589 845 1637 καὶ
880 1588 927 1637 ἐν
964 1588 1230 1656 ὀφθαλμοῖς
1256 1587 1280 1636 ὁ
1304 1585 1524 1650 πόλεμος.
1590 1586 1833 1652 ἐνέστηκεν

257 1670 279 1729 ἦ
323 1667 397 1729 τῆς
437 1666 769 1724 ἀνταποδόσεως
819 1669 972 1738 ἡμέραι.
1047 1668 1300 1739 κακουμένῳ
1349 1669 1403 1720 δέ
1445 1690 1538 1732 σοι,
1590 1671 1753 1737 φησὶν,
1799 1668 1835 1721 ὦ

256 1750 450 1821 Ἰσραὴλ,
477 1749 896 1818 συγκακωθήσεται
927 1749 1126 1813 πάντως,
1155 1753 1230 1801 καὶ
1263 1751 1310 1801 ἐν
1343 1750 1434 1821 ἴσῳ
1470 1749 1628 1820 τρόπῳ
1653 1753 1833 1821 μεθέξει

257 1835 339 1896 τῆς
379 1835 520 1898 δίκης,
562 1838 655 1887 πᾶς
695 1834 719 1883 ὁ
763 1834 811 1884 ἐν
853 1835 930 1884 σοὶ
975 1831 1388 1902 ψευδοπροφήτης,
1433 1838 1451 1885 ὁ
1498 1834 1833 1903 παρεξεστηκῶς

255 1913 487 1986 ἄνθρωπος,
537 1915 791 1978 τουτέστιν,
843 1916 867 1966 ὁ
916 1914 1074 1968 ἔνθους
1123 1915 1198 1965 καὶ
1247 1914 1534 1979 μαινόμενος,
1579 1917 1653 1966 καὶ
1709 1918 1825 1968 ἀπο·
1853 1942 1901 1967 20

256 1996 478 2052 λωλεκως
511 1997 593 2052 τὰς
625 1997 808 2067 φρένας,
845 1997 897 2049 ὃν
930 1996 993 2048 σὺ
1034 1996 1272 2061 νενόμικας
1312 1994 1424 2048 εἶναι
1462 2000 1828 2070 πνευματοφόρον.

211 2085 236 2125 d
256 2080 372 2143 ὁμοῦ
408 2079 501 2147 γὰρ
534 2085 629 2134 τοῖς
664 2080 830 2134 ἄλλοις
868 2079 1130 2132 διολώλασι
1161 2079 1282 2130 οἵτε
1321 2082 1449 2145 ἱερεῖς
1483 2083 1577 2130 τῶν
1616 2081 1830 2149 ὑψηλῶν,

255 2163 329 2212 καὶ
364 2165 406 2213 οἱ
439 2167 532 2214 τῶν
565 2162 770 2214 εἰδώλων
797 2164 1085 2228 θεραπευταὶ,
1112 2163 1187 2212 καὶ
1213 2161 1383 2215 πάντες
1422 2160 1527 2212 ὅσοι
1560 2165 1831 2230 ψευδοεπεῖς

253 2266 302 2294 τε
347 2247 422 2295 καὶ
473 2244 811 2314 ψευδομάντεις
854 2244 978 2309 ἦσαν
1027 2247 1076 2295 ἐν
1124 2247 1190 2312 τῷ
1234 2243 1452 2310 Ἰσραήλ.
1532 2243 1686 2308 ἐπειδὴ
1736 2245 1829 2312 γὰρ

253 2326 500 2388 μαίνεσθαι
532 2333 903 2394 προσεποιοῦντο
934 2325 1018 2381 τὰς
1054 2326 1270 2390 μαντείας
1305 2325 1581 2388 ποιούμενοι,
1609 2329 1683 2378 καὶ
1716 2333 1823 2396 φοι-
1849 2354 1895 2391 25

252 2412 346 2467 βᾶν
386 2409 696 2477 ὑπεκρίνοντο,
736 2408 953 2477 ταύτῃτοι
988 2411 1063 2460 καὶ
1106 2407 1316 2478 ἄνθρωπον
1347 2408 1710 2478 παρεξεστηκέτοι
1747 2411 1829 2463 τὸν

252 2496 461 2543 τοιοῦτον
493 2490 718 2557 ὀνομάζει.

302 2668 332 2691 2.
359 2660 376 2691 ὁ
395 2659 489 2703 prius
507 2663 726 2702 assumptum
745 2669 785 2691 ex
804 2657 894 2691 B.D.
913 2656 988 2702 (62,
1008 2656 1063 2696 86,
1086 2657 1183 2702 147.)
1460 2655 1493 2690 6.
1519 2655 1825 2702 προηγορευκότος]

254 2707 551 2749 περιηγορευκότος
568 2704 660 2739 Edd.
766 2716 797 2749 7.
824 2704 933 2749 λέγων
950 2703 1091 2747 ἶεζεκιήλ
1110 2704 1174 2737 hoc
1193 2702 1314 2737 ordine
1333 2702 1426 2737 B.D.
1532 2714 1565 2748 9.
1591 2705 1659 2748 ὥρα
1677 2703 1764 2748 (Sic)
1780 2704 1826 2738 D.

253 2752 396 2794 μακροὺς
414 2758 492 2795 post
510 2752 642 2796 καιροὺς
658 2751 738 2785 add.
758 2751 849 2785 Edd.
868 2751 983 2785 invitis
1002 2751 1096 2784 B.D.
1320 2761 1371 2794 13.
1398 2749 1564 2794 τοιοῦτον]
1584 2752 1715 2783 τοιοῦτο
1733 2750 1825 2784 Edd.

259 2807 311 2840 15.
337 2797 365 2830 εἷ
383 2797 477 2831 deest
494 2798 529 2832 in
549 2798 639 2833 Edd.
658 2802 738 2832 ante
758 2798 891 2842 Migne.
940 2796 1056 2841 θήραις
1074 2796 1164 2831 Edd.
1183 2803 1262 2831 ante
1282 2796 1414 2841 Migne.
1553 2808 1605 2841 19.
1630 2798 1694 2832 πᾶς
1713 2804 1792 2841 post
1808 2799 1827 2831 ὁ

254 2849 385 2888 transp.
406 2844 495 2879 Edd.
732 2856 786 2889 23.
814 2845 843 2878 οἱ
861 2856 930 2879 om.
951 2844 996 2878 D.
1234 2854 1287 2888 25.
1314 2842 1504 2887 ποιούμενοι
1524 2843 1616 2878 B.D.
1630 2843 1665 2878 b.
1683 2845 1826 2888 ποιησό-

252 2904 344 2933 μενοι
364 2889 454 2923 Edd.
