2021 3434
138 145 208 187 xii.
230 160 270 199 9,
298 160 358 186 10.
591 148 662 188 IN
704 148 941 189 OSEAM.
1004 147 1152 187 TOM.
1191 147 1267 187 VI.
1629 148 1712 186 253

136 255 185 304 ἐν
209 259 422 319 σκηναῖς,
452 258 501 307 ἐν
537 261 635 311 ταῖς
669 256 856 324 ἡμέραις
891 259 973 320 τῆς
999 257 1072 307 ἐπὶ
1104 255 1283 308 τούτοις
1307 254 1479 321 ἑορτῆς.
1549 254 1714 304 οὐκοῦν

137 336 504 404 ἀπροφάσιστος
529 339 558 403 ἡ
584 338 723 403 λήθη.

209 416 350 470 Ἀλλ’
380 418 545 485 ἐζήτεις
579 420 695 475 ἰ’σως
729 420 892 472 εἰδέναι
927 424 1020 471 τῶν
1058 419 1293 482 ἐσομένων
1316 417 1432 481 τινὰ,
1459 420 1532 468 καὶ
1562 424 1712 469 πολυ-

135 506 422 566 πραγμονεῖν
458 502 658 563 ἐβούλου
691 501 751 554 τὰ
790 502 908 553 κατὰ
947 500 1142 553 σαυτόν·
1189 503 1264 552 καὶ
1308 502 1356 552 τί
1397 505 1585 564 μᾶλλον
1624 500 1712 550 ἔδει

95 593 119 631 5
137 583 379 648 προσιέναι
420 589 515 638 τοῖς
558 584 906 653 ψευδομάντεσι
957 590 1038 635 τοῦ
1090 584 1241 645 Βάαλ,
1285 583 1432 648 ἤγουν
1474 587 1568 635 τοῖς
1618 585 1712 632 τῶν

136 665 454 733 ψευδωνύμων
497 670 629 730 θεῶν,
667 667 742 717 καὶ
785 667 892 733 παρ’
935 667 1087 716 αὐτῶν
1135 664 1194 716 τὰ
1237 663 1388 716 τοιάδε
1433 662 1594 729 ζητεῖν,
1637 665 1712 714 καὶ

137 747 239 814 οὐχὶ
271 746 326 811 δὴ
359 752 548 810 μᾶλλον
586 747 1022 813 ἀναμιμνήσκεσθαι
1052 751 1232 816 σοφῶς,
1259 745 1328 797 ὅτι
1355 745 1490 797 λαλῶ
1515 743 1597 807 μὲν
1623 744 1710 810 ἐγὼ
1728 754 1755 794 b

137 827 243 898 πρός
271 831 521 899 Προφήτοις,
548 829 763 891 ἐπλήθυνοι
800 828 850 881 δὲ
890 832 965 880 καὶ
1005 828 1186 901 ὁράσεις,
1212 828 1439 890 τουτέστι,
1465 827 1571 893 παρ’
1601 829 1711 889 ἐμοῦ

137 916 229 965 πᾶς
269 912 402 962 ε”σται
443 912 589 978 λόγος
631 911 935 981 προφητείας,
984 914 1060 962 καὶ
1107 912 1194 976 ἤδη
1244 909 1450 976 γέγονεν,
1501 911 1554 960 οὐ
1602 910 1711 975 παρ’

71 1010 119 1036 10
137 993 289 1060 ἑτέρου
331 1017 414 1045 του
458 999 552 1046 τῶν
589 994 910 1064 ψευδωνύμων
952 998 1085 1045 θεῶν.
1152 995 1250 1058 ἐμοὶ
1289 992 1381 1059 γὰρ
1421 991 1714 1042 ἀνακείσεται

135 1074 263 1145 μόνῳ
302 1075 355 1127 τὸ
389 1079 464 1127 καὶ
500 1077 662 1127 εἰδέναι
695 1075 753 1126 τὰ
785 1075 1002 1139 ἐσόμενα,
1032 1077 1105 1126 καὶ
1135 1077 1400 1138 μεμνῆσθαι
1426 1079 1519 1125 τῶν
1545 1097 1709 1143 παρῳ-

136 1156 361 1224 χημένων.
424 1159 534 1210 ἀλλ’
560 1157 850 1224 ἐμιμήσαντο
884 1180 955 1221 με,
987 1159 1150 1225 φησὶν,
1182 1160 1224 1207 οἱ
1258 1156 1546 1220 τετιμημένοι
1583 1155 1713 1222 παρὰ

136 1244 226 1289 σοῦ
270 1240 605 1308 ψευδομάντεις
648 1242 724 1291 καὶ
766 1242 1174 1309 ψευδοπροφῆται.
1245 1238 1382 1290 τοῦτό
1433 1240 1535 1289 ἐστι
1578 1237 1632 1289 τὸ
1674 1239 1713 1289 ἐν

136 1324 259 1388 χερσὶ
308 1322 539 1392 Προφητῶν
585 1321 806 1391 ὡμοιώθην.
871 1321 1036 1387 ἐζήτεις
1081 1322 1189 1388 παρ’
1241 1322 1393 1372 αὐτῶν
1445 1321 1607 1371 εἰδέναι
1654 1320 1714 1371 τὰ

70 1424 116 1463 15
136 1404 386 1467 μέλλοντα.
454 1403 565 1468 εἶτα,
609 1403 715 1458 τοὺς
759 1404 892 1467 ἐμοὺς
935 1403 1248 1468 πλαττόμενοι
1299 1403 1487 1468 λόγους,
1530 1405 1605 1454 καὶ
1654 1401 1752 1453 τάο

135 1490 228 1537 τῶν
265 1489 386 1550 ἐμῶν
420 1491 690 1556 Προφητιῦν
729 1487 842 1554 ε’]ογα
879 1485 1163 1551 μιμούμενοι,
1191 1485 1250 1537 τὰ
1287 1485 1381 1537 ἀπὸ
1414 1486 1601 1552 καρδίας
1633 1487 1713 1536 αῦ-
1774 1502 1867 1553 Higf.
1901 1546 1920 1577 6

136 1573 230 1619 τῶν
270 1570 520 1635 ἠρεύγοντό
558 1593 652 1621 σοι.
721 1571 795 1620 καὶ
839 1575 954 1634 γοῦν
989 1568 1208 1635 Ἱερεμίας
1245 1567 1329 1633 μὲν
1367 1569 1392 1618 ὁ
1433 1566 1709 1636 Προφήτης,
1773 1557 1932 1578 xxm.1.

137 1650 320 1705 κλοιοῦς
350 1653 485 1704 ἐτίθει
519 1652 735 1721 ξυλίνους
772 1653 877 1718 περὶ
915 1650 996 1702 τὸν
1033 1650 1272 1719 τράχηλον
1307 1652 1460 1714 αὐτοῦ,
1496 1654 1620 1702 Θεοῦ
1658 1650 1711 1702 τὸ
1773 1655 1875 1731 gxiv
1905 1711 1915 1731 Ι

137 1735 295 1800 χρῆμα
344 1734 560 1800 γενέσθαι
609 1732 1005 1801 προστάττοντος.
1089 1733 1470 1797 ἀντιταττόμενος
1520 1732 1568 1783 δὲ
1618 1737 1713 1786 τοῖς

70 1839 119 1864 20
138 1815 278 1865 αὐτοῦ
309 1814 468 1882 λόγοις
499 1818 524 1867 ὁ
558 1815 956 1886 ψευδοπροφήτης
987 1816 1219 1879 Ἀνανίας,
1254 1814 1420 1877 λαβὼν
1457 1815 1712 1884 συνέτριψε

1771 1901 1821 1932 Ib.

137 1895 244 1950 τοῦς
281 1897 477 1962 κλοιοῦς,
512 1899 602 1968 ἔφη
639 1922 688 1950 ‘re
728 1907 754 1929 ‘⁶
775 1900 941 1952 Οὕτως
980 1895 1077 1949 Εῗπε
1118 1898 1290 1965 Κύριος
1329 1898 1598 1966 Συνέτριψα
1629 1896 1711 1948 Τὸν
1771 1955 1860 1975 xxxv
1888 1955 1904 1976 2

139 1986 165 2009 ‘⁶
192 1979 328 2047 ζυγὸν
365 1986 446 2032 τοῦ
480 1981 717 2042 βασιλέως
750 1981 1077 2042 Βαβυλῶνος.”
1143 1979 1281 2032 τοῦτό
1319 1982 1464 2044 ἐστιν,
1492 1982 1553 2034 ὡς
1577 1979 1710 2048 ἔφην,

137 2061 191 2112 τὸ
219 2063 255 2113 ἓν
278 2070 400 2132 χερσὶ
427 2063 652 2133 προφητῶν
677 2062 902 2133 ὡμοιώθην.

202 2142 460 2210 ’Έγκλημα
496 2145 552 2209 δὴ
586 2147 666 2196 οῦν
698 2149 765 2214 τῷ
788 2145 1014 2214 Ἐφραῒμ,
1040 2145 1109 2196 ὅτι
1143 2146 1289 2196 καίτοι
1320 2147 1456 2212 σαφῆ
1487 2143 1572 2208 τὴν
1599 2143 1710 2195 ὑπό-
1728 2149 1756 2190 (l

69 2245 116 2283 25
136 2251 311 2292 μνησιν
343 2228 462 2296 ἔχων
494 2228 579 2293 τὴν
612 2228 705 2281 ἀπό
736 2252 789 2295 γε
824 2233 905 2294 τῆς
943 2231 1103 2296 ἑορτῆς
1139 2232 1222 2294 τῆς
1256 2229 1594 2294 σκηνοπηγίας,
1628 2232 1711 2293 τῆς

136 2309 298 2379 ἐξόδου
341 2314 421 2374 τῆς
462 2311 518 2380 ἐξ
554 2312 794 2377 Αἰγύπτου
831 2312 1152 2378 γεγενημένης,
1194 2310 1531 2362 ἐπελανθάνετο
1571 2314 1709 2374 Θεοῦ,

136 2397 211 2446 καὶ
237 2395 307 2446 ὅτι
338 2395 401 2460 μὴ
435 2401 624 2460 μᾶλλον
658 2395 798 2448 αὐτὸν
831 2397 1070 2464 ἐζήτησεν,
1100 2399 1161 2451 ὡς
1192 2402 1437 2447 λαλοῦντα
1467 2397 1574 2466 πρὶς
1600 2408 1708 2466 Προ-

136 2478 296 2546 φῆτοις,
325 2479 386 2531 ὡς
416 2478 582 2547 ὁράσεις
615 2477 948 2539 πεπληθυκότα·
1000 2478 1273 2545 προσέκειτο
1306 2477 1352 2529 δὲ
1386 2483 1577 2542 μᾶλλον
1609 2484 1711 2534 ταῖς

135 2564 228 2610 τῶν
254 2562 662 2629 ψευδοπροφητῶν
695 2560 892 2614 ἀπάταις
925 2559 1260 2625 πλαττομένων
1283 2559 1342 2611 τὰ
1374 2566 1456 2611 τοῦ
1481 2563 1604 2612 Θεοῦ
1634 2560 1710 2612 διά

67 2665 116 2701 30
135 2665 183 2693 τε
209 2645 368 2708 λόγων
393 2644 467 2693 καὶ
490 2641 723 2712 πράξεων.

181 2807 215 2841 8.
241 2806 276 2840 δέ
294 2817 364 2840 om.
384 2806 430 2840 D.
639 2818 691 2842 10.
718 2821 776 2841 του
794 2806 841 2841 D.
861 2822 925 2842 σου
945 2807 987 2842 B.
1006 2807 1098 2842 Edd.
1315 2818 1369 2842 12.
1394 2809 1643 2854 παρῳχηκότων
1660 2808 1708 2842 D.

138 2864 191 2895 14.
217 2853 382 2896 ὁμοιώθην
400 2852 490 2887 Edd.
508 2853 617 2888 invito
636 2854 682 2889 D.
838 2865 892 2888 22.
919 2857 980 2888 τοῦ
996 2860 1218 2899 assumptum
1235 2866 1277 2889 ex
1296 2854 1342 2888 D.
1499 2864 1553 2900 25.
1579 2855 1638 2898 τὴν
1655 2867 1710 2889 as-

134 2905 316 2944 sumptum
333 2911 375 2933 ex
394 2900 488 2935 B.D.
670 2900 725 2936 26.
752 2901 789 2945 ἐξ
806 2908 1029 2947 assumptum
1046 2913 1088 2936 ex
1107 2901 1202 2937 B.D.
1251 2901 1510 2948 ἐπελανθάνετο]
1532 2906 1567 2943 -1-
1584 2904 1644 2937 τοῦ
1662 2902 1710 2938 D.

135 2947 190 2981 28.
216 2947 472 2991 πεπληθυνκότα
491 2947 538 2982 D.
