2021 3434
113 223 139 264 i.
168 238 228 265 11.
577 227 652 269 IN
694 228 932 269 OSEAM.
992 226 1144 268 TOM.
1188 226 1224 265 I.
1632 226 1679 262 41

110 341 194 387 τοῦ
218 338 442 403 μεγάλου,
470 339 546 391 ὅτε
572 343 646 391 καὶ
672 339 755 392 τὸν
779 345 902 392 θεῖον
928 340 1222 403 ἀνεδείμαντο
1254 335 1378 398 ναὸν,
1406 336 1480 386 καὶ
1506 337 1602 385 τῶν
1626 338 1688 388 εἰς

109 417 193 469 τὸν
241 417 367 471 οἷκον
413 421 592 490 εἴχοντο
643 421 1042 483 σπουδασμάτων.
1118 418 1467 483 Συναχθήσονται
1517 416 1684 478 τοίνυν,

111 502 277 568 φησὶν,
333 509 367 554 οἱ
417 509 490 556 υἱοὶ
542 502 686 557 ’1063‘oe
742 511 819 557 καὶ
870 512 905 557 οἱ
956 510 1030 556 υἱοὶ
1079 502 1259 573 Ἰσραὴλ
1310 498 1552 562 immam),
1605 504 1730 550 καὶᾶ

111 580 304 642 θήσονται
348 585 515 642 ἑαυτοῖς
559 585 688 655 ἀρχὴν
726 590 847 655 μίαν,
893 592 969 638 καὶ
1019 587 1314 646 ἀναβήσονται
1369 588 1418 634 ἐκ
1461 580 1536 641 τῆς
1580 579 1682 647 'fif'

69 664 184 715 5ἵνα
221 664 307 730 τὴν
344 672 438 719 τῶν
471 669 765 736 ἀλλοφύλων
795 671 966 736 ἐννοῇς,
994 672 1055 721 εἷς
1090 666 1147 726 ἣν
1184 667 1258 717 καὶ
1293 664 1686 727 ἀπεκομίσθησαν

109 747 401 814 αἰχμάλωτοι
448 749 703 816 γεγονότες.
778 748 832 801 τὸ
885 750 932 801 δὲ
967 748 1074 800 ’Ὀτι
1126 746 1312 816 μεγάλη
1361 746 1382 805 ἦ
1430 742 1566 814 ἦμέρα
1615 746 1686 795 τοῦ

109 827 307 899 Ἰεσ-ροίελ
338 835 404 900 τῷ
437 835 519 896 τῆς
555 833 763 899 ἱστορίας
797 833 884 900 οὐχ
919 830 1116 899 αρμόσει
1151 829 1299 898 λόγῳ.
1354 829 1520 879 οὐκοῦν
1544 828 1686 877 ἐκεῖνο

111 911 278 978 φαμέν·
342 912 417 963 ὅτε
451 912 544 980 γὰρ
587 913 865 979 κεκλήσεται
908 913 1024 967 λαὸς
1062 917 1187 964 Θεοῦ
1225 912 1249 961 ὁ
1283 908 1499 976 Ἰσραὴλ,
1541 909 1688 959 καίτοι

111 991 186 1043 διὰ
210 995 440 1060 πλείστην
466 994 587 1060 ὅσην
616 996 899 1057 δυσσέβειαν
926 993 1257 1059 ὠνομασμένος
1285 993 1361 1043 Οὐ
1387 989 1517 1053 λαὸς,
1543 989 1688 1041 καθά-

46 1097 92 1123 10
110 1097 198 1142 περ
238 1076 325 1140 ἤδη
367 1079 659 1144 προείπομεν,
700 1078 804 1130 τότε
847 1076 1233 1146 συναχθήσονται
1270 1074 1406 1125 αὐτοί
1442 1095 1493 1124 τε
1532 1073 1606 1122 καὶ
1645 1075 1686 1122 οἱ

111 1159 196 1208 υἱοὶ
221 1157 385 1221 Ἰούδα,
410 1160 639 1224 τουτέστι,
664 1165 800 1212 πᾶσα
830 1159 999 1212 λοιπὸν
1024 1161 1052 1224 ἡ
1078 1161 1125 1211 ἐν
1150 1157 1367 1226 ἐσχάτοις
1394 1158 1568 1222 καιροῖς
1592 1158 1687 1205 τῶν

109 1239 344 1291 Ἰουδαίων
368 1242 669 1308 εὑρισκομένη
696 1241 894 1307 πληθὺς,
922 1244 998 1294 καὶ
1033 1241 1122 1294 ὑπὸ
1157 1242 1267 1305 μίαν
1302 1239 1490 1289 ε”σονται
1517 1235 1684 1290 πάντες
1702 1260 1723 1285 e

109 1321 274 1389 ἀρχὴν,
311 1324 537 1387 τουτέστι,
574 1325 804 1390 Χριστόν.
885 1325 964 1375 καί
998 1347 1041 1376 τι
1082 1329 1292 1375 τοιοῦτον
1331 1319 1379 1372 δὲ
1417 1318 1492 1370 διὰ
1528 1321 1686 1387 φωνῆς

109 1405 326 1472 Ἰεζεκιὴλ
369 1408 800 1477 προαναπεφώνηκε
845 1409 1000 1474 λέγων
1045 1409 1068 1458 ὁ
1111 1411 1204 1457 τῶν
1249 1405 1376 1456 ὅλων
1419 1400 1539 1455 Θεὸς
1581 1402 1687 1467 περὶ

46 1504 92 1542 15
110 1491 325 1554 Χριστοῦ
364 1491 503 1539 “Kal
538 1489 796 1555 ἀναστήσω
832 1491 899 1541 ἐπ’
929 1488 1093 1542 αὐτοὺς
1128 1487 1326 1551 ποιμένα
1359 1485 1438 1535 ἕνα
1472 1485 1547 1534 καὶ
1585 1506 1687 1534 ποι-

111 1577 138 1600 “
162 1576 302 1634 μανεῖ
334 1571 512 1635 αὐτοὺς,
554 1571 636 1623 τὸν
677 1571 848 1623 δοῦλόν
892 1595 981 1636 μου
1023 1573 1211 1633 Δαυεὶδ,
1247 1571 1322 1620 καὶ
1363 1567 1496 1618 ε”σται
1534 1566 1686 1617 αὐτῶν

110 1654 329 1718 ποιμήν.”
404 1653 614 1721 ὀνομάζει
666 1654 714 1706 δὲ
766 1657 940 1706 Δαυεὶδ
981 1653 1063 1705 τὸν
1107 1655 1156 1704 ἐκ
1197 1651 1468 1718 σπέρματος
1511 1649 1687 1699 Δαυεὶδ

109 1736 337 1802 γεγονότα
380 1735 498 1787 κατὰ
543 1736 712 1803 σάρκα,
755 1735 984 1802 Χριστόν.
1072 1736 1236 1787 οὐκοῦν
1275 1731 1559 1797 κεκλημένης
1598 1730 1687 1795 ἤδη

110 1821 192 1883 τῆς
215 1823 310 1870 τῶν
335 1821 480 1870 ἐθνῶν
500 1820 688 1885 ἀγέλης,
705 1819 1121 1884 εἷσκομισθήσεται
1146 1821 1408 1870 τελευταῖος
1429 1816 1453 1865 ὁ
1469 1811 1685 1880 Ἰσραὴλ,

1748 1499 1868 1531 Ezech.

1748 1545 1859 1575 xxxiv.

1748 1597 1798 1628 23.

45 1924 93 1949 20
112 1902 187 1952 καὶ
213 1901 302 1952 ὑπὸ
336 1903 446 1965 μίαν
480 1901 668 1953 ἔσονται
701 1900 870 1955 πάντες
906 1899 1070 1968 ἀρχήν,
1100 1907 1176 1952 καὶ
1209 1899 1505 1959 ἀναβήσονται
1535 1896 1723 1964 φησῖνει
1762 1911 1820 1944 30
1840 1910 1890 1944 A.

111 1984 162 2036 ἐκ
187 1990 259 2044 τῆς
285 1989 384 2050 γῆς.
451 1986 592 2049 δηλοῖ
621 1984 669 2035 δὲ
703 1982 830 2049 οἶμαι
862 1986 990 2035 τουτὶ
1020 1988 1115 2037 τοῖς
1147 1987 1337 2033 νοοῦσιν
1369 1981 1532 2046 ὀρθῶς,
1558 1976 1586 2042 ἢ
1616 1977 1685 2028 ὅτι

110 2066 262 2132 πάντη
307 2090 356 2118 τε
401 2069 475 2117 καὶ
517 2065 703 2120 πάντως
746 2069 787 2118 οἱ
829 2065 911 2117 τὸν
948 2071 1030 2116 τοῦ
1071 2067 1291 2130 Σωτῆρος
1336 2060 1686 2129 προσηκάμενοι

111 2147 249 2215 ζυγὸν
289 2148 646 2214 ἀποστήσονται
682 2147 851 2200 λοιπὸν
895 2154 978 2200 τοῦ
1018 2151 1206 2216 φρονεῖν
1249 2145 1308 2197 τὰ
1351 2147 1425 2196 ἐπὶ
1463 2146 1546 2206 τῆς
1583 2144 1684 2208 γῆς,

111 2233 186 2282 καὶ
228 2233 439 2296 ἀμείνους
487 2232 674 2282 ἔσονται
718 2229 1017 2301 φρονήματος
1059 2234 1305 2295 σαρκικοῦ·
1357 2231 1554 2278 τοιοῦτοι
1592 2224 1686 2290 γὰρ

46 2338 92 2375 25
111 2312 279 2367 πάντες
317 2316 358 2364 οἱ
401 2312 490 2364 ὑπὸ
535 2317 734 2382 Χριστῷ
771 2312 1030 2379 γεγονότες·
1084 2313 1159 2361 καὶ
1197 2309 1491 2362 πιστώσεται
1531 2306 1687 2372 λέγων

112 2394 386 2461 ὁμακάριος
426 2396 600 2446 Δαυείδ
639 2393 799 2446 ““Ou
843 2400 924 2446 τοῦ
970 2397 1094 2444 Θεοῦ
1140 2395 1182 2442 οὶ
1222 2392 1430 2457 κραταιοῖ
1469 2392 1551 2453 τῆς
1600 2391 1686 2455 γῆς

111 2484 139 2506 “
164 2478 356 2546 σφόδρα
394 2478 692 2544 ἐπήρθησαν”
735 2480 810 2528 καὶ
844 2476 937 2541 μὴν
972 2478 1047 2526 καὶ
1082 2476 1105 2525 ὁ
1146 2477 1343 2527 Παῦλος
1382 2475 1493 2523 “Oi
1525 2470 1573 2523 δὲ
1603 2478 1685 2522 τοῦ

111 2565 138 2588 “
163 2562 378 2624 Χριστοῦ
412 2560 573 2623 Ἰησοῦ
611 2558 695 2623 τὴν
733 2556 888 2625 σάρκα
926 2555 1235 2622 ἐσταύρωσαν
1272 2553 1364 2605 σῦν
1401 2558 1496 2608 τοῖς
1533 2554 1684 2618 παθή-

111 2648 140 2671 “
164 2664 285 2706 μασι
319 2643 394 2692 καὶ
429 2645 528 2694 ταῖς
562 2641 858 2704 ἐπιθυμιάις·”
910 2639 1056 2704 ἤγουν
1088 2637 1157 2688 ὅτι
1190 2637 1430 2706 τεύξονται
1456 2638 1530 2687 καὶ
1557 2637 1685 2687 αὐτοὶ
1703 2646 1729 2684 b

47 2744 94 2779 30
112 2726 194 2788 τῆς
219 2722 524 2776 ἀναστάσεως
548 2726 642 2773 τῶν
669 2726 855 2788 νεκρῶν.

162 2905 194 2941 7.
220 2894 380 2940 ἁρμόσει]
399 2894 536 2939 ἁρμόζει
556 2892 647 2928 Edd.
709 2893 776 2927 ἐκεῖ
793 2904 855 2937 pro
874 2892 978 2927 ε’κεῖνο
996 2892 1055 2926 iid.
1271 2893 1304 2927 8.
1330 2892 1453 2938 φαμέν·
1481 2892 1537 2927 ὅτε
1553 2893 1620 2938 γὰρ
1640 2893 1685 2926 D.

113 2943 225 2987 φαμέν
242 2942 293 2976 ὅτι
310 2942 369 2976 iid.
686 2951 739 2984 13.
765 2941 818 2974 καί
834 2938 883 2984 τι]
903 2940 957 2974 καί
973 2954 1024 2974 τοι
1041 2939 1099 2975 iid.
1428 2951 1483 2974 22.
1509 2938 1557 2985 οἱ]
1578 2941 1612 2975 ἐς
1627 2939 1687 2974 iid.

116 2991 341 3070 udw‘ssw‘
361 2989 406 3023 D.
424 2990 555 3023 τοιοῦτο
574 2986 665 3021 Edd.
684 2993 762 3021 ante
781 2987 914 3031 Migne.
1173 2986 1226 3020 ²8.
1252 2985 1365 3030 Ἰησοῦ
1384 2989 1534 3032 Χριστοῦ
1552 2988 1689 3021 inverso

116 3047 154 3070 ΟΥ
180 3048 236 3070 Ine
294 3063 301 3071 ι

174 3107 265 3136 VOL.
289 3108 316 3135 Ι.
894 3106 919 3131 G

1748 2403 1801 2432 Ps.
1817 2403 1896 2433 xlvi.

1749 2456 1798 2478 10.

1747 2490 1820 2522 Gal.
1840 2502 1871 2522 v.

1750 2545 1796 2573 24.
