2021 3434
402 677 511 714 ΤΟΥ
542 677 720 715 ΑΎΤΟΎ
754 678 839 715 ΕΙΣ
871 678 983 716 TON
1019 678 1200 716 ATTON
1234 676 1543 715 ΠΡΟΦΗΤΗΝ
1577 675 1726 712 ΩΣΗΕ

689 835 1013 889 ΤΟΜΟΣ
1080 834 1445 888 ΤΡΙΤΟΣ.

89 1017 241 1070 Rapa<
271 1025 505 1068 Ἀκούσατε
545 1028 670 1075 λόΓον
711 1028 859 1084 Κυρίου
902 1025 940 1068 οἱ
979 1025 1059 1068 υἷοὶ
1088 1027 1261 1083 Ἰσραὴλ
1303 1026 1410 1068 διότι
1454 1025 1586 1082 κρίσις
1624 1025 1684 1078 τῲ
1724 1023 1861 1081 Κυρίῳ

343 1110 449 1166 Πρὸς
483 1112 580 1152 τοὺς
620 1115 919 1153 κατοικοῦντας
954 1112 1030 1154 τέιν
1062 1117 1146 1162 Γῆν,
1174 1112 1280 1154 διότι
1315 1112 1389 1152 οὐκ
1415 1112 1527 1153 ἔστιν
1554 1110 1734 1151 ἀλι-ἰθεια
1761 1109 1859 1150 οὐδὲ

169 1190 195 1229 b
237 1206 255 1229 2
342 1194 465 1235 ἔλεος
503 1194 600 1237 οὐδὲ
630 1194 856 1243 ἐπίγνωσις
883 1195 991 1237 Θεοῦ
1015 1196 1085 1237 ὲιτὶ
1121 1200 1193 1237 τιῗις
1229 1200 1313 1243 Γιῖις.
1373 1194 1455 1251 ἀρὰ
1495 1194 1562 1234 καί
1598 1192 1753 1244 ψεῦδος
1791 1192 1902 1236 καὶ5

343 1279 475 1332 φόνος
526 1278 593 1319 καί
643 1279 779 1320 κλοπὴ
832 1279 900 1320 καὶ
946 1278 1110 1335 μοιχεία
1159 1279 1379 1334 ἐκκέχυται
1427 1277 1496 1319 ἐπὶ
1543 1281 1616 1318 τιῗις
1661 1280 1745 1326 Γιῗις,
1790 1276 1859 1316 καὶ

343 1361 501 1408 αἵματα
536 1361 598 1417 ἐφ’
633 1362 780 1410 αἵμασι
812 1362 1038 1411 μὶσι-ουσιν.

347 1473 632 1540 Ἀναγκαῖον
668 1476 787 1540 ἡμᾶς
824 1478 1101 1543 διατρανοῦν
1135 1475 1382 1529 ἐθέλοντας
1415 1478 1509 1526 τῶν
1543 1471 1859 1545 προκειμένων

272 1556 355 1606 τὸν
396 1560 518 1620 νοῦν,
559 1561 810 1626 μονονουχὶ
852 1562 1177 1624 παλινάγρετα
1219 1561 1455 1609 ποιεῖσθαι
1496 1554 1556 1606 τὰ
1593 1557 1641 1606 ἐν
1679 1557 1857 1622 ἀρχαῖς,

274 1641 348 1688 καὶ
374 1638 488 1690 ὅλον
515 1638 678 1707 ὥσπερ
703 1640 1101 1707 ἀναμηρύσασθαι
1127 1643 1209 1704 τῆς
1233 1640 1522 1708 προφητείας
1553 1637 1635 1689 τὸν
1658 1636 1856 1689 σκοπόν.
1882 1661 1927 1686 10

237 1722 454 1783 ρούκοῦν,
501 1724 562 1775 ὡς
605 1722 682 1784 ἔνι,
725 1725 799 1773 καὶ
843 1724 891 1773 ἐν
936 1724 1142 1790 βραχέσι
1186 1719 1493 1787 συνενεγκὼν,
1534 1718 1676 1771 ἐκεῖνό
1720 1725 1855 1787 φημι.

54 1822 192 1862 Suprai.
274 1803 438 1869 γέγονε
488 1803 574 1867 μὲν
623 1804 716 1871 γὰρ
761 1804 930 1872 (ίᾶρχὴ
975 1805 1124 1870 λόγου
1169 1804 1345 1869 Κυρίου
1388 1805 1436 1854 ἐν
1471 1801 1667 1867 Ὠσηέ.”
1733 1804 1855 1868 διερ-

55 1876 83 1897 2’
273 1887 548 1950 μηνεύοντες
597 1885 645 1937 δὲ
705 1885 764 1937 τὰ
814 1885 982 1949 τοιάδε,
1031 1885 1149 1953 πρὸς
1198 1885 1281 1937 τὸν
1328 1883 1556 1951 μακάριον
1604 1883 1858 1950 προφήτην

272 1967 423 2032 Ὠσηὲ
455 1966 562 2021 τοὺς
598 1967 728 2034 παρὰ
763 1971 889 2019 Θεοῦ
927 1968 1148 2034 γενέσθαι
1188 1965 1362 2034 λόγους
1396 1966 1581 2021 εἰκότως
1619 1966 1857 2032 ἐλέγομεν,

271 2051 407 2100 οἱονεὶ
447 2054 876 2116 μυσταγωγοῦντος
918 2049 1072 2113 αὐτὸν,
1108 2051 1183 2101 καὶ
1228 2047 1287 2100 τὰ
1324 2049 1527 2113 ἐσόμενα
1563 2053 1852 2116 προαναφω·
1880 2073 1924 2108 15

272 2135 460 2186 νοῦντος
487 2131 563 2183 διά
595 2155 643 2183 τε
675 2130 836 2183 τύπων
866 2134 940 2183 καὶ
967 2130 1141 2198 λόγων.
1207 2130 1425 2199 ταύτῃτοι
1462 2129 1857 2197 παρελαμβάνετο

271 2214 355 2277 μὲν
380 2216 428 2265 ἐν
452 2215 617 2282 ἀρχαῖς
642 2214 670 2279 ἡ
695 2212 863 2280 Γόμερ,
889 2214 1033 2265 ἔτικτε
1062 2213 1110 2265 δὲ
1136 2213 1218 2265 τόν
1238 2236 1286 2265 τε
1305 2214 1381 2264 Οὐ
1400 2212 1516 2266 λαός
1541 2235 1647 2276 μου,
1669 2215 1743 2263 καὶ
1770 2212 1856 2277 τὴν

273 2297 378 2347 Οὐκ
421 2295 697 2361 ἠλεημένην.
777 2294 876 2347 εἶτα
925 2297 1022 2361 μετ’
1069 2296 1243 2359 ἐκείνην
1290 2293 1611 2364 προσελήφθη
1666 2294 1855 2361 δευτερα

229 2385 256 2426 d
271 2378 488 2446 μοιχαλίς
523 2401 572 2430 τε
609 2380 684 2430 καὶ
718 2377 915 2445 πονηρὰ,
942 2380 1017 2429 καὶ
1050 2377 1109 2429 τὰ
1143 2378 1214 2446 ἐφ’
1242 2375 1428 2448 ἑκάστῳ
1462 2377 1641 2428 τούτων
1671 2381 1855 2431 λεπτῶς

272 2483 322 2511 τε
353 2464 428 2511 καὶ
454 2463 659 2528 ἀκριβῶς
692 2461 716 2511 ὁ
741 2460 1005 2529 προφήτης,
1032 2462 1094 2514 ὡς
1119 2460 1252 2528 ἔφην,
1278 2459 1612 2529 ἐξεπαιδεύετο.
1679 2462 1741 2514 ὡς
1775 2461 1856 2511 οὖν
1877 2485 1926 2510 20

273 2543 564 2609 ἀποχρῶσαν
606 2547 690 2595 τοῦ
732 2543 992 2609 μυστηρίου
1035 2541 1120 2607 τὴν
1161 2543 1357 2607 δύναμιν
1401 2540 1768 2608 συναγηγερκὼς
1808 2543 1857 2593 ἐν

274 2623 435 2692 ἑαυτῷ,
481 2625 672 2692 ἄρχεται
717 2623 885 2677 λοιπὸν
929 2630 1025 2679 τοῖς
1069 2624 1126 2694 ἐξ
1173 2625 1366 2689 αἵματος
1403 2623 1605 2691 Ἰσραὴλ
1642 2647 1853 2690 προανα-

276 2708 447 2772 φωνεῖν
487 2705 546 2756 τὰ
588 2705 844 2770 μέλλοντα,
892 2709 967 2758 καὶ
1008 2709 1091 2771 τῆς
1142 2706 1260 2758 ὅσον
1309 2706 1488 2758 οὐδέπω
1531 2707 1856 2773 παρεσομένης

327 2850 357 2879 1,
377 2849 408 2873 2.
437 2838 493 2873 Sic
512 2840 558 2874 D.
576 2843 675 2885 τόμος
694 2843 806 2885 τρίτος
825 2841 867 2876 Β.
979 2852 1012 2886 3.
1039 2842 1071 2875 οἷ
1089 2847 1311 2886 assumptum
1327 2852 1368 2875 ex
1388 2840 1433 2874 D.
1453 2840 1525 2883 (22.
1544 2840 1604 2884 al.)
1653 2840 1739 2875 διότι
1760 2840 1854 2876 B.D-

277 2885 393 2927 (Alex.
413 2885 514 2929 XII.)
532 2886 592 2921 sed
615 2889 659 2922 cf.
676 2888 775 2922 infra.
794 2888 845 2922 ὅτι
863 2887 955 2923 Edd.
972 2888 1093 2933 (Vat.)
1144 2888 1269 2922 Statim
1286 2888 1346 2922 οὐκ
1364 2888 1438 2923 ἔστι
1455 2886 1536 2921 add.
1564 2887 1611 2921 D.
1731 2900 1763 2931 4.
1782 2887 1855 2922 οὐδ’

280 2931 372 2966 Edd.
393 2931 535 2966 Correxi
554 2945 594 2966 ex
614 2934 659 2968 D.
783 2946 815 2977 5.
841 2936 898 2978 τῆς
912 2934 1009 2969 deest
1027 2935 1062 2969 in
1081 2934 1172 2969 Edd.
1292 2934 1324 2968 6.
1352 2934 1525 2979 ἐκκέχυται
1546 2933 1680 2968 B.D.F.
1701 2934 1777 2979 (42,
1795 2947 1854 2980 49,

283 2988 359 3023 153,
380 2980 474 3023 233.)
493 2979 553 3013 sed
571 2980 614 3013 cf.
633 2980 722 3014 infra
739 2981 783 3023 64
802 2993 831 3021 c,
851 2982 895 3026 65
912 2993 942 3022 c,
965 2981 1006 3026 67
1026 2982 1060 3015 b.
1080 2981 1215 3026 κέχυται
1235 2980 1326 3016 Edd.
1479 2990 1531 3025 17.
1558 2982 1642 3014 λαόν
1659 2981 1852 3016 Aubertus.

277 3036 331 3059 20.
359 3026 402 3060 ὡς
419 3027 504 3070 ἔφην
521 3037 590 3059 om.
612 3026 657 3060 D.
804 3039 856 3061 22.
883 3028 1070 3072 ἀναφωνεῖν
1088 3027 1180 3063 Edd.
