2021 3434
285 233 352 275 xiv
857 240 890 278 P
905 240 942 280 R
959 240 992 279 A
1011 240 1043 279 E
1060 240 1093 279 F
1108 240 1141 280 A
1160 240 1194 279 T
1213 240 1296 279 10.

281 373 402 414 quain
442 360 603 401 Codicis
640 361 688 411 B,
721 366 764 402 et
801 361 946 401 mirum
979 366 1176 415 quantum
1209 361 1416 401 veteribus
1452 362 1544 402 cdd.
1576 361 1726 402 similis.
1797 360 1872 401 So-

278 427 450 482 phonias
469 427 670 469 incuriose
693 429 965 484 transcriptus
987 429 1178 477 videtur;
1212 428 1453 483 Abdiasque
1475 429 1604 469 omnis
1626 428 1789 483 penitus
1811 432 1874 468 est

277 494 559 550 interpolatus.
621 497 750 537 Jonas
781 511 932 551 paucas
963 496 1089 537 habet
1119 495 1337 537 lectionum
1369 496 1616 538 varietates:
1654 497 1695 537 in
1728 497 1872 542 Amos,

280 562 476 604 Codicem
497 564 533 604 A
556 564 680 605 credo
708 564 856 611 omnia,
880 564 1026 619 quibus
1056 579 1158 619 opus
1185 569 1258 613 est,
1285 564 1488 619 supplere.
1550 563 1608 605 Et
1635 564 1677 604 in
1708 564 1809 604 Cod.
1833 565 1871 603 D

280 630 550 686 quodcunque
600 631 773 672 utilioris
819 632 939 681 inest,
981 631 1168 673 existimo
1215 631 1301 687 ipse
1348 632 1589 687 plerumque
1630 632 1872 686 percepisse,

280 704 447 753 practer
487 699 730 748 Michaeam,
768 714 889 754 quem
929 700 1048 741 valde
1089 700 1317 755 perfectum
1359 699 1559 741 desidero.
1629 700 1872 740 Zachariam

279 781 441 821 quoque
462 766 495 807 si
516 767 679 822 penitus
711 768 982 816 contulissem,
1004 768 1188 809 nonnihil
1217 767 1432 809 accessisse
1460 782 1535 823 par
1563 773 1638 808 cst.
1701 768 1748 807 In
1772 768 1809 807 D
1832 768 1873 808 id

278 834 485 875 invenitur
522 835 631 889 quod
666 850 792 890 supra
813 836 864 877 de
901 835 935 876 C
971 836 1124 886 notavi,
1161 836 1339 877 studium
1378 836 1501 877 fuisse
1536 841 1685 885 textus,
1723 835 1756 875 si
1792 850 1874 890 qua

275 903 470 952 citantur,
501 904 553 945 ad
592 904 635 944 S.
671 905 911 960 Scripturae
947 906 1160 961 exemplar
1195 905 1445 960 adfingendi‚
1478 905 1591 960 cujus
1634 912 1676 946 et
1716 906 1871 946 nullum

277 971 510 1027 exemplum
541 972 681 1013 notavi
712 972 787 1013 nisi
819 973 902 1026 568
926 973 967 1014 d.
1028 973 1266 1014 Notandum
1295 974 1418 1014 etiam
1449 973 1625 1023 videtur,
1649 974 1757 1028 quod
1787 979 1871 1014 tam

278 1038 545 1095 singulariter
566 1041 605 1080 D
628 1055 719 1081 cum
741 1057 769 1082 α
791 1041 1011 1082 concordat
1032 1041 1072 1082 in
1098 1054 1183 1096 554
1204 1042 1255 1083 b:
1286 1041 1327 1082 in
1356 1042 1442 1096 564
1463 1042 1488 1082 b
1509 1048 1660 1091 autem,
1683 1057 1711 1082 α
1733 1057 1872 1083 veram

277 1107 440 1149 videtur
461 1108 675 1149 lectionem
696 1124 894 1159 servasse,
917 1115 1061 1150 contra
1082 1109 1279 1151 Codicum
1301 1111 1339 1150 D
1362 1116 1404 1151 et
1426 1111 1449 1151 b
1470 1110 1770 1151 auctoritatem.

335 1178 370 1217 E
393 1177 568 1233 denique
591 1192 643 1219 ex
665 1179 772 1220 bona
794 1184 857 1220 est
877 1179 1041 1228 familia,
1065 1180 1137 1220 sed
1158 1180 1351 1235 exiguum
1376 1180 1494 1221 modo
1519 1180 1811 1235 fragmentum.

336 1245 389 1287 Id
410 1245 508 1286 mihi
530 1246 809 1302 gratissimum
831 1247 1016 1303 contigit,
1039 1248 1148 1303 quod
1173 1247 1214 1288 in
1241 1248 1318 1289 hac
1345 1248 1522 1289 editione
1544 1263 1685 1289 omnes
1706 1248 1874 1288 lacunas

277 1313 391 1369 potui
422 1314 604 1370 explere,
624 1314 666 1355 in
698 1314 899 1356 Zacharia
929 1329 979 1356 ex
1013 1315 1058 1362 C,
1086 1314 1128 1355 in
1161 1315 1279 1363 Osee,
1306 1315 1489 1369 (praeter
1519 1314 1706 1369 primam,
1735 1314 1803 1355 ubi
1834 1315 1871 1355 D

277 1382 434 1429 defuit3
468 1397 590 1438 quam
618 1388 756 1424 tamen
785 1397 904 1438 spero
933 1383 1032 1424 satis
1063 1397 1114 1423 ex
1139 1383 1298 1424 Catena
1324 1382 1366 1423 in
1390 1382 1608 1423 Historicis
1636 1382 1751 1423 libris
1778 1397 1872 1437 sup-

276 1450 480 1505 plevisse‚)
511 1465 562 1491 ex
594 1451 647 1499 D,
679 1457 720 1492 et
754 1465 805 1492 ex
836 1450 873 1491 B
904 1465 1025 1492 unam
1057 1456 1182 1505 atque
1212 1451 1385 1491 alteram
1417 1464 1523 1505 quae
1552 1450 1649 1491 alibi
1680 1450 1872 1492 inventae

276 1524 385 1559 sunt.
431 1518 514 1560 Sed
536 1519 677 1560 Codici
699 1519 739 1559 D
762 1519 1010 1575 interpolata
1031 1519 1232 1574 quaedam
1253 1519 1384 1559 inesse
1399 1518 1485 1573 jam
1507 1518 1706 1560 indicavi:
1729 1533 1868 1559 eorum

277 1601 385 1641 quae
420 1587 597 1642 plurima
632 1587 673 1628 in
707 1587 813 1628 Osee
846 1602 898 1628 ex
930 1588 969 1628 D
1001 1587 1214 1637 accedunt,
1247 1587 1444 1642 pleraque
1479 1587 1639 1628 Codicis
1672 1587 1706 1627 Β
1739 1583 1874 1628 textui

275 1655 429 1705 addidi,
451 1661 569 1696 caute
594 1662 731 1697 tamen
759 1656 801 1696 id
829 1656 965 1696 facere
993 1656 1185 1711 cogebar,
1209 1670 1299 1697 cum
1322 1655 1362 1696 in
1387 1656 1425 1695 D
1448 1655 1585 1710 aliqua
1608 1655 1872 1696 inveniuntur

276 1738 382 1779 quac
409 1739 434 1765 a
464 1739 587 1765 manu
615 1724 656 1765 S.
684 1723 827 1780 Cyrilli
852 1724 1107 1779 apertissime
1135 1738 1217 1764 non
1246 1730 1362 1765 sunt:
1398 1724 1448 1765 de
1470 1724 1617 1779 quibus
1639 1723 1738 1764 nihil
1761 1723 1870 1764 aliud

277 1793 389 1834 credi
430 1798 579 1847 potest,
620 1807 741 1847 quam
782 1792 959 1847 primum
1005 1792 1192 1847 margine
1231 1792 1452 1847 adscripta,
1493 1807 1588 1833 mox
1631 1791 1791 1833 Codicis
1832 1793 1870 1832 D

276 1861 452 1902 scribam
487 1860 529 1900 in
563 1866 721 1901 textum
757 1860 956 1901 retulisse.
1036 1860 1171 1915 Hujus
1206 1861 1300 1901 MS.
1337 1866 1498 1901 textum
1532 1860 1575 1901 in
1610 1860 1749 1901 Abdia
1784 1875 1871 1901 cor-

278 1928 554 1984 ruptissimum
578 1943 665 1969 esse
686 1928 934 1977 memoravi3
966 1929 1038 1970 sed
1066 1934 1234 1984 praeter
1259 1929 1367 1969 hunc
1389 1934 1431 1970 ct
1454 1929 1576 1979 Osee,
1597 1928 1697 1968 nihil
1725 1928 1801 1969 nisi
1830 1928 1871 1969 in

278 1997 474 2038 Habacuc
505 1997 797 2052 interpolatum
832 1997 979 2038 inveni.
1050 1998 1098 2038 In
1134 2012 1181 2038 eo
1218 2003 1260 2039 et
1294 1998 1328 2038 Β
1366 2003 1408 2038 et
1445 1997 1483 2037 D
1520 1996 1679 2038 codices
1714 1996 1872 2052 aliquot

275 2065 525 2120 interpolata
560 2065 783 2115 continent,
817 2065 853 2105 B
885 2080 934 2106 ex
969 2065 1281 2121 Theophylacto
1317 2066 1547 2121 desumpta,
1580 2066 1620 2105 D
1652 2079 1703 2106 ex
1735 2065 1870 2106 Theo-

276 2133 434 2175 doreto.
508 2134 590 2174 Pro
626 2133 732 2174 notis
770 2133 812 2174 S.
846 2132 993 2189 Cyrilli
1029 2133 1069 2174 in
1108 2133 1218 2175 Hab.
1242 2133 1281 2175 ii.
1311 2136 1460 2182 16-20,
1494 2135 1529 2174 B
1566 2133 1870 2189 Theophylacti

275 2208 394 2242 notas
424 2201 574 2249 habet;
612 2202 651 2242 D
674 2201 915 2256 plerumque
948 2201 1183 2242 Editionum
1214 2207 1374 2243 textum
1405 2207 1555 2251 servat,
1583 2201 1656 2242 sed
1686 2201 1738 2242 ad
1770 2201 1870 2242 duo-

275 2269 405 2309 decim
428 2269 513 2310 fere
536 2269 663 2310 lineas
684 2269 725 2309 in
746 2283 787 2324 p.
804 2279 888 2323 545
911 2269 1129 2324 discrepat.
1193 2269 1243 2310 In
1269 2270 1344 2310 has
1371 2269 1544 2324 paginas
1566 2269 1721 2310 nullum
1743 2268 1868 2309 alium

274 2337 360 2377 cod.
395 2337 550 2384 bahem
597 2351 719 2391 quem
755 2337 861 2377 enim
894 2336 1117 2378 nominavit
1148 2336 1414 2378 Assemanius
1446 2336 1570 2388 (Bibl.
1606 2337 1679 2378 Or.
1712 2336 1736 2377 i.
1772 2339 1875 2390 595)

274 2404 374 2444 nihil
395 2410 561 2459 praeter
583 2405 736 2446 malum
758 2404 918 2447 Codicis
941 2405 975 2445 B
998 2405 1208 2461 exemplar
1231 2405 1396 2447 videtur
1421 2419 1522 2446 esso.

334 2538 489 2579 Verum
521 2538 597 2578 hoc
627 2553 714 2580 esse
747 2540 788 2581 S.
817 2539 965 2595 Cyrilli
997 2554 1097 2595 opus
1128 2554 1247 2581 nemo
1278 2546 1340 2581 est
1370 2539 1439 2595 qui
1475 2540 1649 2582 dubitet.
1712 2540 1872 2581 Idcirco

272 2619 372 2645 sane
399 2605 529 2646 minus
557 2606 675 2647 utiles
703 2614 799 2649 sunt
826 2608 1126 2657 annotationes,
1149 2608 1259 2663 quod
1288 2608 1410 2649 LXX
1434 2609 1716 2664 Interpretum
1737 2609 1871 2650 versio

273 2678 433 2713 tantum
454 2673 519 2713 hic
540 2674 591 2715 ab
610 2675 800 2717 Hebraeo
822 2683 940 2718 textu
962 2677 1191 2732 discrepat:
1224 2683 1349 2732 atque
1370 2677 1488 2718 arida
1510 2691 1800 2731 nonnunquam
1824 2683 1868 2718 et

276 2740 436 2795 prolixa
460 2740 635 2791 videtur,
665 2743 879 2799 animoque
909 2744 1043 2786 minus
1073 2746 1242 2786 robusto
1271 2759 1392 2800 quam
1422 2745 1501 2786 alia
1528 2744 1658 2786 multa
1685 2744 1866 2799 ejusdem

276 2822 426 2862 opera:
471 2808 545 2849 etsi
581 2824 632 2850 ex
667 2810 745 2851 alio
781 2827 855 2853 suo
892 2828 1029 2868 opere,
1062 2813 1167 2854 libro
1197 2813 1371 2854 fortasse
1403 2814 1468 2854 De
1499 2811 1769 2860 Adoraffione,
1801 2812 1867 2853 hic

275 2876 474 2930 quaedam
497 2876 609 2926 citet,
625 2883 670 2918 ut
691 2879 758 2919 vix
780 2880 977 2934 possimus
999 2887 1161 2936 putare,
1182 2882 1290 2923 hunc
1311 2882 1459 2923 librum
1480 2895 1505 2922 a
1518 2880 1672 2936 juvene
1694 2879 1867 2935 Oyrillo,

276 2952 318 2984 et
347 2943 524 2984 nondum
552 2944 702 2986 adultis
730 2945 882 3002 ingenii
903 2948 1069 3000 viribus,
1091 2949 1214 2991 fuisse
1239 2949 1526 3004 conscriptum,
1587 2949 1647 2988 At
1666 2947 1797 3002 pietas
1818 2962 1868 2988 ac

278 3010 486 3052 veneratio
517 3026 617 3067 erga
645 3013 862 3055 Dominum
894 3016 1026 3058 Deum
1057 3017 1381 3067 inhumanatum,
1407 3016 1662 3072 simplexque
1692 3014 1794 3070 Ejus
1825 3015 1866 3056 in
