2021 3434
278 142 362 182 290
674 141 723 180 Β.
766 139 1036 180 CYRILLI
1077 138 1453 179 ALEXANDR.
1753 133 1779 174 i.
1801 145 1843 183 4.
2015 121 2021 204 ξ

2014 218 2019 248 Ι

2014 249 2019 283 ἱ

279 250 608 301 διεκπαιόυσαν
640 247 687 298 δὲ
717 252 920 312 μᾶλλον,
947 249 1020 298 καὶ
1055 250 1116 301 εἷς
1153 247 1206 297 τὸ
1245 247 1449 298 ἐπέκεινα
1478 244 1618 297 πολύ.
1685 242 1846 307 ὥσπερ

279 329 372 396 γὰρ
410 327 526 380 εἶναί
554 333 709 397 φαμεν
747 328 1037 397 ἀξιάκουστα
1073 332 1168 382 τοῖς
1204 331 1404 380 πολλοῖς
1434 326 1492 377 τὰ
1523 324 1719 391 λαμπρὰ
1757 328 1849 375 τῶν

280 410 592 476 διηγημάτων,
618 412 692 461 καὶ
726 409 792 464 οἷς
826 408 884 460 ἂν
922 410 1077 461 ἕποιτο
1111 408 1253 477 τυχὸν
1279 411 1353 459 καὶ
1378 407 1432 459 τὸ
1458 406 1714 476 ἐφήδεσθαι
1739 409 1847 456 δεῖν·

280 494 424 546 οὕτως
469 491 865 560 ἀξιομνημόνευτά
906 515 1005 546 πως
1055 489 1167 542 εἶναι
1218 493 1343 541 δοκεῖ
1388 493 1462 541 καὶ
1511 489 1569 540 τὰ
1611 491 1672 541 εἰς
1714 487 1852 555 λῆξιν

280 574 452 639 ἥκοντα
504 578 756 642 συμφορᾶς
797 597 846 624 τε
898 576 973 624 καὶ
1022 578 1202 625 παθῶν.
1268 573 1515 638 μονονουχὶ
1564 569 1656 636 γὰρ
1705 591 1846 619 κατα·
1872 586 1893 624 5

243 654 492 721 ρβιοῖζεταί
528 679 626 710 πως
665 659 739 706 καὶ
777 655 836 706 τὰ
876 654 1028 706 τοιάδε
1068 654 1153 719 τὴν
1193 654 1359 719 λήθην,
1398 656 1472 705 καὶ
1511 651 1854 721 φορτικωτέραν

281 738 448 805 ἔχοντα
482 736 567 799 τὴν
596 736 880 803 προσβολὴν
917 738 966 787 ἐκ
1003 739 1189 799 πολλῆς
1221 736 1341 801 ἄγαν
1374 733 1703 801 ἀναισχυντίας
1733 732 1861 800 ἀξιοῖ
2014 735 2021 808 4

281 819 666 883 μνημονεύεσθαι,
715 821 789 869 καὶ
837 823 937 872 ταῖς
986 822 1079 868 τῶν
1128 818 1334 882 ἡδίστων
1381 816 1539 884 δόξαις
1587 818 1852 883 φιλονεικεῖ·

283 901 374 969 ἔχει
416 900 463 952 δὲ
503 899 665 967 ὥσπερ
703 899 761 951 τὰ
805 899 993 968 χρηστὰ
1031 899 1114 964 τὴν
1152 898 1338 964 μνήμην
1376 899 1458 948 οὐκ
1496 898 1677 963 ἀκερδῆ,
1713 897 1857 948 οὕτως

282 981 414 1046 οἶμαί
453 1006 544 1034 που
585 986 660 1033 καὶ
701 981 759 1033 τά
802 980 947 1033 σκαιά
990 1004 1038 1032 τε
1083 983 1158 1031 καὶ
1209 978 1483 1045 σκυθρωπά.
1545 977 1605 1029 τὰ
1643 976 1729 1041 μὲν
1764 976 1858 1043 γὰρ
1880 1001 1928 1026 10
2014 1001 2017 1024 ι

283 1068 346 1119 εἰς
383 1064 548 1134 ἔφεσιν
586 1066 748 1131 ἀρετῆς
785 1062 1049 1130 παραθήγει
1086 1061 1192 1116 τοὺς
1230 1060 1562 1129 ἀκροωμένους·
1605 1059 1664 1111 τὰ
1695 1058 1742 1110 δὲ
1767 1057 1859 1125 πρὸ
2014 1087 2021 1133 1³

284 1146 455 1215 ἐφόδου
495 1146 580 1211 τὴν
621 1151 714 1197 τῶν
754 1150 908 1196 κακῶν
952 1149 1115 1211 πεῖραν
1154 1147 1480 1211 παραιτεῖσθαι
1520 1141 1741 1194 διδάσκει·
1785 1142 1860 1191 καὶ
2014 1166 2021 1200 ι

285 1230 338 1279 δι’
367 1227 430 1279 ὧν
465 1229 608 1295 ἕτεροι
643 1228 985 1294 τετιμώρηνται,
1021 1226 1096 1277 διὰ
1129 1226 1305 1278 τούτων
1339 1227 1491 1277 αὐτῶν
1524 1223 1578 1276 τὸ
1609 1228 1702 1277 τοῖς
1741 1222 1861 1276 ’ίσοις
1883 1259 1932 1265 —-
2013 1250 2021 1271 ι,

242 1321 269 1362 d
286 1312 512 1361 ἐναλῶναι
539 1310 685 1377 ζητεῖν
710 1311 792 1361 οὐκ
817 1309 982 1378 ἐφίησί
1004 1332 1145 1362 τινας.

250 1533 352 1584 4Τὰ
386 1534 625 1574 κατάλοιποι
658 1537 731 1573 τιῖιε
767 1533 934 1580 κάμπΗε
969 1532 1205 1586 κατέφαΓεν
1233 1530 1255 1571 ιῖι
1284 1530 1417 1587 ἀκρίε,
1444 1531 1511 1571 καὶ
1541 1529 1591 1571 τὰ
1625 1530 1862 1574 καταλοιπα
1886 1541 1933 1579 15

354 1622 428 1658 τῆς
455 1616 628 1673 ἀκρίδοε
656 1617 892 1672 κατέφαι-εν
914 1615 935 1657 ὁ
959 1617 1141 1672 βροῦχοε,
1165 1615 1232 1656 καὶ
1258 1614 1308 1656 τὰ
1337 1615 1573 1655 κατάλοιποι
1594 1616 1666 1656 τοῦ
1691 1615 1864 1671 βρούχου

357 1701 593 1755 κατέφαΓεν
622 1700 644 1741 ιῖι
673 1699 857 1757 ἐρυσίβι-ι.

367 1813 640 1879 Κέκρυπταί
670 1836 768 1866 πως
802 1814 870 1863 ἀεὶ
900 1816 993 1863 τῶν
1034 1813 1180 1878 ἁγίων
1219 1814 1490 1880 Προφητῶν
1529 1811 1553 1861 ὁ
1595 1810 1751 1877 λόγος,
1791 1811 1867 1861 καὶ

291 1894 348 1946 τὰ
382 1894 574 1964 σφόδρα
613 1892 874 1960 σκυθρωπὰ
905 1898 999 1945 τῶν
1031 1893 1329 1960 διηγημάτων
1363 1895 1568 1958 ὀκνηρῶς
1600 1891 1869 1961 ἐκφέροντες

293 1975 439 2028 διάτοι
477 1975 559 2030 τὰς
597 1980 691 2027 τῶν
732 1976 1037 2043 ἀκροωμένων
1076 1975 1328 2029 ἀτιθάσους
1369 1975 1512 2041 ὀργὰς
1552 1980 1651 2029 ταῖς
1689 1976 1868 2042 ε’νδεχο-
1890 1998 1938 2024 20

293 2059 450 2123 με’ναις
493 2058 741 2127 ἀσαφείαις
776 2058 1182 2125 κατασκιάζουσιν,
1224 2058 1472 2124 αἰνίγματα
1514 2056 1561 2108 δὲ
1599 2058 1673 2107 καὶ
1711 2079 1865 2122 παρα-

258 2166 280 2192 e
295 2139 446 2202 βολὰς
471 2140 846 2194 ἀναπλάττοντες
875 2143 1145 2208 ὠφελοῦσιν
1171 2140 1223 2189 οὐ
1257 2140 1465 2206 μετρίως.
1529 2137 1621 2190 εἶσι
1647 2138 1694 2189 δὲ
1719 2139 1872 2192 αὐτοῖς

297 2226 322 2276 ὁ
353 2223 496 2290 λόγος
527 2247 603 2275 και
638 2224 712 2275 διὰ
744 2225 992 2292 χρησίμων
1027 2223 1131 2275 ἐσθ’
1161 2223 1234 2275 ὅτε
1266 2222 1668 2290 παραδειγμάτων·
1713 2221 1873 2274 ὁποῖόν

78 2311 185 2385 ἓξὲξ
209 2367 238 2394 4
297 2307 400 2357 ἐστι
437 2305 491 2357 τὸ
529 2329 657 2372 παρα
695 2310 759 2376 τῷ
800 2305 1067 2376 σοφωτάτω
1106 2307 1311 2368 κείμενον
1339 2304 1556 2372 Ἰεζεκιήλ
1595 2312 1622 2334 “
1640 2306 1702 2356 Ο
1742 2303 1874 2358 ἀετος

169 2379 186 2395 '³
297 2395 325 2417 “
352 2389 376 2438 ὁ
425 2411 572 2454 μεγας
622 2389 646 2438 ὁ
696 2387 1111 2454 μεγαλοπτερυγος
1159 2389 1183 2438 ὁ
1232 2410 1408 2453 μακρος
1458 2390 1516 2455 τῇ
1566 2386 1750 2438 ἐκτάσει
1798 2409 1872 2437 και
1894 2408 1941 2447 25

290 2520 293 2521 ⁷
298 2468 580 2537 “πλήρης’
559 2470 752 2538 ονύχων,
780 2494 829 2525 ος
856 2470 946 2538 ε’χει
979 2470 1032 2521 τὸ
1066 2470 1226 2536 ἥγημα
1256 2474 1483 2524 εἰσελθεῖν
1514 2472 1575 2524 εἷς
1605 2492 1687 2520 τον
1714 2470 1868 2531 Λίβα·

351 2631 380 2653 1.
406 2620 645 2655 διεκπαίουσαν
662 2620 756 2655 B.D.
775 2621 1031 2662 διεκβαίνουσαν
1048 2620 1140 2655 Edd.
1305 2631 1338 2654 2.
1363 2620 1404 2654 τὰ
1420 2621 1453 2654 λ.
1475 2623 1540 2654 τῶν
1557 2619 1644 2665 διηγ.
1662 2618 1716 2662 ἀξ.
1733 2620 1774 2664 φ.
1792 2616 1875 2653 εἶναι

301 2668 369 2701 τοῖς
386 2668 529 2702 πολλοῖς
546 2668 684 2702 inverso
702 2667 777 2703 ord.
798 2669 843 2702 D.
863 2667 923 2702 iid.
1019 2680 1051 2712 5.
1079 2666 1276 2713 συμφορᾶς]
1297 2669 1485 2712 συμφορῶν
1502 2666 1594 2700 Edd.
1689 2667 1722 2700 6.
1748 2664 1855 2709 λήθην

302 2712 461 2755 ἀλήθειαν
477 2713 534 2747 iid.
756 2724 788 2761 7.
814 2716 935 2760 ἔχοντα
951 2715 1010 2758 τὴν
1026 2717 1156 2758 προσβ.
1175 2714 1241 2749 hoc
1258 2713 1378 2748 ordine
1397 2714 1438 2747 Β.
1649 2713 1682 2747 8.
1709 2712 1856 2756 ἡδίστων

303 2759 536 2840 ξῖζίῗζωέᾱῡ.
556 2760 648 2795 Edd.
791 2808 842 2853 φ
904 2808 919 2853 ]
957 2773 1010 2796 10.
1021 2760 1146 2843 1ςῗμαὲ
1142 2776 1208 2796 που
1225 2775 1278 2795 και
1294 2761 1333 2795 τὰ
1352 2761 1452 2795 σκαιά
1468 2758 1575 2848 τεέςτ
1541 2774 1700 2851 οιίιῖιιᾶζιί
1717 2761 1757 2793 τὰ
1775 2773 1875 2849 σκαιις

703 2819 716 2842 1
783 2823 959 2842 εισια
1086 2820 1108 2842 11
1338 2819 1351 2842 Ι
1411 2807 1506 2842 ἐισυ
1703 2817 1790 2840 ex.1

310 2862 362 2895 19.
389 2852 605 2908 ἐκφεροντες]
624 2821 820 2899 ἐκφέράόυσι,
839 2823 891 2888 Za}
910 2809 1002 2890 Εᾶῗί.
1335 2817 1392 2888 2g.
1415 2823 1466 2887 ren
1484 2822 1704 2898 δεεῖιῐῐιρῒυῐη
1720 2864 1761 2886 ex
1780 2814 1872 2886 1355..)-

308 2908 363 2931 2ῐ.
388 2897 568 2942 ἀσαφείαις
589 2901 635 2935 D.
655 2901 744 2935 Edd.
743 2901 970 2957 ἆσφῑλείαις
988 2902 1030 2936 Β.
1187 2912 1242 2935 22.
1268 2898 1391 2946 εισι]”
1373 2916 1447 2936 εστι
1466 2899 1557 2935 Edd.
1700 2910 1754 2942 24.
1780 2896 1872 2942 ἐστι]

312 2947 348 2983 —†-
366 2958 418 2977 και
437 2944 494 2978 iid.
546 2960 605 2979 του
623 2947 679 2989 ιἐζ.
699 2947 783 2990 κει’.μ
802 2960 866 2993 pro
882 2951 928 2995 τῷ
947 2950 1078 2994 σοφωτ.
1098 2948 1181 2992 κείμ.
1201 2948 1258 2990 ἷεζ.
1276 2947 1335 2982 iid.
