2021 3434
83 174 135 214 ix.
160 175 196 214 6.
539 175 611 216 IN
653 175 846 216 AMOS.
907 174 1062 215 TOM.
1105 174 1183 214 IV.
1574 171 1656 209 533

83 291 207 336 λους.
272 289 408 336 τοῦτο
441 283 569 349 οἶμαί
599 287 702 338 ἐστι
733 286 786 337 τὸ
817 283 1044 354 οἰκοδομῶν
1073 291 1128 340 εἰς
1157 289 1222 335 τὸν
1249 282 1408 352 οὐρανὸν
1434 280 1658 339 ἀνάβασιν

84 367 225 418 αιυῖθῦ.

156 446 319 498 Ἀλλὰ
350 451 424 500 καὶ
460 449 573 516 ὅπερ
605 447 662 500 ἂν
687 446 1047 514 εποιγγελληται
1072 452 1164 501 τοῖς
1191 448 1262 498 ἐπι
1290 470 1365 505 της
1391 469 1487 511 γης,
1517 445 1655 510 φησι,

83 535 221 580 τοῦτο
255 529 311 594 δὴ
347 531 534 585 πάντως
565 532 694 582 ἐστιν
729 530 1018 597 ἀκραδαντόν
1054 553 1103 581 τε
1140 552 1215 580 και
1246 527 1411 595 ἀραρὲς
1451 550 1523 578 και
1563 525 1659 576 οῖον

43 626 65 665 5
85 610 470 680 τεθεμελιωμενον.
533 612 751 677 ἀτονησει
792 612 885 678 γὰρ
926 613 1023 663 κατ’
1069 612 1231 663 οὐδενα
1280 609 1455 676 τρόπον
1498 609 1523 659 ὁ
1566 612 1660 658 τῶν

86 695 323 758 δυνάμεων
367 696 551 762 Κύριος,
592 696 689 746 οὐδ’
736 693 794 745 ἂν
835 694 1049 746 διαπέσοι
1089 695 1215 761 ῥῆμα
1255 691 1309 743 τὸ
1347 692 1461 756 παρ’
1502 691 1658 742 αὐτοῦ.

87 778 162 827 καὶ
195 776 312 843 πρὸς
345 783 482 829 τοῦτο
519 778 638 841 ἡμᾶς
671 778 696 828 ὁ
725 777 892 843 Σωτὴρ
921 777 1114 839 ἐμπεδοῖ
1143 774 1298 840 λε’γων
1323 774 1430 824 “Ὀ
1469 770 1662 838 οὐρανὸς

1722 772 1744 802 S
1756 771 1883 802 Matth.

1723 816 1812 846 xxiv.
1833 824 1883 854 35.

87 865 115 887 ‘⁶
140 861 216 910 καὶ
250 860 277 923 ἡ
308 862 369 924 γῆ
406 859 759 926 παρελεύσεται·
799 862 841 909 οἱ
884 857 931 909 δὲ
976 857 1111 923 λόγοι
1154 879 1245 920 μου
1288 856 1341 905 οὐ
1379 854 1443 918 μὴ
1486 853 1708 918 παρέλ-(1

89 947 116 970 “
141 942 336 992 θωσιν.”
402 940 539 996 αὐτὸς
574 940 707 995 οὗτός
744 942 874 991 ἐστιν
913 941 937 990 ὁ
980 941 1055 990 καὶ
1094 938 1168 999 τῆς
1208 936 1442 996 θαλάσσης
1477 936 1522 987 τὶ
1559 932 1664 1004 ὕδωρ

22 1046 70 1071 10
90 1021 304 1090 ἀῤῥήτοις
341 1022 595 1088 δυνάμεσιν
632 1022 931 1086 ἀνιμώμενος,
962 1023 1037 1072 καὶ
1073 1022 1166 1071 ὕων
1203 1021 1275 1071 ἐπὶ
1310 1016 1396 1082 τὴν
1425 1017 1526 1084 γῆν,
1560 1040 1664 1068 του-

88 1105 219 1156 τέστι
251 1104 410 1168 πάλιν,
449 1107 474 1156 ὁ
513 1109 765 1168 οἰκονομῶν
801 1103 861 1155 τὰ
899 1102 1181 1169 ἀνθρώπινα,
1215 1103 1290 1152 καὶ
1327 1105 1557 1151 τοσοῦτον
1595 1100 1666 1150 εὑ-

88 1185 271 1251 σθενὴς,
315 1189 377 1240 ὡς
426 1189 501 1238 καὶ
549 1186 632 1240 τὰς
675 1190 769 1238 τῶν
814 1185 1076 1252 γεγονότων
1119 1183 1287 1252 φύσεις
1327 1183 1399 1251 ἐφ’
1447 1182 1560 1248 ὅπερ
1609 1181 1667 1232 ἂν

88 1269 241 1319 ἕλοιτο
270 1273 650 1336 μεταστοιχειοῦν
683 1266 899 1329 εὐκόλως,
927 1266 1061 1335 ὄνομά
1091 1289 1139 1317 τε
1172 1269 1290 1336 αὐτῷ
1318 1264 1464 1333 Κύριος
1491 1270 1508 1316 o‘
1537 1264 1664 1321 Θεές,

89 1353 164 1401 καὶ
196 1350 313 1416 πρός
344 1374 398 1416 γε
433 1350 611 1404 τούτοις
639 1357 657 1402 ὁ
686 1350 1007 1419 παντοκράτωρ.
1063 1350 1137 1399 καὶ
1168 1349 1266 1399 οὕτι
1293 1369 1386 1398 που
1412 1349 1581 1410 κλῆσις
1609 1344 1666 1397 ἂν

23 1449 70 1488 15
90 1437 239 1484 νοοῖτο
276 1432 330 1484 τὸ
373 1435 532 1500 χρῆμα
576 1431 716 1501 ψιλὴ,
751 1431 961 1497 καθάπερ
996 1430 1156 1494 ἀμέλει
1196 1431 1271 1480 καὶ
1310 1430 1377 1480 ἐπ’
1418 1429 1666 1494 ἀνθρώπου

89 1514 246 1583 τυχὸν,
272 1514 381 1565 ἀλλ’
409 1515 466 1584 ἐξ
493 1516 633 1578 αὐτῆς
670 1514 890 1579 ἀληθείας
922 1515 1072 1579 ὀρθῶς
1109 1511 1381 1579 ηὑρημένον.
1446 1510 1539 1562 ἀπὸ
1574 1510 1665 1578 γὰρ

89 1603 171 1648 τοῦ
197 1596 415 1663 κυριεύειν
441 1598 691 1659 οὐσιωδῶς,
712 1597 788 1647 καὶ
812 1598 866 1647 τὸ
893 1594 1012 1646 κατὰ
1035 1593 1225 1647 πάντων
1251 1595 1458 1662 ἀνῆφθαι
1484 1592 1666 1660 κράτος,

91 1681 236 1733 οὕτως
286 1678 558 1743 ὠνόμασται
609 1679 728 1745 πρός
777 1701 827 1730 τε
876 1679 1007 1742 ἡμῶν
1057 1678 1209 1728 αὐτῶν
1259 1678 1333 1726 καὶ
1385 1680 1479 1726 τῶν
1520 1676 1666 1741 ἁγίων

91 1760 322 1827 ἀγγέλων.
386 1761 566 1815 σκοπὸς
610 1761 666 1825 δὴ
705 1762 787 1812 οὖν
826 1765 892 1830 τῷ
935 1759 1169 1828 Προφήτῃ
1212 1758 1266 1809 τὸ
1311 1757 1386 1809 διὰ
1425 1758 1665 1809 πλείστων

23 1866 73 1891 20
93 1843 235 1905 ὅσων,
270 1845 344 1893 καὶ
386 1843 510 1896 ὅπως
550 1841 607 1894 ἂν
646 1843 845 1906 δύναιτο,
877 1846 1155 1893 καταπτοεῖν
1188 1840 1294 1894 τοὺς
1332 1839 1665 1904 ἠπατημένους,

93 1927 168 1976 καὶ
205 1925 494 1989 μεταπείθειν
531 1925 579 1975 εὖ
615 1923 747 1988 μάλα
783 1922 901 1990 πρός
929 1946 983 1990 γε
1014 1923 1067 1974 τὸ
1098 1925 1265 1990 χρῆναι
1291 1927 1475 1988 γοργῶς
1501 1920 1667 1973 ἀνόπιν

92 2007 253 2073 ὥσπερ
293 2007 418 2070 ἱέναι,
449 2006 606 2074 χρῆμά
640 2031 688 2059 τε
728 2007 942 2073 ἡγεῖσθαι
977 2003 1198 2071 λαμπρὸν
1235 2003 1320 2069 τὴν
1354 2003 1666 2068 δικαιοσύνην,

93 2091 168 2140 καὶ
207 2092 441 2140 ποιεῖσθαι
483 2087 630 2140 πάλιν
673 2088 854 2156 αἱρετὸν
896 2088 982 2153 τὴν
1022 2091 1084 2141 εἰς
1124 2087 1247 2138 Θεὸν
1288 2087 1528 2147 εὐσέβειαν
1571 2090 1667 2140 τοῖς

93 2176 186 2222 τῶν
215 2171 450 2233 ἐσομένων
487 2172 701 2234 δείμασιν
739 2170 1087 2223 ἀνακόπτοντας
1125 2170 1355 2222 εὐσθενῶς
1393 2167 1478 2232 τὴν
1511 2171 1572 2222 εἷς
1609 2190 1667 2218 τα

26 2269 75 2307 25
95 2255 265 2321 αἰσχίω
308 2252 471 2320 ῥοπήν.
555 2255 630 2304 καὶ
668 2259 806 2304 τοῦτο
858 2251 987 2316 οἶμαί
1027 2254 1128 2303 ἐστι
1171 2251 1225 2303 τὸ
1267 2250 1343 2301 διὰ
1385 2253 1544 2319 φωνῆς
1585 2255 1667 2301 τοῦ

96 2338 270 2387 Δαυεὶδ
295 2337 445 2401 ὀρθῶς
470 2334 704 2401 εἰρημένον
727 2334 846 2401 πρὸς
872 2334 954 2386 τὸν
978 2339 1071 2385 τῶν
1099 2333 1225 2384 ὅλων
1252 2331 1507 2396 Δεσπότην
1537 2341 1563 2361 “
1582 2330 1668 2383 Ἐν

97 2426 123 2448 “
150 2422 281 2487 κημῴ
325 2418 399 2468 καὶ
438 2421 619 2487 χαλινῷ
660 2416 742 2472 τὰς
785 2416 1012 2483 σιαγόνας
1063 2418 1215 2467 αὐτῶν
1259 2415 1426 2484 ἅγξαις
1467 2418 1561 2465 τῶν
1604 2413 1668 2479 μὴ

93 2509 122 2531 “
147 2499 424 2567 ἐγγιζόντων
456 2498 573 2566 πρὸς
607 2498 707 2550 σε’.”

144 2671 177 2705 3.
203 2658 450 2704 ἐπαγγέλλεται
468 2659 511 2692 A.
560 2660 643 2702 τῆς
634 2664 854 2703 assumptum
874 2669 913 2692 ex
932 2658 975 2691 A.
1216 2669 1247 2699 4.
1273 2671 1307 2690 τε
1326 2662 1547 2700 assumptum
1565 2668 1605 2689 ex
1625 2656 1668 2690 A.

96 2707 219 2751 ἀραρές
238 2706 279 2740 Β.
298 2705 462 2750 ἇῤῥηκτὸν
479 2706 522 2740 Α.
542 2705 687 2750 ἇῤῥαγές·
704 2705 794 2739 Edd.
1062 2715 1113 2738 11.
1140 2704 1274 2748 οὐράνια
1292 2715 1354 2748 pro
1371 2703 1559 2746 ἀνθρώπινα
1578 2702 1669 2737 Edd.

98 2754 216 2787 invitis
234 2754 275 2786 A.
282 2753 322 2786 B.
538 2763 591 2785 12.
616 2756 682 2786 τῶν
698 2757 919 2796 assumptum
936 2763 976 2785 ex
996 2751 1039 2785 A.
1046 2751 1086 2785 B.
1312 2761 1364 2794 13.
1391 2751 1443 2783 καὶ
1461 2761 1523 2794 pro
1539 2751 1557 2782 ὁ
1577 2749 1668 2783 Edd.

104 2811 156 2842 14.
182 2801 220 2833 τὸ
238 2811 301 2845 pro
319 2801 336 2833 ὁ
355 2798 471 2833 Edd.
464 2799 573 2833 Invito
592 2798 634 2832 Β.
749 2809 871 2842 Ι4-Ι9.
897 2799 949 2832 καὶ
966 2801 1037 2832 οὔτι
1053 2801 1232 2832 που-τῶν
1249 2796 1352 2842 ἁγιων
1367 2796 1521 2842 ἀγγέλων
1537 2807 1607 2830 om.
1628 2796 1668 2830 B.

104 2858 157 2889 14.
175 2845 311 2891 κλῆσις]
331 2846 454 2891 χρῆσις
472 2846 515 2880 A.
650 2845 819 2890 5ψ.ιλὸν
835 2846 878 2879 A.
927 2845 1108 2888 ἀνθρώπων
1126 2843 1217 2878 Edd.
1236 2844 1343 2877 invito
1361 2844 1403 2877 A.
1535 2843 1586 2877 16.
1613 2843 1670 2885 ηὑ-

98 2908 176 2938 ρημ.
196 2893 238 2927 Α.
257 2894 371 2937 εὑρημ.
392 2892 483 2926 Edd.
631 2854 704 2937 I19.
730 2892 768 2935 δὴ
787 2898 1007 2936 assumptum
1025 2903 1065 2924 ex
1083 2891 1125 2925 A.
1133 2891 1172 2925 B.
1339 2901 1393 2924 21.
1420 2890 1537 2924 ἀνόπιν
1554 2891 1669 2930 ὥσπερ

100 2939 165 2974 hoc
182 2939 303 2974 Ordine
316 2939 406 2974 A.B.
503 2950 569 2984 23—
573 2940 627 2973 28.
647 2939 698 2972 καὶ
715 2938 1132 2993 ποιεῖσθαι-εγγιζόντων
1148 2938 1232 2982 πρὸς
1245 2951 1285 2970 σε
1299 2948 1369 2971 om.
1384 2936 1425 2970 B.
1516 2947 1570 2979 25.
1592 2936 1670 2970 Hoc

98 2989 157 3020 τοῦ
175 2994 394 3032 assumptum
413 2999 452 3020 ex
469 2987 511 3021 A.
609 2997 662 3031 27.
682 2988 772 3032 κημῴ
790 2992 823 3020 et
840 2987 968 3032 χαλινῷ
986 2985 1074 3019 inter
1089 2997 1124 3019 se
1137 2988 1269 3029 transp.
1282 2984 1324 3018 A.
1339 2982 1397 3027 (ut
1416 2995 1521 3028 supra
1540 2994 1626 3028 279
1618 2995 1646 3016 ¹1.
1654 2983 1669 3026 )

1649 2166 1706 2210 *a
1733 2177 1885 2211 346A.

1730 2341 1780 2371 Ps.
1796 2340 1888 2371 xxxi.
