2021 3434
233 275 254 313 5

287 277 308 304 C

325 142 409 182 316
706 145 754 185 B.
797 145 1069 186 CYRILLI
1111 146 1486 187 ALEXANDR.
1778 146 1820 186 ii.
1845 156 1883 198 5.

392 264 630 309 διώξονται.
689 268 750 309 ὡς
780 270 903 324 φωνὴ
941 271 1142 327 ἁρμάτων
1179 271 1248 312 ἐπὶ
1284 272 1359 313 τὰς
1402 271 1590 328 κορυφὰς
1626 271 1711 312 τῶν
1748 272 1884 328 ὁρέων

388 348 647 401 ἐξαλοῦνται,
674 350 741 391 καὶ
767 352 827 393 ὡς
853 352 976 407 φωνὴ
1004 354 1163 408 φλοΓὸε
1195 354 1326 411 Πυρὸε
1353 354 1653 396 κατεσθιούσΗε
1680 354 1886 405 καλάμΗν,

390 431 458 471 καὶ
483 431 542 471 coc
568 432 672 474 λαὸς
698 435 830 474 Πολὺς
858 435 926 475 καὶ
953 433 1117 492 ἰσχυρὸς
1144 438 1522 493 Παρατασσόμενοε
1548 434 1607 477 εἰς
1632 437 1833 484 Πόλεμον.

394 552 496 618 Τὴν
529 556 692 621 ἀκρίδα
725 560 799 608 καὶ
831 559 912 609 τὸν
942 565 1160 628 βροῦχον,
1187 565 1224 612 εἰ
1256 560 1312 625 δὴ
1339 561 1554 630 φέροιντο
1579 559 1697 610 κατὰ
1723 564 1887 627 χωρῶν

321 637 395 686 καὶ
437 634 635 700 πόλεων,
677 639 808 690 οὐδὲν
855 642 903 691 ἐν
951 642 1130 705 μείοσιν
1177 642 1378 694 ἔσεσθαί
1424 647 1573 710 φησιν
1621 643 1764 694 ἵππου
1806 645 1888 706 τῆς

320 717 663 785 μαχιμωτάτης·
716 723 1077 789 κατασκιρτήσει
1117 722 1210 790 γὰρ
1247 726 1366 776 οὕτω
1400 727 1481 788 τῆς
1530 727 1630 789 γῆς,
1668 726 1729 777 ὡς
1766 724 1889 792 τάχα

320 822 411 850 που
442 802 516 850 καὶ
549 802 757 871 ἁρμάτων
795 804 1191 870 ἀπομιμήσασθαι
1224 805 1411 858 κτύπον.
1477 805 1682 859 ἀπάσαις
1712 828 1762 856 τε
1796 805 1889 872 γὰρ

276 887 303 928 (1
320 882 666 947 ἐπιθρώσκουσι
711 890 920 955 κορυφαῖς
972 889 1094 958 ὀρέων,
1145 889 1451 940 καθίπτανται
1502 888 1550 939 δὲ
1596 889 1671 938 καὶ
1717 893 1888 949 βουνοῦ

319 963 505 1027 παντὸς,
531 967 606 1016 καὶ
644 965 739 1017 οἷον
777 968 951 1037 φλογὶς
989 969 1109 1038 ἠχὴν
1147 971 1460 1022 ἀποτελοῦσιν
1494 969 1889 1034 καταπιμπράσης

322 1045 546 1113 καλάμην.
598 1050 719 1117 φασὶ
749 1049 841 1116 γὰρ
865 1052 920 1101 οὐ
952 1052 1058 1119 δίχα
1090 1052 1266 1104 κτύπου
1290 1052 1581 1119 πράττεσθαι
1604 1052 1711 1118 παρ’
1737 1052 1888 1102 αὐτῶν

318 1131 412 1178 τῶν
447 1128 494 1179 ἐν
531 1130 691 1196 ἀγροῖς
728 1130 813 1195 τὴν
850 1133 1165 1200 κατάβρωσιν,
1194 1133 1294 1202 ἠχὼ
1333 1133 1387 1185 δέ
1417 1156 1520 1184 τινα
1556 1137 1650 1184 τῶν
1687 1132 1889 1184 ὀδόντων

318 1209 647 1263 ἀποτελεῖσθαι
679 1213 929 1281 βληχηράν
959 1217 1034 1266 καὶ
1066 1215 1354 1284 κακόφωνον,
1381 1214 1783 1282 περιθραυομένων
1807 1216 1887 1266 αὐ-

316 1295 415 1344 ταῖς
452 1296 546 1343 τῶν
589 1295 970 1360 ἐμπεπτωκότων,
1003 1299 1063 1351 ὡς
1104 1298 1273 1362 ἀνέμου
1312 1297 1475 1367 φλόγα
1513 1297 1885 1365 διαῤῥιπίζοντος.

316 1373 447 1442 ὄχλῳ
473 1371 522 1424 δὲ
548 1373 604 1439 δὴ
629 1375 775 1427 πάλιν
800 1379 1037 1440 πολεμίων
1063 1377 1206 1443 αὐτὴν
1230 1379 1601 1445 παρεικάζεσθαι,
1621 1377 1675 1429 τὸ
1701 1378 1887 1433 ἀπεικὸς

317 1454 462 1505 οὐδέν·
503 1455 627 1507 ἅττει
666 1456 759 1524 γὰρ
801 1458 918 1509 κατὰ
953 1460 1152 1524 πληθὺν,
1195 1463 1269 1511 καὶ
1307 1461 1447 1526 ὀλίγα
1484 1464 1755 1528 παραχωρεῖ
1790 1466 1885 1514 τοῖς

277 1557 298 1583 e
316 1536 651 1603 ἀνδριζομένοις
675 1541 723 1590 ἐν
749 1540 891 1608 μάχῃ.
948 1541 1094 1608 βορὸν
1118 1542 1211 1609 γὰρ
1237 1541 1290 1594 τὸ
1315 1546 1474 1610 χρῆμα
1499 1544 1574 1593 καὶ
1599 1541 1673 1592 διὰ
1697 1542 1886 1607 πληθὺν

314 1617 570 1684 ἀμέτρητον
603 1621 686 1671 οὐκ
719 1622 1133 1689 εὐκαταγώνιστον,
1159 1629 1349 1688 μᾶλλον
1384 1622 1431 1674 δὲ
1470 1625 1543 1674 καὶ
1575 1623 1879 1688 δυσάντητον.

315 1700 340 1750 ὁ
367 1699 504 1755 αὐτὸς
535 1701 572 1752 δ’
606 1701 664 1753 ἂν
696 1702 875 1770 γένοιτο
909 1707 983 1756 καὶ
1016 1709 1120 1773 περὶ
1156 1710 1250 1757 τῶν
1273 1705 1549 1772 Ἀσσυρίων
1573 1705 1729 1771 λόγος·
1769 1710 1806 1757 εἰ
1837 1705 1886 1757 δὲ

312 1782 535 1844 βούλοιτό
575 1807 642 1838 τις
681 1788 755 1836 καὶ
798 1789 903 1853 περὶ
939 1788 1079 1852 αὐτῆς
1112 1811 1203 1840 που
1245 1789 1367 1856 τάχα
1405 1791 1486 1852 τῆς
1525 1788 1768 1851 Ῥωμαίων
1811 1790 1884 1839 ἐκ-

312 1866 573 1931 στρατείας,
608 1866 650 1918 οἳ
688 1868 818 1932 δίκην
852 1871 1052 1935 ἀκρίδων
1085 1869 1450 1935 κατεδηδόκασιν
1482 1868 1565 1921 τὸν
1589 1869 1790 1936 Ἰσραὴλ
1822 1873 1883 1925 εἷς

311 1946 393 1998 τὸν
433 1949 608 2015 Κύριον
650 1950 780 2014 ἡμῶν
820 1952 1008 2015 Ἰησοῦν
1044 1951 1126 2004 τὸν
1167 1952 1381 2020 Χριστὸν
1418 1952 1618 2006 ἀνοσίως
1654 1959 1876 2017 πεπλημ-

311 2030 560 2094 μεληκότα,
592 2032 691 2082 οὐδ’
726 2033 845 2084 οὕτω
878 2038 1042 2088 κακῶς.

357 2243 391 2273 4,
410 2241 442 2274 5.
467 2232 527 2276 τὴν
543 2232 760 2278 ἀκρίδα-καὶ
775 2235 908 2269 πόλεων
923 2246 992 2269 om.
1014 2235 1055 2269 Β.
1271 2245 1304 2282 5.
1329 2236 1474 2272 ἔσεσθαί
1487 2237 1597 2282 φησιν
1613 2235 1679 2271 hoc
1696 2236 1818 2271 ordine
1835 2236 1880 2272 B.

312 2276 345 2312 6.
371 2292 456 2312 ουτω
473 2280 538 2324 γὰρ
556 2294 696 2315 κατασκ.
714 2281 851 2315 inverso
869 2281 990 2316 ordine
1008 2281 1099 2316 Edd.
1523 2292 1555 2328 7.
1580 2283 1877 2341 ἀπομιμήσασθαι]

310 2324 412 2368 ἀπομι
402 2327 550 2368 ιμεῖσθαι
566 2326 625 2361 iid.
954 2340 987 2373 9.
1013 2327 1084 2363 οἱον
1101 2335 1323 2374 assumptum
1340 2342 1381 2364 ex
1401 2330 1442 2365 B.
1491 2328 1576 2375 ἠχὴν
1592 2330 1797 2365 ἀποτελοῦσι
1814 2330 1882 2365 hoc

310 2370 431 2405 ordine
449 2372 491 2406 Β.
744 2385 797 2408 11.
822 2377 888 2409 τῶν
904 2376 1000 2419 prius
1018 2387 1087 2410 om.
1102 2376 1196 2410 Aub.
1247 2378 1459 2411 κατάπτωσιν
1476 2389 1539 2422 pro
1556 2378 1770 2422 κατάβρωσιν
1787 2376 1879 2412 Edd.

314 2429 366 2452 12.
383 2418 577 2465 βληχηρὰν]
595 2420 751 2466 βληχρὰν
768 2420 827 2455 iid.
877 2420 999 2455 Statim
1013 2437 1066 2456 και
1085 2424 1279 2467 κακόφωνον
1295 2429 1514 2458 accesserunt
1527 2435 1568 2457 ex
1583 2423 1625 2457 Β.
1724 2434 1777 2468 13.
1794 2438 1879 2458 πεπ-

309 2466 461 2500 τωκότων
480 2466 570 2500 Edd.
834 2479 886 2510 14.
913 2468 1006 2514 ὄχλῳ
1024 2469 1060 2503 δέ
1079 2469 1118 2513 δὴ
1135 2471 1238 2504 πάλιν
1253 2471 1423 2515 πολεμίων
1439 2471 1540 2515 αὐτὴν
1555 2469 1831 2515 παρεικάζεσθαι]
1850 2471 1880 2504 εἷ

310 2511 346 2544 δὲ
365 2512 414 2545 δεῖ
429 2513 599 2557 πολεμίων
615 2513 709 2560 ὄχλῳ
725 2514 826 2558 αὐτὴν
841 2516 1111 2559 παρεικάζεσθαι,
1128 2517 1231 2551 πάλιν
1247 2516 1306 2551 iid.
1509 2527 1562 2560 15
1587 2518 1784 2562 παραχωρεῖ
1799 2523 1879 2562 post

310 2557 345 2592 ἐν
360 2573 396 2602 μ.
414 2564 546 2604 transp.
563 2559 622 2594 iid.
837 2561 889 2596 16.
915 2563 1037 2607 μάχαις
1054 2562 1114 2597 iid.
1329 2575 1381 2609 19.
1408 2564 1461 2598 καὶ
1477 2564 1554 2609 περὶ
1571 2564 1671 2607 αὐτῆς
1687 2578 1754 2598 που
1770 2562 1876 2609 τάχα]

310 2605 396 2650 τάχα
412 2620 477 2640 που
495 2607 547 2640 καὶ
563 2607 639 2652 περὶ
657 2607 757 2652 αὐτῆς
772 2608 831 2642 iid.
881 2612 946 2643 τῶν
971 2614 1049 2654 post
1073 2610 1132 2654 τῆς
1155 2609 1236 2644 add.
1262 2609 1320 2644 iid.
1371 2608 1602 2656 ἐκστρατείας]
1623 2610 1801 2655 στρατείας
1816 2609 1877 2644 iid.

312 2661 367 2684 20.
393 2652 527 2698 ἀκρίδος
542 2653 603 2687 iid.
653 2654 777 2689 Statim
794 2655 903 2690 κατεδ.
922 2662 1001 2700 post
1017 2655 1158 2701 Ἰσραὴλ
1175 2662 1306 2702 transp.
1324 2656 1384 2693 iid.
1623 2668 1679 2692 21.
1707 2656 1804 2691 Haec
1820 2657 1879 2691 τὸν

311 2696 466 2741 Κύριον
451 2703 563 2782 ημῶἰι3
555 2700 689 2745 Ιησοῦν
704 2703 762 2736 τὸν
778 2708 810 2736 et
827 2701 971 2739 ἀνοσίως
987 2714 1082 2738 acces
1086 2709 1206 2738 serunt
1222 2715 1264 2738 ex
1282 2703 1324 2739 B.
1630 2714 1686 2740 22.
1703 2703 1772 2739 οὐδ’
1790 2702 1877 2739 οὕτω

311 2748 414 2780 κακῶς
431 2757 489 2781 om

1907 660 1929 698 5

1905 1883 2010 1919 20.¹
