2021 3434
243 181 324 221 186
630 182 678 221 Β.
721 180 999 221 CYRILLI
1040 180 1419 220 ALEXANDR.
1688 179 1806 220 1:262

239 296 419 341 κοῦσαν
452 290 653 358 ἀφέντας
685 294 746 344 εἰς
780 290 864 354 τὴν
890 290 1175 355 Αἰγυπτίων,
1201 285 1506 352 ἠπειληκότος
1538 287 1599 350 δὲ,
1624 287 1694 338 ὅτι
1724 286 1811 339 κᾶν

239 376 278 424 εἰ
314 378 450 424 τοῦτο
492 375 637 440 δρῷεν
677 370 805 438 παρὰ
841 370 896 423 τὸ
939 371 1063 439 αὐτῷ
1104 373 1284 432 δοκοῦν,
1319 374 1679 435 περιπεσοῦνται
1716 375 1811 423 τοῖς

239 454 372 517 ἰ’σοις,
398 452 427 518 ὴ
453 455 528 504 καὶ
553 458 648 507 τοῖς
678 453 744 504 ε”τι
777 452 1144 522 φορτικωτέροις.
1197 451 1290 520 ἔχει
1315 449 1363 502 δὲ
1388 452 1508 501 οὕτω
1532 449 1585 501 τὸ
1609 473 1812 518 γεγραμ-

238 533 377 596 μένον
407 539 435 561 “
456 534 623 587 Οὕτως
660 530 755 584 εἶπε
794 533 967 599 Κύριος
997 531 1114 582 Ἐὰν
1146 533 1270 595 ὑμεῖς
1309 535 1424 583 δῶτε
1466 531 1520 583 τὸ
1553 531 1814 599 πρόσωπον

241 622 267 644 “
293 615 421 678 ὑμῶν
453 618 515 668 εἰς
552 614 792 681 Αἴγυπτον
827 617 903 666 καὶ
937 613 1180 678 εἰσέλθητε
1218 617 1312 665 ἐκεῖ
1343 620 1426 665 τοῦ
1464 618 1704 677 κατοικεῖν,
1740 615 1814 665 καὶ
1834 637 1855 673 5

239 703 267 726 ‘⁶'
292 696 426 748 ἔσται
451 697 479 761 ἡ
505 697 717 766 ῥομφαία
748 695 805 761 ἣν
840 698 965 760 ὑμεῖς
999 701 1231 766 φοβεῖσθε
1257 696 1349 748 ἀπὸ
1374 696 1635 764 προσώπου
1661 698 1814 760 αὐτῆς,

200 785 266 822 θ“
291 777 476 845 εὑρήσει
514 780 631 844 ὑμᾶς
669 780 717 830 ἐν
750 779 1023 849 Αἰγύπτω.”
1081 778 1236 844 ἐπειδὴ
1274 778 1367 846 γὰρ
1405 783 1506 834 ταῖς
1545 779 1817 845 Αἰγυπτίων

237 861 514 928 ἐπικουρίαις
558 861 960 928 ἐπιθαρσήσαντες
1004 862 1311 930 ἀντεφέροντο
1348 866 1443 916 τοῖς
1482 861 1816 924 Βαβυλωνίοις,

237 943 455 1012 ταύτῃτοι
488 944 816 1008 λελυπημένοι,
853 942 971 1006 μετὰ
1007 942 1092 1008 τὴν
1127 947 1221 994 τῶν
1243 942 1590 1011 Ἱεροσολύμων
1626 945 1702 994 καὶ
1736 945 1818 1007 τῆς

240 1025 503 1091 Σαμαρείας
564 1025 762 1089 ἅλωσιν,
821 1025 1077 1092 ἐτράποντο
1132 1025 1252 1077 κατὰ
1304 1030 1398 1077 τῶν
1455 1026 1725 1092 Αἰγυπτίων
1776 1028 1818 1077 οἱ
1840 1052 1885 1077 10

242 1107 554 1168 Βαβυλώνιοι,
593 1110 667 1159 καὶ
702 1109 902 1173 ἀμογητὶ
940 1107 1222 1173 νενικήκασι,
1261 1108 1367 1159 τότε
1401 1108 1675 1172 συμβέβηκε
1713 1106 1818 1162 τοὺς

239 1190 621 1258 περιλειφθέντας
658 1190 714 1259 ἐξ
742 1189 978 1241 Ἰουδαίων
1021 1190 1356 1242 συνδιόλεσθαι
1396 1195 1492 1243 τοῖς
1531 1191 1816 1256 Αἰγυπτίοις.

241 1275 283 1323 οἱ
312 1272 359 1323 δὲ
386 1272 442 1336 δὴ
469 1276 712 1341 διαφυγεῖν
735 1271 820 1337 τὴν
850 1274 898 1323 ἐν
924 1272 1150 1343 Αἰγύπτῳ
1174 1273 1495 1340 ταλαιπωρίαν
1521 1272 1817 1340 ἰσχύσαντες,

240 1352 377 1416 μόλις
403 1353 608 1406 ἐπέκεινα
631 1355 991 1422 δεδραμήκασιν,
1014 1357 1088 1406 ἐπὶ
1112 1353 1197 1420 τὴν
1213 1354 1457 1421 Ἀρκάδων
1478 1353 1621 1408 ἰόντες
1646 1354 1818 1423 χώραν,

241 1438 316 1487 καὶ
351 1439 413 1490 ὡς
450 1441 512 1491 εἰς
547 1436 690 1488 πόλιν
728 1437 1030 1505 ὀχυρωτάτην
1067 1436 1366 1507 κατῳκήκασι
1403 1436 1488 1501 τὴν
1523 1434 1710 1506 Μεμφιν
1743 1439 1818 1488 καὶ
1840 1459 1885 1497 15

18 1532 99 1566 130
117 1530 169 1566 Α.
202 1518 325 1581 ειτὴν
365 1518 599 1586 Μαικμάς·
647 1519 776 1586 ἑτέρα
815 1519 863 1570 δὲ
897 1521 1014 1583 αὕτη
1051 1520 1216 1585 γείτων
1252 1542 1344 1571 που
1379 1519 1578 1581 πάντως,
1617 1521 1693 1569 καὶ
1725 1523 1819 1570 τῶν

21 1857 71 1888 Ib.
90 1856 123 1888 li.

25 1910 138 1941 11—14.

240 1601 405 1652 ἄλλων
438 1601 752 1669 ἐπισημοτέρα
785 1600 938 1655 πόλις·
982 1602 1076 1652 ἐκεῖ
1107 1604 1182 1652 καὶ
1218 1600 1590 1666 τετελευτήκασι,
1615 1600 1819 1668 μακροὺς

240 1681 458 1747 δηλονότι
496 1683 846 1738 διατελέσαντες
880 1681 1087 1751 χρόνους,
1127 1683 1456 1747 ὑπονοστῆσαί
1490 1705 1539 1733 τε
1577 1682 1642 1747 μὴ
1677 1686 1814 1747 δυνη-

240 1764 394 1819 θέντες
426 1769 486 1819 εἰς
519 1765 604 1830 τὴν
634 1765 877 1817 Ἰουδαίαν.
945 1767 1035 1835 ἔφη
1073 1765 1122 1817 δὲ
1167 1767 1286 1816 οὕτω
1323 1765 1470 1816 πάλιν
1509 1766 1534 1815 ὁ
1571 1765 1819 1833 προφήτης

239 1847 461 1912 Ἱερεμίας
487 1855 515 1877 “
535 1847 630 1899 Διά
655 1854 792 1900 τοῦτο
825 1850 970 1902 οὕτως
1002 1846 1098 1899 εἷπε
1127 1848 1299 1914 Κύριος
1323 1846 1446 1898 Ἰδοὺ
1479 1846 1570 1913 ἐγὼ
1594 1848 1818 1915 ἐφίστημι
1839 1877 1887 1901 20

244 1935 271 1959 ‘⁶
295 1928 347 1980 τὸ
371 1929 632 1997 πρόσωπόν
665 1954 755 1994 μου
793 1937 875 1983 τοῦ
909 1931 1145 1983 ἀπολέσαι
1169 1930 1349 1984 πάντας
1375 1929 1481 1984 τοὺς
1506 1931 1820 1984 καταλοίπους

241 2017 269 2040 “
294 2012 399 2065 τοὺς
427 2014 474 2063 ἐν
501 2013 742 2083 Αἰγύπτῳ,
768 2016 842 2065 καὶ
873 2020 1128 2065 πεσοῦνται
1163 2015 1210 2065 ἐν
1243 2013 1455 2081 ῥομφαίᾳ
1481 2015 1554 2063 καί
1593 2015 1641 2063 ἐν
1679 2017 1820 2083 λιμῷ,

197 2098 223 2139 b
243 2100 269 2124 ‘⁶
295 2095 599 2162 ἐκλείψουσιν
626 2094 718 2147 ἀπὸ
744 2102 910 2162 μικροῦ
948 2098 1020 2147 καὶ
1055 2097 1138 2151 ἕως
1173 2095 1395 2161 μεγάλου,
1422 2097 1496 2145 καὶ
1536 2095 1724 2146 ἔσονται
1758 2099 1821 2149 εἰς

241 2183 268 2206 “
295 2175 560 2239 ὀνειδισμὸν
602 2179 677 2228 καί
715 2181 776 2231 εἰς
820 2178 1058 2229 ἀπώλειαν
1102 2179 1177 2228 καὶ
1215 2180 1276 2231 εἰς
1316 2176 1537 2244 κατάραν.
1603 2179 1678 2228 καὶ
1715 2179 1815 2229 ε’πι-

243 2265 269 2288 “
295 2259 540 2328 σκέψομαι
566 2261 640 2311 ἐπὶ
665 2260 771 2315 τοὺς
795 2260 1079 2325 καθημένους
1114 2262 1162 2311 ἐν
1196 2263 1259 2328 γῇ
1284 2260 1510 2329 Αἰγύπτῳ
1534 2263 1595 2314 ὡς
1621 2262 1815 2312 ἐπεσκε-
1840 2284 1887 2321 25

242 2348 270 2370 “
294 2342 463 2409 ψάμην
506 2344 580 2394 ἐπὶ
614 2342 929 2409 Ἰερουσαλὴμ
964 2343 1011 2393 ἐν
1044 2343 1255 2411 ῥομφαίᾳ
1293 2344 1368 2393 καί
1406 2343 1455 2393 ἐν
1493 2345 1616 2410 λιμῷ
1654 2344 1730 2393 καὶ
1773 2343 1821 2393 ἐν

245 2430 271 2452 “
295 2423 494 2494 θανάτῳ,
533 2426 608 2475 καί
643 2426 724 2476 οὐκ
757 2425 890 2476 ἔσται
920 2424 1228 2488 σεσωσμένος
1254 2426 1399 2478 οὐδεὶς
1437 2428 1531 2475 τῶν
1567 2425 1822 2475 ἐπιλοίπων

243 2512 271 2534 “
295 2506 449 2557 Ἰούδα
480 2511 573 2558 τῶν
602 2507 949 2574 παροικούντων
983 2509 1031 2557 ἐν
1065 2510 1127 2575 γῇ
1156 2506 1398 2575 Αἰγύπτῳ,
1428 2512 1511 2557 τοῦ
1536 2506 1820 2574 ἐπιστρέψαι

246 2598 272 2619 “
298 2594 358 2643 εἰς
390 2595 480 2657 γῆν
505 2592 670 2654 Ἰούδα,
704 2594 776 2661 ἐφ’
803 2592 860 2657 ἢν
894 2594 1021 2644 αὐτοὶ
1052 2592 1291 2659 ἐλπίζουσι
1330 2597 1430 2646 ταῖς
1466 2596 1644 2662 ψυχαῖς
1670 2593 1822 2644 αὐτῶν

246 2679 272 2702 “
296 2678 377 2722 τοῦ
410 2674 691 2743 ἐπιστρέψαι
726 2677 824 2726 ἐκεῖ·
878 2676 930 2726 οὐ
968 2674 1031 2739 μὴ
1071 2673 1471 2743 ἐπιστρέψωσιν.”
1536 2674 1713 2728 ἀκούεις
1751 2674 1822 2726 ὅτι
1840 2700 1888 2735 30

292 2806 324 2839 3.
351 2796 403 2829 καὶ
420 2804 640 2843 assumptum
657 2811 699 2833 ex
718 2799 812 2834 B.D.
1078 2811 1130 2833 10.
1157 2800 1238 2833 κατὰ
1256 2802 1321 2833 τῶν
1338 2799 1530 2845 Αἷγυπτίων
1547 2800 1578 2832 οἱ
1594 2798 1818 2844 βαβυλώνιοι]

246 2841 315 2875 κατ’
333 2842 440 2877 αὐτῶν
458 2844 503 2878 D.
808 2858 860 2880 12.
887 2845 1144 2892 συνδιολέσθιιι]
1165 2846 1411 2881 συνδιολύσθαι
1431 2846 1534 2880 Pont.
1553 2846 1821 2885 συνδιόλλυσθαι

246 2888 340 2921 AUb·
561 2903 615 2925 22.
642 2893 841 2939 πεσοῦνται]
861 2896 1015 2929 πεσεῖται
1034 2893 1124 2927 Edd.
1174 2895 1282 2938 λοιμῷ
1302 2893 1348 2927 D.
1573 2904 1627 2937 23.
1654 2893 1707 2926 καὶ
1724 2893 1820 2937 prius

245 2942 524 3017 assulnptu¹1113ess
542 2938 581 2973 B.
602 2939 734 2983 (Alex.)
1009 2951 1063 2983 25.
1093 2940 1188 2975 Haec
1206 2941 1249 2976 ὡς
1267 2939 1688 2985 ἐπεσκεψάμην-θανάτῳ
1705 2951 1820 2974 acces-

247 2989 367 3016 serunt
385 2995 424 3016 ex
479 3010 485 3017 .
530 3011 536 3017 .
