2021 3434
279 145 363 185 268
670 147 720 186 B.
761 145 1039 186 CYRILLI
1078 146 1461 189 ALEXANDR.
1611 150 1697 191 xiii.
1722 162 1845 205 9—11.

280 258 358 305 καὶ
394 257 451 309 ὡς
487 251 730 325 miphaa-
770 253 1235 319 ἀποκομισθήσονται
1268 253 1362 321 γὰρ
1399 259 1460 308 εἰς
1492 254 1577 320 τὴν
1601 256 1848 326 Ἀσσυρίων.

277 336 597 403 ἀπαντήσομοιι
629 335 678 386 δὲ
712 339 857 392 αὐτοῖς
891 337 967 386 καὶ
1000 338 1058 391 ὡς
1087 335 1246 405 ἄρκτος
1282 335 1562 406 ἀπορουμένη,
1597 338 1850 400 τουτέστιν,

278 416 306 479 ἡ
347 421 558 467 πεινῶσα
604 416 763 485 τυχὸν,
806 418 951 483 ἤγουν
991 416 1207 468 ἀλύουσα
1245 415 1451 486 σφόδρα,
1494 423 1588 470 τῶν
1629 420 1853 483 σκύμνων

277 497 585 566 ἐξῃρημένων·
639 497 745 550 τότε
781 498 873 566 γὰρ
912 499 1128 564 μάλιστά
1161 504 1285 569 φασι
1322 503 1405 564 τῆς
1442 501 1650 571 ἐμφύτου
1687 502 1853 566 μανίας

241 582 340 633 θεὶς
381 579 523 646 ἄκρον
563 580 783 649 ἔρχεσθαι
823 581 876 632 τὸ
924 582 1099 648 θηρίον.
1177 585 1256 633 καὶ
1304 579 1505 654 ὃιοιῤῥήξω
1549 584 1893 650 συγκλεισμον5

280 659 487 732 καρδίας.
567 662 872 732 συγκλεισμον
920 664 968 714 ἐν
1017 662 1195 717 τούτοις
1241 662 1326 728 τὴν
1385 665 1655 733 ἀσφάλειαν
1703 665 1848 731 λέγει.

277 743 520 812 ἀσφάλεια
555 744 603 795 δὲ
637 746 826 811 καρδίας
863 744 917 796 τὸ
955 745 1145 811 θάρσος,
1172 745 1286 812 ὅπερ
1321 743 1378 796 ἂν
1412 746 1509 814 ἔχοι
1542 770 1610 801 τις
1644 746 1742 798 κατ’
1775 749 1851 816 ἐχ-

277 829 415 891 θρῶν·
455 826 508 876 οὗ
543 825 599 890 δὴ
631 829 706 878 καὶ
740 827 1054 895 διεῤῥωγότος,
1079 827 1138 878 τὰ
1168 829 1217 878 ἐκ
1249 831 1331 892 τῆς
1370 829 1542 882 δειλίας
1575 829 1851 896 εἰσκρίνεται
2009 851 2021 893 q

275 905 417 972 πάθη,
460 910 522 961 ὡς
571 910 645 959 καὶ
693 910 861 976 ἀμαχεὶ
911 914 1006 963 τοῖς
1046 912 1226 977 ἐχθροῖς
1270 910 1564 978 χαρίσασθαι
1607 910 1662 962 τὸ
1704 916 1849 964 νικᾶν.
2018 900 2021 950 Ῑ

277 988 438 1053 ὅμοιον
467 991 549 1041 οὖν
580 992 641 1044 ὡς
679 995 717 1041 εὶ
750 991 882 1057 λέγοι
915 990 1057 1059 τυχόν
1084 995 1166 1045 Εἰς
1204 992 1411 1060 ἐσχάτην
1447 991 1612 1047 αὐτοὺς
1646 994 1851 1044 κατοίσω
1874 1018 1921 1044 10

277 1073 465 1135 δειλίαν,
490 1073 637 1124 καίτοι
670 1077 764 1124 τῶν
799 1075 852 1124 δι’
882 1074 1089 1128 ἐναντίας
1118 1075 1335 1125 πεινῶντί
1365 1097 1414 1125 τε
1448 1078 1523 1126 καὶ
1556 1075 1853 1146 ἠτεκνωμένῳ

275 1154 684 1220 παρεικασθέντων
719 1156 878 1225 θηρίῳ,
905 1158 1026 1224 φημὶ
1060 1155 1116 1219 δὴ
1154 1159 1211 1224 τῇ
1246 1156 1405 1227 ἄρκτῳ.
1456 1156 1525 1208 ὅτι
1564 1156 1613 1207 δὲ
1644 1159 1720 1208 καὶ
1758 1163 1853 1212 τοῖς

276 1238 360 1299 τῆς
385 1237 716 1303 αἰχμαλωσίας
746 1236 989 1291 ἐναλόντες
1014 1240 1216 1301 δεσμοῖς,
1243 1240 1318 1288 καὶ
1348 1242 1410 1291 εὶς
1436 1239 1520 1303 τὴν
1546 1243 1640 1290 τῶν
1663 1240 1850 1291 Ἀσσυ-

56 1332 136 1366 185
157 1331 206 1366 Α.
237 1317 388 1384 ορίων
417 1318 775 1384 ἀπενηνεγμένοι
804 1319 977 1386 χώραν,
1003 1319 1217 1383 οὐδεμίαν
1251 1320 1440 1389 ἕξουσιν
1474 1320 1726 1373 ἀπόνευσιν
1758 1326 1852 1373 τῶν

275 1403 443 1462 κακῶν,
470 1400 668 1469 ἕψονται
701 1399 749 1451 δὲ
783 1400 944 1467 ὥσπερ
978 1402 1132 1455 αὐτοῖς
1162 1403 1348 1453 κάκεῖσε
1381 1402 1439 1454 τὰ
1470 1403 1700 1471 μοχθηρὰ,
1731 1427 1850 1471 παρ·
1874 1420 1920 1459 15
2012 1430 2021 1464 ἰ

274 1480 444 1550 ἔδειξεν
469 1482 610 1533 εἰπών
638 1488 726 1533 Καὶ
769 1482 1123 1552 καταφάγοντοιι
1158 1482 1312 1539 αὐτους
1351 1485 1443 1536 ἐκεῖ
1476 1485 1655 1553 σκύμνοι
1682 1482 1850 1558 δρυμοῦ,
2012 1507 2015 1542 ἰ

273 1561 392 1631 θηρία.
429 1565 564 1633 οὶγροῧ
595 1561 842 1616 διαστάσει
880 1564 1049 1620 αὐτούς.
1116 1566 1174 1616 τὰ
1206 1564 1300 1633 γὰρ
1330 1571 1424 1617 τῶν
1448 1568 1723 1635 Ἀσσυρίων
1750 1564 1852 1619 μοἰτί-

275 1649 406 1696 θασα
443 1645 570 1711 γένη,
609 1645 816 1715 σκύμνοις
854 1651 950 1700 τοῖς
987 1647 1035 1697 ἐν
1069 1644 1241 1717 δρυμοῖς
1281 1650 1356 1699 καὶ
1395 1647 1539 1719 θηρίοις
1579 1649 1852 1717 παρεικάζει,

273 1725 400 1777 πολὺ
423 1726 664 1780 νενευκότα
687 1726 805 1795 πρὸς
829 1727 883 1779 τὸ
909 1727 1154 1796 ἀνήμερον.

150 1946 185 1981 9,
210 1946 256 1970 10
273 1933 337 1992 Τᾷ
382 1934 592 1995 ὃιαοῐτορᾷ
637 1950 710 1977 σου
747 1935 922 1993 Ἰσραὴλ
971 1936 1032 1978 τίς
1082 1938 1307 1992 βοΗθιὲισει;
1355 1941 1436 1980 Ποῦ
1476 1939 1499 1981 ὁ
1544 1940 1737 1990 βασιλεύς
1777 1954 1850 1982 σου
1872 1954 1922 1980 20

228 2011 255 2051 b
340 2015 488 2071 οὗτος,
528 2019 595 2060 καὶ
621 2018 878 2061 ὃιασωσάτω
911 2035 957 2062 σε
989 2021 1034 2061 ἐν
1065 2022 1220 2063 Πάσαιε
1246 2019 1337 2063 ταῖς
1363 2021 1514 2065 Πόλεσί
1540 2038 1626 2065 σου·
1666 2024 1852 2080 κρινάτω

208 2109 249 2133 11
339 2117 385 2143 σε
410 2102 458 2145 ὃν
485 2098 608 2144 εἶπας
633 2104 718 2146 Δός
755 2119 825 2152 μοι
864 2106 1036 2155 βασιλέα
1075 2105 1144 2146 καὶ
1180 2105 1379 2164 ἄρχοντα.
1439 2107 1507 2148 καὶ
1531 2107 1687 2149 {bomo}
1714 2122 1779 2150 σοι
1805 2107 1850 2149 ἐν

337 2186 442 2244 ὀρΓιῇ
468 2202 560 2239 μου,
589 2187 657 2228 καὶ
683 2188 804 2244 ἔσχον
830 2189 875 2230 ὲν
901 2190 962 2243 τῷ
988 2191 1107 2244 Θυμῴ
1132 2204 1211 2238 μου
1238 2190 1481 2248 συστροφὴν
1508 2190 1689 2233 ἀδικίας.

335 2297 502 2369 ’Έφην
527 2301 616 2366 ἤδη
642 2304 717 2354 καὶ
742 2304 791 2354 ἐν
815 2307 910 2357 τοῖς
935 2303 1149 2370 ἀνωτέρω
1173 2302 1343 2373 βραχὺ,
1370 2304 1441 2356 ὅτι
1464 2310 1712 2374 κατῃτιᾶτο
1731 2305 1854 2361 Θεὸς

270 2380 378 2435 τοὺς
398 2382 455 2451 ἐξ
473 2383 687 2450 Ἰσραὴλ,
713 2387 775 2438 ὡς
809 2386 892 2435 οὐκ
930 2383 1011 2436 οἶδ’
1040 2385 1166 2439 ὅπως
1196 2386 1441 2450 ἑλομένους
1467 2387 1520 2439 τὸ
1546 2389 1851 2453 ἀνθρωπίνοις
1872 2410 1921 2449 25

273 2468 464 2526 μᾶλλον
513 2466 785 2534 ὑπεζεῦχθαι
837 2467 1002 2534 ζυγοῖς,
1054 2470 1129 2519 καὶ
1173 2468 1435 2533 ἀνήνασθαι
1483 2468 1569 2535 τὴν
1611 2471 1686 2522 ὑπ’
1729 2469 1854 2541 αὐτῷ

322 2627 352 2650 Ι.
371 2618 424 2651 καὶ
441 2625 661 2664 assumptum
679 2632 722 2654 ex
740 2620 833 2656 B.D.
845 2621 880 2656 b.
1119 2633 1151 2657 2.
1168 2622 1351 2667 ἇπαντὴσω
1368 2623 1404 2657 b.
1452 2624 1554 2669 ὅρκος
1570 2624 1605 2659 b.
1618 2624 1728 2669 (A.V.
1746 2625 1851 2671 XII.)

272 2673 305 2706 3.
331 2666 433 2707 ἤγουν
452 2665 496 2699 D.
511 2666 547 2700 b.
565 2666 583 2710 ἢ
603 2666 694 2701 Edd.
744 2667 901 2713 σκύμνων
918 2668 1143 2715 ἐξῃρημένων]
1164 2671 1332 2714 σκυμνίων
1348 2670 1571 2716 ἀφῃρημένων
1587 2671 1622 2706 b.
1729 2681 1761 2718 7.
1786 2673 1851 2708 ἇσ-

272 2710 418 2752 φάλειαν
437 2712 482 2746 D.
531 2714 592 2758 ἔχῃ
611 2714 706 2748 D.b.
968 2717 1001 2750 8.
1027 2716 1080 2750 καὶ
1097 2728 1167 2750 om.
1187 2717 1235 2751 D.
1503 2729 1556 2752 10.
1583 2718 1612 2752 εἷ
1628 2725 1851 2764 assumptum

272 2765 313 2787 ex
336 2756 425 2791 D.b.
645 2772 697 2795 11.
723 2762 829 2796 καίτοι
846 2769 1070 2808 assumptum
1087 2775 1129 2797 ex
1150 2762 1242 2797 B.D.
1256 2763 1292 2798 b.
1508 2775 1562 2799 12.
1587 2764 1707 2811 θηρίῳ]
1728 2765 1852 2811 θηρίων

274 2800 365 2835 Edd.
384 2803 501 2839 invitis
521 2805 659 2841 B.D.b.
709 2808 798 2855 ὅρκῳ
814 2808 850 2843 b.
1090 2819 1141 2854 15.
1168 2809 1311 2855 ἕψονται
1329 2810 1365 2844 δέ
1384 2810 1430 2846 D.
1451 2810 1594 2857 ἕψονται
1614 2812 1655 2846 Β.
1674 2813 1727 2846 καὶ
1744 2813 1850 2858 ἕψον-

271 2861 324 2880 ται
344 2848 434 2883 Edd.
591 2854 643 2888 18.
664 2854 761 2888 Haec
779 2856 831 2889 καὶ
848 2855 975 2899 θηρίοις
991 2863 1212 2890 accesserunt
1229 2869 1270 2891 ex
1287 2857 1379 2892 B.D.
1516 2869 1571 2892 22.
1589 2856 1680 2895 εἶπες
1699 2859 1745 2894 D.
1761 2860 1849 2905 (49.)

271 2893 323 2926 καὶ
343 2894 489 2939 ἶίρχοντα
503 2909 572 2932 om.
589 2899 634 2934 D.
684 2900 758 2946 σοι]
779 2906 816 2942 -1-
832 2901 983 2943 βασιλέα
997 2902 1089 2937 Edd.
1105 2903 1211 2946 (A.V.
1224 2904 1305 2947 etc.)
1318 2903 1414 2938 deest
1426 2904 1461 2939 in
1474 2904 1567 2940 B.D.
1653 2916 1708 2951 23.
1725 2906 1845 2951 ἔσχον]

270 2940 418 2985 ἔσχατον
435 2942 524 2987 (sic)
545 2944 589 2979 1).
781 2958 835 2992 25.
863 2949 906 2984 ὡς
922 2949 981 2983 οὐκ
998 2947 1059 2983 οἶδ’
1081 2950 1172 2984 B.D.
1191 2951 1244 2984 καὶ
1262 2950 1330 2984 οὐδ’
1351 2951 1441 2985 Edd.
