2021 3434
291 213 375 252 658
683 213 734 254 B.
777 213 1057 254 CYRILLI
1103 213 1487 254 ALEXANDR.
1699 211 1753 250 iv.
1774 223 1809 259 1,
1835 221 1873 249 2.

253 341 274 367 e
292 329 319 351 “
345 325 426 376 δας
454 324 528 373 καὶ
562 323 803 382 ἐπιθυμίας
828 322 1019 377 πολλὰς
1055 323 1277 388 ἀνοήτους
1306 325 1380 373 καὶ
1414 321 1676 386 βλαβερὰς,
1706 320 1873 372 αἵτινες

291 411 319 433 “
344 404 588 470 βυθίζουσι
639 404 747 458 τοὺς
798 406 1072 471 ἀνθρώπους
1117 410 1178 459 εἷς
1219 404 1417 471 ὄλεθρον
1463 405 1537 455 καὶ
1589 400 1871 454 ἀπώλειαν.”

292 485 596 554 ἀφεστήκασι
635 486 683 538 δὲ
721 485 807 538 ὧδε
845 494 928 539 τοῦ
959 492 1127 555 φονᾶν,
1156 487 1280 538 ὥστε
1319 489 1395 538 καὶ
1433 492 1528 539 τοῖς
1559 486 1780 537 παίουσιν
1810 487 1874 537 εἷς

65 580 230 612 S-Matth·
290 568 375 632 τὴν
410 567 567 637 δεξιὰν
601 568 821 635 σιαγόνα,
865 570 1090 638 στρέφειν
1130 572 1204 621 καὶ
1249 568 1334 629 τὴν
1375 570 1547 633 ἄλλην.
1619 568 1707 638 ἔρος
1748 567 1788 617 δ’
1815 564 1873 616 ἂν

67 635 98 655 v.
116 633 167 666 39-
290 655 441 702 νοοῖτο
461 653 536 702 καὶ
555 651 722 717 ἑτέρως
742 652 769 715 ἡ
791 650 1059 716 Ἐκκλησία
1078 657 1173 706 τοῖς
1191 651 1444 716 εΕλλήνων
1462 647 1872 717 παραβαλλομένη
1892 667 1914 705 5

288 730 538 798 δόγμασιν.
600 736 642 784 οἱ
682 732 768 796 μὲν
810 733 905 801 γὰρ
939 734 1088 788 λίθοις
1134 736 1209 785 καὶ
1247 733 1408 803 ξύλοις
1451 736 1525 784 καὶ
1566 734 1683 800 αὐτῇ
1725 731 1773 783 δὲ
1814 735 1873 799 τῇ
1911 761 1914 763 >

286 814 437 866 κτίσει
470 818 638 883 χρῆναι
675 821 960 882 προσκυνεῖν
986 816 1319 867 ἀσυνετώτατα
1350 814 1729 881 δογματίζουσιν,
1761 813 1790 877 ἡ
1824 813 1873 864 δὲ

287 896 573 963 καθίστησιν
599 900 772 964 ἐναργῆ
804 897 886 949 τὸν
911 898 1055 966 φύσει
1084 922 1133 950 τε
1173 901 1249 949 καὶ
1288 900 1477 962 ἀληθῶς
1508 896 1622 948 ὅντα
1648 895 1792 959 Θεὸν,
1823 894 1874 950 ὃς

66 995 153 1029 425
170 994 220 1029 A.
250 979 392 1031 ειτόδε
427 979 482 1032 τὸ
516 980 713 1043 σύμπαν
739 979 1080 1045 διετεκτήνατο,
1112 983 1185 1031 καὶ
1219 980 1337 1046 πρὸς
1361 979 1415 1030 τὸ
1441 981 1491 1030 εὖ
1525 977 1638 1029 εἶναι
1672 978 1874 1046 συνέχει,

288 1064 363 1112 καὶ
390 1062 493 1113 ἔστι
517 1067 611 1113 τῶν
638 1062 766 1113 ὅλων
796 1063 967 1130 Κύριος
992 1065 1054 1117 ὡς
1081 1062 1213 1117 Θεός.
1897 1088 1943 1113 ιο
1990 1078 1997 1142 ἐ

363 1148 594 1212 Ἐπῆρθαι
628 1143 778 1211 γεμὴν
811 1149 855 1197 το
897 1147 984 1216 ἔρος
1030 1149 1153 1214 φησὶ
1193 1148 1264 1197 τοῧ
1312 1148 1458 1213 Κυρίου
1504 1146 1570 1195 ἐπ’
1601 1147 1664 1214 ὅρη
1708 1167 1758 1195 τε
1799 1146 1875 1195 καὶ

287 1226 479 1290 βουνοῦς,
506 1226 625 1278 εἷναί
659 1251 709 1278 τε
750 1227 929 1295 ἕτοιμον,
958 1228 1012 1278 τὸ
1044 1227 1141 1279 οἷον
1179 1230 1228 1279 ἐν
1264 1228 1544 1296 περιφανειά
1573 1231 1738 1295 πολλῇ
1777 1233 1870 1278 κεῖ-

286 1310 407 1360 σθαί
440 1332 490 1360 τε
516 1312 591 1360 καὶ
630 1308 746 1360 εἶναι
784 1309 859 1360 διὰ
884 1311 1051 1361 τούτου
1077 1312 1338 1375 σημαίνων.
1406 1310 1659 1376 περίοπτον
1691 1309 1784 1376 γὰρ
1820 1309 1874 1360 τὸ

285 1394 334 1442 ἐν
360 1392 454 1459 ὄρει
481 1393 708 1456 κείμενον,
739 1391 923 1456 ἕτοιμόν
953 1416 1003 1443 τε
1043 1394 1151 1444 λιάν
1184 1397 1308 1455 ἰδεῖν,
1335 1395 1410 1443 καὶ
1446 1394 1600 1443 οὐδενί
1620 1415 1713 1443 που
1750 1392 1874 1460 τάχα

286 1476 360 1525 καὶ
399 1479 495 1525 τῶν
529 1473 763 1526 ἀπωτάτω
802 1476 1023 1539 κειμένων
1061 1475 1366 1541 ἀγνούμενον.
1435 1476 1506 1526 ὅτι
1545 1474 1594 1526 δὲ
1626 1477 1703 1526 καὶ
1740 1472 1873 1539 μάλα
1897 1491 1942 1529 15
1988 1475 1991 1489 ζ

287 1557 541 1623 προθύμως
579 1555 780 1608 διάττειν
814 1557 1018 1621 ἔμελλον
1051 1558 1118 1609 ἐπ’
1148 1559 1251 1609 αὐτο
1284 1557 1343 1608 τὰ
1381 1557 1505 1622 ἔθνη,
1537 1555 1874 1621 διαμεμήνυκεν

244 1641 496 1706 ὒέναργῶς
535 1642 618 1704 τῆς
657 1641 947 1707 προφητείας
986 1641 1011 1691 ὁ
1053 1639 1214 1706 λόγος.
1279 1641 1599 1707 μεμαρτύρηκε
1639 1639 1686 1690 δὲ
1719 1633 1874 1702 τοῦτο,

288 1725 364 1773 καὶ
390 1720 576 1788 ἀτρεκὲς
601 1721 654 1773 ὂν
680 1723 891 1790 ἀπέφηνε
918 1724 994 1773 καὶ
1020 1721 1136 1787 αὐτὴ
1162 1727 1257 1773 τῶν
1283 1721 1576 1788 πραγμάτων
1602 1723 1629 1786 ἡ
1657 1722 1869 1784 ἔκβασις.

288 1807 529 1855 σπεύσουσι
568 1803 677 1871 γὰρ,
704 1809 873 1874 φησὶν,
912 1806 980 1857 ἐπ’
1011 1806 1116 1857 αὐτο
1156 1811 1278 1868 λαοὶ,
1310 1807 1456 1867 δῆλον
1495 1804 1543 1856 δὲ
1577 1804 1647 1855 ὅτι
1677 1804 1760 1855 τὸν
1791 1810 1874 1855 τοῦ

288 1885 416 1937 οἴκου
432 1885 703 1951 Δεσπότην,
722 1886 940 1938 τουτέστι
965 1887 1197 1951 Χριστόν.
1259 1889 1308 1937 τί
1330 1887 1377 1937 δὲ
1405 1889 1480 1938 καὶ
1506 1889 1696 1953 ἐροῦσι;
1739 1888 1873 1938 Δεῦτε
1894 1914 1943 1940 20
1981 1923 1986 1933 .

287 1967 524 2038 οὶνοιβῶμεν
564 1974 622 2023 εἷς
662 1970 706 2020 τὶ)
748 1970 836 2038 ἔρος
873 1975 956 2020 τοῦ
998 1971 1144 2039 Κυρίου
1186 1972 1261 2021 καὶ
1304 1975 1362 2024 εὶς
1401 1970 1466 2020 τον
1507 1968 1616 2020 οἷκον
1654 1971 1726 2020 τοῦ
1763 1971 1874 2021 Θεοῧ
1980 1963 1985 1978 ⁵

288 2051 418 2118 ἡμῶν,
461 2057 538 2103 καὶ
579 2048 785 2121 δείξουσιν
820 2054 915 2120 ἡμῖν
955 2050 1023 2112 τὴν
1062 2049 1155 2104 ὁδον
1198 2054 1327 2103 αὐτοῦ
1371 2058 1448 2103 καὶ
1494 2051 1793 2121 πορευσόμεθα
1835 2055 1874 2104 ἐν

289 2136 413 2208 αὐτῇ.
475 2133 652 2188 ἀκούεις
683 2134 753 2185 ὅτι
791 2134 1126 2201 προτροπάδην
1161 2134 1393 2198 ἀλλήλοις
1428 2134 1785 2199 διακελεύονται,
1818 2134 1873 2186 τὸ

289 2219 548 2289 Ἀναβῶμεν
574 2220 790 2286 λέγοντες
816 2221 967 2287 ὀρθῶς
1002 2243 1052 2271 τε
1089 2223 1165 2271 καὶ
1201 2225 1444 2288 νουνεχῶς·
1511 2222 1657 2288 φαίην
1682 2220 1777 2287 γὰρ
1802 2221 1873 2272 ὅτι

289 2307 383 2353 τῶν
407 2304 516 2370 παρ’
539 2300 760 2367 θΕλλησι
791 2301 1041 2368 δογμάτων
1066 2302 1120 2354 τὸ
1157 2302 1412 2371 χθαμαλὸν
1451 2305 1526 2353 καὶ
1564 2304 1869 2371 κατεῤῥιμμέ-
1893 2323 1940 2363 25
1974 2297 1980 2320 ⁵

252 2406 273 2432 e
292 2408 371 2436 νον
397 2386 480 2436 οὐκ
509 2384 789 2451 ἠγνοηκότες
815 2384 869 2436 τὸ
893 2385 1151 2455 Ἀνοιβῶμεν
1179 2386 1423 2451 λέγουσιν,
1455 2388 1518 2440 ὡς
1545 2387 1672 2455 ὑψοῦ
1703 2387 1874 2438 λοιπὸν
1976 2383 1979 2405 '³

341 2567 370 2590 Ι.
387 2555 537 2602 πολλὰς]
560 2561 597 2597 -1-
620 2558 672 2591 καὶ
690 2556 782 2591 Edd
801 2557 910 2591 invito
928 2558 972 2591 A.
1024 2556 1186 2591 Statim’
1167 2557 1345 2601 ανονὴτους
1364 2557 1455 2592 Edd.
1507 2557 1605 2593 Haec
1623 2559 1677 2593 καὶ
1696 2560 1873 2606 βλαβερὰς

289 2609 510 2637 accesserunt
527 2615 568 2637 ex
586 2604 630 2638 A.
862 2615 895 2649 3.
921 2619 987 2638 που
1004 2616 1067 2649 pro
1084 2607 1144 2639 τοῦ
1161 2604 1204 2661 A.
1255 2606 1308 2638 καὶ
1326 2616 1395 2638 om.
1416 2604 1458 2639 B.
1710 2619 1743 2649 4.
1771 2608 1872 2652 στρέ-

287 2651 398 2693 φουσι
415 2650 460 2684 Α.
509 2650 620 2693 ἄλλην
636 2651 680 2684 Α.
699 2650 816 2695 ἑτέραν
833 2650 926 2685 Edd.
1062 2661 1095 2696 5.
1121 2651 1243 2694 ἑτέρων
1260 2651 1355 2686 Aub.
1505 2651 1538 2686 6.
1564 2651 1612 2697 οἳ]
1632 2652 1662 2686 εἶ
1672 2653 1871 2689 Aubertus.

289 2697 322 2730 8.
350 2698 436 2732 Θεὸς
455 2697 491 2731 δέ
510 2709 572 2742 pro
590 2697 625 2732 ὃς
642 2698 719 2732 τόδε
738 2698 782 2732 Α.
975 2709 1027 2732 11.
1054 2699 1144 2743 φησὶ
1162 2705 1385 2744 assumptum
1401 2710 1443 2732 ex
1461 2698 1503 2732 B.
1555 2698 1681 2734 Statim
1697 2703 1758 2735 τοῦ
1776 2701 1873 2736 deest

288 2743 325 2776 in
344 2743 436 2778 Edd.
454 2744 572 2778 invitis
589 2744 680 2779 A.B.
834 2755 887 2779 12.
913 2745 1125 2790 ὑπερηφανίᾳ
1143 2757 1206 2790 pro
1222 2745 1422 2791 περιφανείᾳ
1441 2745 1521 2789 (Sic)
1539 2746 1582 2780 A.
1729 2758 1782 2792 13.
1809 2763 1872 2791 ση-

288 2790 396 2831 μαίνει
415 2791 507 2825 Edd.
653 2803 707 2834 14.
733 2806 786 2826 πω
803 2803 867 2837 pro
884 2807 950 2827 που
967 2792 1026 2826 iid.
1045 2792 1153 2826 invito
1171 2793 1214 2826 A.
1345 2801 1399 2837 15.
1425 2792 1588 2826 ἀπωτάτω
1605 2793 1763 2837 κειμένων
1778 2795 1822 2828 Α.
1829 2795 1870 2830 Β.

289 2836 514 2880 ἀποκειμένων
531 2837 624 2872 Edd.
880 2838 933 2873 16.
959 2839 1009 2874 ἐπ’
1028 2839 1116 2886 αὐτῷ
1133 2839 1177 2873 A.
1228 2838 1354 2873 Statim
1371 2840 1413 2873 τὰ
1430 2839 1507 2883 ἔθνη
1525 2846 1748 2899 assumptqm
1765 2853 1807 2875 ex
1824 2843 1870 2876 A.

293 2884 345 2916 18.
372 2884 481 2918 αὐτῶν
497 2896 560 2929 pro
577 2884 659 2928 αὐτὴ
677 2888 744 2919 τῶν
762 2885 805 2919 Β.
1033 2897 1086 2931 19.
1114 2885 1164 2920 ἐπ’
1182 2886 1263 2920 αὐτὸ
1280 2886 1324 2920 A.
1343 2892 1382 2920 ut
1400 2898 1517 2931 supra.
1536 2888 1621 2931 πρὸς
1637 2887 1740 2922 αὐτὸν
1757 2887 1800 2922 Β.
1818 2887 1869 2923 ἐπ’

287 2929 388 2963 αὐτὸν
405 2931 497 2965 Edd.
666 2943 721 2967 20.
747 2931 921 2977 τουτεστι]
945 2937 982 2973 -l-
1003 2933 1061 2967 τὸν
1079 2932 1171 2967 Edd.
1189 2933 1308 2968 invitis
1325 2933 1369 2967 A.
1375 2933 1416 2967 B.
1608 2944 1664 2968 21.
1689 2949 1750 2968 του
1767 2934 1869 2979 prius

287 2983 510 3021 assumptum
527 2990 568 3012 ex
587 2979 629 3012 A.
768 2991 822 3014 22.
849 2979 957 3025 ἡμῶν]
976 2979 1098 3021 Ἰακὼβ
1115 2980 1159 3014 A.
1270 2991 1323 3025 23.
1350 2979 1450 3026 συτῇ]
1470 2982 1541 3016 ταῖς
1558 2980 1688 3024 τρίβοις
1704 2981 1806 3016 αὐτοῦ
1823 2982 1866 3016 A.

289 3032 343 3066 25.
370 3023 635 3070 κατεῤῥηγμένον
653 3026 695 3059 A.
