2021 3434
94 233 133 274 ii.
154 248 195 285 4,
219 244 256 288 5.
536 234 608 274 IN
650 233 889 274 OSEAM.
951 233 1101 274 TOM.
1147 232 1206 272 II.
1613 232 1666 269 49

91 352 118 374 “
144 347 369 414 πονηρᾲ.”
436 345 500 396 ε”τι
546 346 628 408 μὲν
662 346 754 411 γὰρ
795 347 843 396 ἐν
886 345 1113 414 Αἰγύπτῳ
1152 343 1444 408 διατρίβουσι
1483 345 1578 393 τοῖς
1616 341 1708 408 ἔξω

91 426 304 493 Ἰσραὴλ,
330 428 562 497 ἐνῴκησεν
595 431 655 482 ὡς
686 427 1048 493 εἰδωλολάτραις
1074 427 1127 478 τὸ
1157 431 1339 488 πνεῦμα
1362 424 1416 476 τὸ
1441 422 1665 489 πονηρὸν,

35 514 38 515 ’
90 509 200 560 ἀλλ’
225 510 509 574 ἐκβέβληται
539 510 730 579 μεταξύ
786 511 1031 574 κέκληνται
1063 509 1156 575 γὰρ
1188 513 1250 563 εἷς
1277 505 1568 573 θεογνωσιάν
1593 505 1669 556 διὰ

92 591 355 646 Μωυσέως.
424 590 578 656 ἐπειδὴ
630 592 678 643 δὲ
730 592 958 657 γεγόνασι
1008 590 1312 657 κυριοκτόνοι,
1366 590 1441 640 καὶ
1490 589 1669 654 μυρίοις

47 684 69 722 5
90 672 220 727 ὅσοις
249 674 545 739 ἐγκλήμασιν
580 674 744 741 ἔνοχοι,
771 674 961 739 γε’γονεν
987 675 1140 725 αὐτοῖς
1171 671 1229 722 τὰ
1268 673 1449 739 ε”σχατα
1481 671 1667 738 χείρονα

88 759 182 806 τῶν
219 757 434 823 πρώτων,
466 757 714 820 δαιμονίων
744 755 931 821 ἀγέλης,
964 757 1050 822 οὐχ
1084 754 1184 808 ἑνὸς
1219 755 1284 805 ἔτι
1319 753 1463 816 μόνου
1502 776 1663 804 κατοι-

89 837 264 903 κούσης
291 840 339 889 ἐν
363 839 532 892 αὐτοῖς.
587 841 669 902 τῆς
695 837 787 904 γὰρ
813 838 1026 903 οὐρανίου
1051 837 1240 904 χάριτος
1266 836 1351 900 τὴν
1376 835 1666 902 περιστολὴν

89 921 410 980 ἀποβαλοῦσα
435 920 584 990 ψυχὴ,
610 919 815 984 πάντητε
853 921 928 970 καὶ
961 918 1147 973 πάντως
1181 918 1414 971 εὐάλωτος
1440 918 1573 968 ἔσται
1599 922 1665 986 τῷ

89 1007 292 1071 σατανᾷ.

24 1193 69 1236 10
92 1180 165 1222 Καὶ
197 1182 379 1229 θήσομαι
416 1181 547 1222 αὐτὴν
574 1182 633 1222 ὡς
668 1183 840 1238 ἔρΗμον,
870 1182 938 1222 καί
972 1183 1088 1223 τάξω
1123 1181 1253 1221 αὐτὴν
1281 1180 1341 1220 ὡς
1369 1184 1439 1226 Γιῖιν
1467 1178 1662 1235 ἄνυδρον,
1684 1178 1711 1218 d

157 1265 224 1305 καὶ
250 1265 477 1307 ἀποκτενῶ
498 1265 629 1306 αὐτὴν
649 1266 694 1307 ἐν
717 1266 843 1317 δίψει,
864 1266 932 1306 καὶ
957 1266 1008 1306 τὰ
1035 1266 1161 1306 τέκνα
1182 1264 1313 1305 αὐτῆς
1335 1263 1382 1303 οὐ
1403 1263 1458 1311 μὴ
1482 1263 1662 1312 ἐλεέσω,
1687 1284 1708 1314 4

155 1350 219 1391 ὅτι
248 1351 375 1390 τέκνα
403 1349 605 1406 Πορνείαε
637 1350 764 1392 ἐστίν.
823 1351 887 1391 ὅτι
924 1350 1231 1405 ὲΞεΠόρνευσεν
1268 1348 1290 1388 ἡ
1330 1349 1469 1403 μιίτΗρ
1508 1347 1664 1397 αὐτῶν,
1687 1354 1708 1391 5

157 1434 414 1489 κατῄσχυνεν
442 1434 464 1474 ἡ
492 1436 668 1475 τεκοῦσα
697 1434 817 1474 αὐτά.

153 1544 405 1612 ”Ακαρπον
446 1546 647 1597 ε”σεσθαί
686 1550 809 1613 φησι
854 1545 938 1609 τὴν
975 1544 1363 1611 πεπορνευμένην,
1405 1543 1554 1613 ξηρὰν
1593 1547 1669 1595 καὶ

24 1640 69 1678 15
90 1627 417 1690 ἀκανθοτόκον,
440 1629 622 1696 διψάδα
649 1631 723 1678 καὶ
750 1628 962 1692 ἄνυδρον,
989 1629 1075 1694 οὐχ
1103 1626 1282 1678 ὑδάτων
1308 1626 1431 1693 τάχα
1457 1649 1548 1677 που
1574 1630 1668 1676 τῶν

88 1709 262 1775 γηΐνων
288 1711 611 1775 ἐστερημένην,
633 1709 763 1760 ἀλλά
788 1713 870 1773 τῆς
897 1710 1072 1761 ἄνωθεν
1099 1711 1173 1760 καὶ
1198 1709 1255 1778 ἐξ
1275 1710 1472 1775 οὐρανοῦ
1497 1709 1662 1772 πιότη-

88 1815 181 1854 τος,
216 1791 433 1843 τουτέστι
466 1796 549 1855 τῆς
588 1792 662 1843 διὰ
701 1798 783 1843 τοῦ
818 1792 1092 1854 Πνεύματος
1124 1792 1362 1858 χορηγίας,
1394 1789 1451 1854 ἢν
1490 1790 1666 1858 ἑκάστῃ

87 1878 222 1943 σοφῇ
253 1898 303 1925 τε
342 1877 417 1925 καὶ
453 1877 608 1942 ἀγαθῇ
647 1873 844 1936 διανέμει
878 1879 1029 1944 ψυχῇ.
1099 1873 1283 1943 ψάλλει
1307 1872 1398 1940 γάρ
1431 1897 1523 1924 που
1548 1872 1706 1940 πρὸςε

88 1956 225 2019 Θεὸν,
278 1957 357 2007 καί
404 1961 555 2025 φησιν
608 1958 632 2007 ὁ
684 1956 908 2023 μακάριος
950 1957 1125 2008 Δαυειδ
1176 1964 1201 1986 “
1222 1959 1287 2007 Oc
1337 1956 1385 2006 δε
1437 1958 1523 2006 υἱοὶ
1572 1959 1666 2006 τῶν
1717 1966 1888 2041 ξῘΙέΧΧν·

21 2058 68 2082 2ο
87 2044 114 2068 “
138 2038 398 2104 ἀνθρώπων
433 2041 481 2089 ἐν
512 2062 665 2107 σκεπῃ
690 2044 784 2090 τῶν
809 2062 1055 2105 πτερυγων
1080 2062 1172 2090 σου
1197 2041 1429 2090 ἐλπιουσι.
1490 2041 1667 2100 μεθυσ-

87 2127 114 2150 “
140 2120 367 2185 θήσονται
393 2120 486 2172 ἀπὸ
511 2120 732 2186 πιότητος
766 2127 848 2173 τοῦ
884 2122 1010 2173 οἴκου
1044 2145 1149 2185 σου,
1176 2124 1249 2172 καὶ
1280 2120 1362 2172 τὸν
1387 2119 1666 2188 χειμάῤῥουν

87 2206 222 2267 “τῆς
263 2206 444 2272 τρυφῆς
495 2227 587 2254 σου
636 2209 808 2258 ποτιεῖς
859 2203 1042 2257 αὐτούς.
1127 2203 1198 2255 ὅτι
1246 2202 1375 2268 παρὰ
1418 2204 1497 2252 σοὶ
1536 2200 1664 2267 πηγὴ

86 2291 114 2314 “
138 2283 294 2351 ζωῆςΫ
360 2286 482 2355 ἄξιοι
520 2286 568 2338 δε
605 2290 687 2351 τῆς
721 2288 840 2338 οὕτω
871 2290 1050 2350 σεπτῆς
1079 2289 1154 2337 καὶ
1181 2288 1490 2353 ἀμφιλαφοῦς
1515 2308 1661 2352 χορη-

86 2368 190 2432 γίας
229 2366 317 2419 εἷεν
355 2367 411 2418 ἂν
450 2372 492 2419 οἱ
527 2368 716 2434 γνήσιοι
750 2392 822 2419 και
857 2368 1138 2430 βεβιωκότες
1172 2369 1342 2433 ὀρθῶς,
1373 2390 1446 2417 και
1478 2365 1665 2432 ἀγάπης

20 2467 66 2506 25
87 2453 168 2514 τῆς
192 2454 253 2504 εἰς
279 2449 403 2502 Θεον
427 2451 674 2516 προθέντες
710 2450 852 2502 ουδεν
895 2449 981 2515 τὴν
1008 2451 1065 2501 δέ
1094 2473 1149 2515 γε
1182 2449 1556 2515 πεπορνευμένην
1588 2474 1663 2501 και

87 2532 286 2598 ἄνυδρόν
320 2556 368 2583 τε
407 2533 710 2598 γενήσεσθαι,
756 2535 831 2584 καὶ
869 2532 962 2596 μὴν
1000 2535 1075 2583 καὶ
1113 2535 1160 2583 ἐν
1199 2533 1327 2599 δίψει
1353 2530 1701 2601 τεθνήξεσθαιει
1741 2548 1795 2582 35
1817 2547 1872 2582 A.

87 2615 230 2680 λέγει.
286 2619 361 2666 καὶ
393 2621 530 2665 τοῦτο
566 2613 690 2678 οἶμαι
715 2617 816 2666 ἐστὶ
842 2615 896 2666 τὸ
923 2614 998 2665 διὰ
1026 2617 1185 2682 φωνῆς
1211 2614 1378 2680 ἑτέρων
1403 2619 1663 2684 προφητῶν

137 2773 166 2796 1.
189 2761 241 2796 ὅτι
257 2773 320 2806 pro
337 2762 385 2795 ἔτι
405 2761 451 2795 D
657 2772 688 2795 2.
715 2760 873 2806 ἐνῴκηκεν
892 2761 938 2794 D.
1150 2770 1183 2804 5.
1204 2758 1299 2795 ὅσοις
1316 2767 1535 2806 assumptum
1555 2774 1596 2796 ex
1615 2762 1661 2796 D.

87 2808 119 2842 6.
142 2810 246 2852 μόνου
256 2820 328 2843 om.
343 2809 387 2842 D.
488 2819 540 2842 10.
567 2806 626 2853 ὡς]
643 2807 699 2841 Sic
712 2808 756 2841 D.
771 2808 806 2842 F.
821 2808 940 2852 (Alex.
956 2806 1042 2841 XII.
1047 2806 1120 2851 )ει’ς
1134 2806 1225 2840 Edd.
1241 2807 1432 2849 (Neutrum
1449 2808 1550 2843 habet
1565 2809 1644 2843 vat.
1651 2811 1661 2852 )

91 2867 144 2890 12.
169 2855 221 2890 ὅτι
237 2856 334 2889 τέκνα
350 2855 505 2899 πορνείας
521 2855 615 2888 ἐστιν
633 2867 702 2888 om.
723 2855 765 2888 B.
815 2853 938 2898 αὐτῶν]
954 2858 990 2894 -1-
1012 2855 1065 2887 κιιὶ
1084 2853 1120 2887 F.
1136 2853 1227 2888 Edd.
1246 2855 1299 2888 καὶ
1316 2866 1386 2888 om.
1403 2855 1443 2889 B.
1459 2855 1503 2889 D.
1519 2855 1583 2901 (A.
1595 2856 1661 2901 V.)

91 2901 143 2937 16.
165 2903 217 2936 καὶ
234 2908 455 2947 assumptum
473 2914 515 2936 ex
534 2901 576 2936 B.
590 2902 636 2935 D.
656 2901 689 2935 b.
824 2902 877 2935 18.
905 2902 957 2934 καὶ
974 2901 1059 2944 πρὸς
1077 2901 1162 2934 Θεὸν
1178 2901 1315 2935 inverso
1332 2901 1452 2936 ordine
1470 2902 1515 2936 D.
1538 2902 1662 2936 Statim

85 2952 196 2994 φησιν
213 2961 282 2983 om.
303 2949 348 2983 D.
507 2960 562 2982 21.
595 2951 654 2982 τοῦ
680 2954 901 2993 assumptum
923 2960 963 2981 ex
989 2947 1035 2981 D.
1056 2946 1110 2981 Cf.
1128 2947 1165 2980 in
1185 2947 1244 2982 Es.
1265 2959 1331 2993 914
1355 2949 1399 2982 A.
1418 2949 1476 2991 (ab
1502 2949 1660 2983 Holmes.

87 3004 121 3029 et
139 2996 234 3030 ParS.
252 2997 338 3040 cit.).
555 3005 610 3040 23.
637 2998 689 3028 καὶ
707 2995 849 3040 ἄνυδρόν
865 3009 901 3029 τε
917 2992 1141 3040 γενήσεσθαι]
1163 2994 1219 3028 Sic
1240 2995 1283 3029 D.
1302 2996 1444 3040 ἄνυδρον
1460 2997 1662 3042 γεγενῆσθαι

90 3042 180 3076 Edd.
371 3042 425 3077 26.
449 3043 492 3076 δι
483 3041 562 3087 ψει]
583 3043 668 3086 δίψῃ
688 3041 779 3076 Edd.

146 3114 236 3140 VOL.
263 3114 291 3140 ἶ.
861 3114 889 3141 11
