2021 3434
322 146 404 185 318
711 147 759 186 B.
804 146 1079 187 CYRILLI
1121 147 1498 187 ALEXANDR.
1704 148 1884 188 ii.8-10.

465 362 860 419 Καταβαρυνὸμενοι
896 364 940 405 ὲν
977 360 1065 404 τοῖο
1101 365 1250 405 ὅπλοις
1288 362 1428 405 αὐτῶν
1466 364 1758 419 Πορεύσονται.

383 469 564 522 ‘'On->we
598 470 646 521 δὲ
680 469 808 535 οἶμαί
837 494 929 523 που
962 471 1068 526 τοὺς
1106 471 1297 526 ὀδόντας
1332 475 1467 540 φησὶ,
1498 471 1553 521 δι’
1582 468 1647 522 ὧν
1678 471 1834 523 αὑταῖς
1865 471 1890 520 ὃ

319 551 541 616 πόλεμος,
583 554 658 603 καὶ
701 552 760 603 τὰ
801 555 862 607 ὡς
905 555 953 604 ἐν
995 553 1124 622 μάχῃ
1168 554 1519 620 κατορθώματα,
1562 551 1891 616 δαπανωμένης

317 633 403 697 μὲν
425 632 557 696 πόας,
585 633 719 699 ληΐου
746 633 795 685 δὲ
817 635 1082 698 πίπτοντος,
1109 638 1184 686 καὶ
1210 640 1370 704 φυτῶν
1395 634 1715 699 αὐαινομένων.

274 837 301 877 (1
372 834 445 876 Καὶ
473 836 515 877 ὲν
540 832 629 878 τοῖο
656 837 817 886 βέλεσιν
843 835 981 877 αὐτῶν
1007 839 1244 888 Πεσοῦνται,
1271 837 1338 877 καὶ
1364 836 1411 877 οὐ
1437 836 1493 884 μή
1521 836 1837 877 συντελέσωσιν,
1909 842 1930 880 5

393 940 643 992 Βάλλουσι
679 940 763 1005 μὲν
798 941 978 1007 ἀκρίδες
1015 942 1068 991 οὐ
1105 941 1250 1000 βελῶν
1293 941 1423 992 ἀκίσι
1460 940 1566 994 τοὺς
1602 938 1891 1003 πολεμουμέ-

319 1045 437 1085 νους,
455 1023 563 1073 ἀλλ’
583 1023 685 1074 οὐδὲ
711 1021 851 1091 τόξον
876 1024 1033 1076 αὑταῖς
1061 1024 1314 1074 ἐντείνεται·
1348 1022 1518 1081 πόθενς
1552 1021 1892 1088 κατακρούουσι

318 1103 366 1155 δὲ
405 1102 565 1172 ὥσπερ
603 1110 701 1158 ταῖς
739 1109 832 1155 τῶν
866 1106 1100 1168 ἐδωδίμων
1137 1109 1467 1174 καταφθοραῖς,
1504 1106 1578 1155 καὶ
1618 1108 1713 1158 τοῖς
1751 1109 1892 1168 λιμοῦ

318 1189 392 1238 καὶ
432 1188 601 1241 ἐνδείας
643 1188 871 1251 δείμασιν.
938 1185 1007 1237 ὅτι
1052 1186 1100 1237 δὲ
1145 1189 1219 1237 καὶ
1260 1187 1414 1240 αὐτοῖς
1451 1191 1548 1240 τοῖς
1583 1184 1672 1237 ὑπὸ
1709 1184 1889 1237 τοιάνδε

317 1275 523 1321 πεσοῦσι
555 1269 809 1339 συμφορὰν
843 1269 925 1320 οὐκ
967 1268 1023 1319 ἂν
1058 1267 1320 1335 ἐξαρκέσειε
1355 1268 1408 1319 τὸ
1447 1269 1710 1320 ἀπολέσθαι
1746 1267 1805 1319 τὰ
1842 1269 1890 1318 ἐν
1912 1293 1958 1318 10

318 1355 491 1419 ἀγροῖς,
526 1351 656 1403 ἀλλὰ
689 1351 781 1418 γὰρ
817 1354 891 1402 καὶ
933 1351 1071 1406 οἴκοις
1105 1352 1258 1406 αὐτοῖς
1296 1355 1371 1402 καὶ
1407 1351 1607 1403 πόλεσιν
1644 1354 1887 1419 εὶσπεφοι-

317 1434 490 1499 τηκότα
534 1436 608 1485 καὶ
658 1438 1041 1501 παρενοχλοῦντα
1089 1435 1264 1496 δεινῶς,
1317 1432 1399 1484 τὸν
1449 1435 1497 1484 ἐκ
1547 1437 1640 1484 τῶν
1690 1433 1890 1498 ἀκρίδων

279 1533 300 1558 θ
318 1517 479 1586 ἕξουσι
515 1515 735 1583 στρατὸν,
759 1515 904 1581 ἤγουν
938 1517 1012 1566 καὶ
1046 1515 1187 1566 αὐτὸν
1217 1514 1298 1566 τὸν
1323 1514 1597 1581 Ἀσσύριον,
1623 1515 1890 1584 παρέδειξεν

318 1599 460 1651 εἰπών
486 1604 574 1650 Καὶ
604 1602 647 1650 οὐ
673 1623 734 1666 μη
761 1597 1081 1649 συντελέσωσιν.
1133 1597 1292 1661 ὅμοιον
1318 1599 1380 1651 ὡς
1405 1600 1443 1648 εὶ
1477 1596 1607 1663 λέγοι
1635 1599 1728 1648 Καὶ
1753 1603 1890 1648 τοῦτο

318 1682 400 1732 οὐκ
426 1681 560 1732 ε”σται
593 1679 648 1732 τὸ
677 1682 760 1744 τῆς
794 1681 938 1746 ὀργῆς
969 1679 1125 1746 πέρας,
1149 1684 1377 1746 παρελθοι
1411 1680 1448 1730 δ’
1477 1678 1534 1730 ἂν
1567 1680 1642 1730 καὶ
1667 1679 1886 1731 ἐπέκεινα·
1912 1698 1957 1736 15
2010 1718 2014 1728 .

318 1765 441 1832 φησὶ
467 1762 574 1830 γάρ·

276 1990 298 2025 9
318 1974 405 2016 Τιΐιο
452 1975 622 2017 Πόλεως
669 1976 965 2025 ἐπιλήψονται,
1018 1977 1086 2018 καὶ
1137 1975 1206 2017 ὲτῐί
1258 1974 1344 2016 τῶν
1398 1975 1570 2030 τειχέων
1620 1972 1889 2030 δραμοῦνται,

387 2060 454 2100 καί
480 2059 548 2100 ἐπὶ
573 2059 649 2101 τὰς
680 2058 815 2102 οἰκίας
848 2061 1146 2112 ἀναβήσονται,
1174 2060 1241 2101 καὶ
1271 2058 1339 2100 διὰ
1372 2057 1553 2115 θυρίδων
1580 2055 1889 2099 εἰσελεύσονται

254 2151 300 2175 10
385 2143 445 2183 ὡς
489 2143 676 2183 κλέπται.
738 2143 820 2201 Πρὸ
859 2144 1091 2202 Προσώττου
1134 2143 1274 2184 αὐτῶν
1317 2141 1616 2197 συγχυθήσεται
1655 2141 1678 2180 ή
1723 2144 1783 2190 Γῆ,
1821 2139 1888 2179 καὶ

386 2226 651 2267 σεισθήσεται
684 2226 707 2268 ὁ
744 2226 938 2284 οὐρανὸς,
963 2227 986 2268 ὁ
1022 2227 1141 2269 ήλιόο
1175 2242 1219 2267 τε
1253 2226 1320 2266 καὶ
1353 2225 1376 2266 ή
1404 2226 1558 2267 σελήνή
1586 2224 1887 2266 συσκοτάσουσι
1909 2240 1956 2265 20

386 2308 454 2349 καὶ
480 2308 530 2349 τὰ
557 2309 691 2366 ἄστρα
720 2310 767 2350 οὐ
795 2309 978 2352 δώσουσι
1004 2311 1052 2352 τὸ
1078 2311 1231 2366 φεΠόε
1258 2310 1410 2350 αὐτῶν.

100 2421 175 2455 217
196 2420 245 2454 Α·
279 2430 300 2453 a
391 2415 597 2471 Ἀκούεις
645 2417 715 2468 ὅτι
755 2417 1136 2483 καταπτήσονται
1172 2417 1255 2482 μὲν
1297 2418 1371 2468 καὶ
1408 2418 1558 2468 αὐτῶν
1596 2415 1673 2467 τῶν
1719 2413 1887 2478 τειχῶν,

364 2585 395 2619 3.
421 2575 544 2620 μάχαις
562 2574 653 2609 Edd.
896 2585 928 2621 5.
957 2575 1211 2611 συντελέσωσιν
1229 2575 1311 2610 B.F.
1333 2574 1404 2618 (26.
1423 2574 1482 2618 al.)
1502 2573 1777 2609 συντελεσθῶσιν
1795 2573 1887 2608 Edd.

317 2620 430 2665 (Vat.)
632 2621 664 2655 6.
691 2621 767 2668 μέν]
784 2626 821 2663 -Ι-
837 2623 902 2669 γὰρ
923 2623 969 2657 D.
1172 2632 1203 2668 7.
1230 2622 1416 2656 ἐντείνεται·
1435 2621 1538 2656 πόθεν
1548 2620 1577 2666 ;]
1598 2620 1653 2654 Sic
1671 2620 1763 2655 edidi
1780 2632 1822 2654 ex
1840 2620 1887 2654 D.

318 2667 492 2702 ἐντείνεταί
507 2668 611 2703 ποθεν
628 2668 720 2702 Edd.
769 2668 1029 2715 κατακρούουσι]
1051 2669 1299 2703 κατακτείνουσι
1316 2668 1374 2703 iid.
1517 2668 1549 2702 8.
1579 2669 1651 2702 ταῖς
1667 2672 1888 2712 assumptum

317 2724 359 2746 ex
375 2713 465 2748 B.D.
516 2715 744 2760 καταφθοραῖς
763 2716 809 2750 D.
824 2715 914 2750 Edd.
933 2718 1139 2761 καταφοραῖς
1157 2716 1199 2750 Β.
1248 2717 1359 2759 λιμοῖς
1376 2714 1467 2749 Edd.
1563 2725 1596 2759 9.
1614 2714 1667 2748 καὶ
1681 2714 1739 2748 alt.
1758 2725 1828 2748 om.
1844 2713 1887 2747 B.

317 2759 425 2793 invito
444 2761 490 2795 D.
538 2764 608 2798 τοῖς
624 2764 791 2798 πεσοῦσιν
807 2763 920 2798 αὐτοῖς
935 2763 1000 2797 ὑπὸ
1017 2763 1076 2807 τὴν
1092 2763 1222 2797 τοιάνδε
1241 2762 1282 2796 Β.
1300 2762 1409 2796 invito
1429 2762 1474 2795 D.
1705 2770 1758 2803 15.
1783 2759 1811 2794 δ’
1829 2758 1885 2806 ἂν]

319 2805 353 2838 δὲ
373 2805 462 2840 Edd.
851 2809 904 2843 16.
930 2811 1020 2854 φησὶ
1037 2812 1101 2855 γάρ
1119 2821 1188 2843 om.
1209 2809 1265 2849 Β.,
1282 2809 1348 2854 γὰρ
1366 2814 1445 2853 post
1461 2809 1525 2851 Τῆς
1542 2807 1617 2851 (lin.
1635 2806 1723 2853 seq.)
1741 2806 1886 2841 addens.

322 2861 373 2895 19.
399 2853 506 2887 αὐτῶν
532 2854 573 2888 B.
602 2855 703 2890 Pont.
730 2856 767 2898 (κ
783 2856 882 2890 Alex.
910 2856 1011 2901 XII.)
1037 2857 1140 2891 αὐτοῦ
1165 2855 1259 2890 Aub.
1286 2855 1397 2899 (Vat.)
1457 2855 1547 2898 πηγὴ
1568 2865 1630 2899 pro
1646 2853 1665 2897 ἡ
1682 2856 1725 2899 γῆ
1744 2854 1823 2897 (sic)
1842 2852 1884 2886 B.

317 2907 373 2976 ἕο.
400 2913 435 2931 τε
453 2907 671 2980 αεέιιιᾶτριιιηι
689 2915 729 2936 ex
749 2902 789 2936 B.
1142 2914 1196 2937 21.
1224 2903 1262 2936 οὐ
1280 2902 1432 2937 δώσουσι
1451 2901 1494 2936 Β.
1512 2901 1617 2945 (XII.
1636 2912 1692 2944 42,
1710 2900 1766 2941 86,
1787 2898 1885 2944 240.)

340 2958 462 2979 υσουσι
513 2958 533 2979 (1
564 2973 571 2981 .
