2021 3434
280 225 332 264 82
666 224 712 263 B.
758 222 1033 262 CYRILLI
1076 222 1457 263 ALEXANDR.
1728 220 1785 261 iii.
1817 233 1848 259 1.

280 335 571 398 καταθρῆσαι
613 336 925 397 λεπτομερῶς.
990 332 1107 394 μετὰ
1147 332 1241 398 γάρ
1281 355 1351 382 τοι
1395 330 1483 396 τὴν
1525 330 1728 396 πρώτην,
1765 326 1853 392 τὴν

279 412 502 481 μαχλάδα
529 416 603 464 καὶ
635 413 976 477 σεσοβημένην,
1004 414 1158 480 ἕτερον
1191 417 1257 482 τῷ
1287 412 1510 481 προφήτῃ
1541 410 1731 476 γύναιον
1757 413 1854 460 εἱσ-

279 496 492 562 κρίνεται,
519 499 615 548 τοῖς
647 497 730 558 τῆς
759 495 965 562 μοιχείας
998 494 1294 560 ἐγκλήμασιν
1326 493 1609 562 ἐνεχόμενον.
1682 495 1756 543 καὶ
1787 491 1855 544 τίς

280 578 305 627 ὁ
332 576 506 642 λόγος;
547 577 575 640 ἡ
605 575 690 641 μὲν
723 577 816 644 γὰρ
853 582 947 628 τῶν
971 578 1207 629 Ἰουδαίων
1240 577 1441 642 πληθὺς,
1482 577 1510 640 ἡ
1542 573 1635 642 πρὸ
1667 576 1749 637 τῆς
1774 578 1856 623 τοῦ

281 664 498 727 Σωτῆρος
542 661 674 725 ἡμῶν
717 662 970 726 ἐπιδημίας,
1016 660 1094 713 ἅτε
1139 661 1196 726 δὴ
1236 663 1311 713 καὶ
1355 658 1738 729 ἀφυλακτότερον
1782 658 1857 707 καὶ
1878 671 1899 707 5

276 742 410 806 μάλα
458 743 648 806 ἑτοίμως
698 746 838 794 ἰοῦσα
887 744 1004 809 πρὸς
1058 743 1314 808 πλάνησιν,
1367 747 1441 793 καὶ
1491 740 1726 805 δαμάλεσι
1774 738 1859 802 μὲν

278 824 572 891 λατρεύουσα
609 829 708 879 ταῖς
746 830 959 892 χρυσαῖς,
997 831 1335 892 προσκυνοῦσα
1373 822 1421 875 δὲ
1461 825 1536 874 καὶ
1575 821 1756 873 θύουσα
1794 824 1860 888 τῷ

59 916 115 949 58
137 915 187 950 A·
240 905 431 969 ἃΒάαλ,
466 906 568 970 ἤτοι
610 911 677 976 τῷ
718 907 1018 975 Βεελφεγὼρ,
1060 907 1209 975 πόρνῃ
1253 905 1587 973 παρεικάζοιτο,
1629 905 1704 954 καὶ
1748 903 1856 953 λίαν

277 987 475 1051 εἰκότως,
519 990 754 1042 οἱονείπως
793 989 1023 1054 ἐκκειμένη
1068 992 1209 1040 παντὶ
1257 992 1445 1057 πονηρῷ
1490 989 1565 1038 καὶ
1608 984 1856 1054 ἀκαθάρτῳ

276 1070 516 1135 πνεύματι,
549 1070 633 1125 τὰς
665 1072 779 1125 ἰδίας
813 1071 980 1135 ἡδονὰς
1021 1074 1329 1138 ἀποπληροῦν
1363 1070 1588 1122 ἐθέλοντι·
1632 1068 1856 1134 προσεδέ-
1886 1091 1932 1116 10

276 1179 418 1223 χοντο
469 1156 561 1223 γάρ
611 1159 686 1208 καὶ
737 1162 830 1208 τῶν
879 1159 1124 1223 περιοίκων
1174 1160 1248 1208 καὶ
1301 1157 1556 1224 ὁμοχώρων
1607 1156 1751 1205 ἐθνῶν
1799 1153 1858 1204 τὰ

277 1238 580 1302 σεβάσματα,
625 1238 745 1290 κατά
787 1239 841 1290 τὸ
891 1238 1077 1309 ἑκάστῳ
1128 1243 1307 1301 δοκοῦν,
1356 1239 1557 1291 ἀνοσίως
1608 1238 1683 1287 καὶ
1731 1238 1853 1297 ἀβα-

277 1321 532 1374 σανίστως.
639 1322 748 1371 ἀλλ’
809 1322 953 1386 ἐκείνη
1012 1321 1095 1386 μὲν
1159 1324 1220 1375 ὡς
1284 1321 1474 1383 ἑτοίμως
1540 1323 1677 1369 ἰοῦσα
1739 1317 1857 1383 πρὸς·

278 1402 550 1454 ἀπόστασιν
592 1402 835 1470 ἐκολάζετο
881 1404 1077 1466 δικαίως,
1116 1402 1389 1467 πεμπομένη
1438 1401 1555 1469 πρὸς
1605 1405 1851 1467 αἰχμαλω-

278 1485 390 1536 σίαν
434 1488 507 1536 καὶ
561 1484 651 1536 ὑπὸ
691 1484 839 1539 πόδας
880 1487 1123 1537 πίπτουσα
1165 1490 1259 1537 τῶν
1307 1487 1498 1552 ἐχθρῶν·
1558 1485 1758 1546 καθίστη
1801 1504 1854 1546 γε
1884 1500 1929 1538 15

277 1567 371 1632 μὴν
415 1566 605 1634 ἐναργες
650 1571 715 1637 τῷ
753 1567 975 1636 προφήτῃ
1010 1567 1144 1630 Θεὸς,
1190 1567 1261 1619 ὅτι
1299 1567 1417 1618 κατὰ
1455 1567 1536 1618 τὸν
1575 1563 1734 1631 καιρὸν
1774 1567 1856 1627 τῆς

57 1664 163 1714 Supra
234 1656 361 1701 bros)
388 1649 603 1717 Ἰεσράελ
637 1650 820 1717 ἡμερας,
847 1654 930 1714 τῆς
965 1653 1025 1704 ὡς
1064 1653 1253 1715 ἀληθῶς
1287 1649 1508 1716 μεγάλης,
1536 1647 1857 1712 ἀναβήσονται

55 1719 74 1738 L
99 1719 145 1741 U'
277 1734 327 1783 ἐκ
364 1735 446 1797 τῆς
483 1736 584 1799 γῆς,
621 1732 848 1795 τουτέστι,
887 1736 969 1797 τῆς
1006 1737 1100 1784 τῶν
1144 1732 1440 1801 ἀλλοφύλων
1478 1734 1856 1798 ἀποδραμοῦνται

274 1815 443 1883 χώρας.
507 1820 645 1866 τοῦτο
687 1814 734 1865 δὲ
783 1814 840 1880 ἧν
892 1819 1242 1881 αἰνιγματωδῶς
1295 1816 1531 1882 ὑποφῆναι
1581 1812 1739 1874 πάλιν,
1785 1834 1856 1862 οτι

273 1898 595 1949 πεπαύσονται
633 1903 716 1948 τοῦ
750 1895 862 1948 εἶναι
898 1898 1022 1966 ξένοι
1060 1899 1134 1948 καὶ
1172 1896 1408 1961 ἐπήλυτοι,
1435 1902 1623 1960 μᾶλλον
1651 1894 1698 1946 δὲ
1725 1894 1849 1960 δορί·
1882 1920 1931 1944 20
1993 1942 1997 1956 ‚

273 1986 459 2044 ληπτοι,
499 1982 572 2030 καὶ
611 1978 696 2043 τὴν
735 1981 992 2046 ἀλλοτρίαν
1030 1983 1258 2032 οἰκοῦντες
1294 1980 1376 2030 οὐκ
1415 1977 1682 2044 ἐλευθέρως.
1746 1975 1850 2040 ἐκή-

101 2082 231 2114 Es.1xi.
273 2085 428 2129 ρυσσε
473 2060 565 2128 γὰρ
617 2063 641 2111 ὁ
693 2062 860 2128 Σωτὴρ
912 2069 938 2091 ‘⁶
958 2061 1274 2129 αἰχμαλώτοις
1319 2061 1494 2130 ἄφεσιν
1539 2062 1615 2111 καὶ
1657 2063 1857 2125 τυφλοῖς

105 2137 129 2157 1.
276 2152 302 2174 α
344 2146 354 2160 ‚
405 2143 418 2158 t
619 2143 644 2158 ν’
772 2143 784 2160 x
863 2143 874 2159 x
1005 2151 1024 2159 a
1210 2143 1220 2158 t
1467 2143 1478 2158 1
1595 2142 1615 2160 el
1737 2141 1746 2156 x
1841 2143 1854 2158 x

329 2148 614 2212 αναβλεψιν,
672 2167 790 2194 κατα
825 2167 909 2208 την
943 2167 1025 2195 του
1059 2147 1308 2211 προφητου
1346 2149 1523 2211 φωνην.
1592 2165 1662 2193 οτι
1700 2145 1748 2192 δε
1781 2164 1857 2191 και

277 2224 666 2293 εἰσδεχθήσονται
701 2224 776 2276 διὰ
809 2226 1012 2279 πίστεως
1050 2227 1098 2275 ἐν
1129 2224 1242 2275 ἐλέει
1277 2227 1351 2276 καὶ
1388 2228 1650 2290 οὶκτιρμοῖς,
1678 2222 1853 2286 κεκλή-

241 2309 449 2363 οσονταί
482 2330 530 2359 τε
567 2308 682 2362 λαὸς
721 2311 858 2369 Θεοῦ,
883 2310 959 2358 καὶ
992 2306 1085 2370 μὴν
1119 2308 1193 2358 καὶ
1224 2307 1486 2371 ἠλεημένοι,
1521 2306 1857 2370 διαμεμήνυκεν
1883 2331 1931 2369 25
1995 2341 1999 2354 2

278 2393 495 2456 ἐναργῶς.
558 2388 676 2453 μετὰ
700 2388 792 2455 γάρ
827 2412 897 2439 τοι
930 2388 1015 2453 τὴν
1053 2394 1136 2439 τοῦ
1166 2391 1383 2455 Σωτῆρος
1417 2387 1674 2452 ἐπιδημίαν,
1703 2387 1856 2438 καὶτὸ

278 2473 351 2523 ἐπὶ
376 2475 442 2540 τῷ
465 2476 657 2541 σταυρῷ
674 2472 836 2534 πάθος,
854 2473 928 2521 καὶ
954 2470 1039 2535 τὴν
1058 2471 1104 2521 ἐκ
1127 2475 1298 2536 νεκρῶν
1318 2470 1592 2533 ἀναβίωσιν,
1611 2468 1857 2520 σέσωσται

278 2553 362 2617 μὲν
395 2553 447 2604 τὸ
481 2554 789 2617 κατάλειμμα·
829 2553 1172 2604 πεπιστεύκασι
1202 2552 1294 2619 γάρ
1326 2554 1408 2603 οὐκ
1443 2553 1736 2618 εὐαρίθμητοι
1763 2556 1858 2602 τῶν

331 2745 360 2768 1.
385 2737 515 2770 λεπτῶς
534 2735 579 2769 D.
628 2737 687 2779 τὴν
704 2737 761 2770 alt.
781 2748 850 2770 om.
870 2736 915 2770 D.
1140 2747 1173 2781 3.
1204 2736 1364 2781 ἐχόμενον
1383 2735 1474 2770 Edd.
1696 2744 1726 2778 7.
1754 2734 1790 2768 δὲ
1810 2734 1856 2769 D.

280 2795 314 2814 τε
336 2781 426 2814 Edd.
570 2783 602 2816 8.
627 2785 859 2827 παρεικάζοιτο
882 2783 920 2816 Β.
939 2783 1169 2828 παρεικάζεται
1189 2783 1234 2816 D.
1252 2783 1467 2828 παρεικάζετο
1488 2781 1578 2816 Edd.
1713 2792 1765 2815 ΙΙ.
1791 2785 1858 2815 τῶν

280 2828 456 2871 περιοίκων
474 2842 525 2861 και
543 2831 726 2874 ὁμοχώρων
746 2830 790 2863 D.
808 2831 866 2864 τὸν
883 2829 971 2874 (Slc)
993 2829 1075 2874 [τῶν
1093 2830 1225 2874 Bligne.
1230 2829 1244 2875 ]
1265 2831 1396 2874 ὁμόρων
1415 2828 1856 2869 Edd.12.d[3‹1‹m-

281 2875 402 2908 νίστως
419 2888 471 2907 και
488 2874 630 2910 ἀνοσίως
648 2877 784 2910 inverso
802 2876 923 2910 o1dine
942 2877 987 2910 D.
1196 2886 1248 2921 17.
1275 2877 1318 2911 ὡς
1336 2888 1405 2910 om.
1425 2876 1470 2909 Ι).
1695 2886 1750 2909 20.
1776 2873 1856 2918 ἐπή-

280 2920 380 2955 λυδες
398 2920 443 2953 D.
493 2921 696 2965 δορύληπτοι
715 2923 806 2956 Edd.
1118 2934 1173 2966 24.
1199 2923 1287 2957 ἐλέει
1307 2923 1348 2957 Β.
1366 2922 1451 2968 ε’λεῳ
1472 2922 1516 2956 D.
1535 2921 1643 2957 ἐλεόις
1661 2921 1753 2955 Edd.
1803 2921 1856 2954 καὶ

281 2965 499 3010 κεκλήσονται
519 2979 580 3011 pro
598 2968 818 3012 κεκλήσονταί
834 2984 869 3003 τε
887 2969 946 3003 iid.
1166 2978 1221 3014 25.
1247 2969 1428 3014 μεμήνυκεν
1447 2969 1492 3003 D.
1681 2968 1735 3002 26.
1763 2967 1799 3002 δέ
1815 2982 1855 3012 γε

282 3024 343 3057 pro
360 3014 478 3058 γάρτοι
498 3013 541 3047 D.
