2021 3434
127 197 360 253 iii.13-15.
619 202 692 243 IN
733 203 925 244 AMOS.
986 203 1134 244 TOM.
1170 203 1229 243 H.
1622 203 1701 242 435

124 305 517 372 συνωλισθήκασι
552 314 647 363 τοῖς
686 312 732 360 ἐν
769 312 1007 380 Σαμαρείᾳ
1043 310 1429 373 πεπλανημένοις,
1469 310 1571 359 οὔτε
1610 307 1703 371 μὴν

123 387 381 455 ἠνέσχοντο
420 391 661 456 λατρεύειν
705 393 926 455 εἰδώλοις,
966 393 1356 457 ἀποπηδήσαντες
1397 390 1444 442 δὲ
1486 390 1703 457 ταύτῃ-τοι

121 471 204 531 τῆς
243 473 554 537 Σαμαρειτῶν,
593 472 924 537 ὑπενόστησαν
963 478 1025 528 εἰς
1054 473 1377 540 Ἱεροσόλυμα.
1442 472 1703 538 γέγραπται

122 549 170 599 δὲ
210 552 330 602 οὕτω
368 556 472 619 περὶ
517 555 669 604 αὐτῶν
710 558 757 605 ἐν
798 560 855 623 τῇ
895 556 1082 624 δευτέρᾳ
1122 560 1214 606 τῶν
1255 553 1697 619 Παραλειπομένων.

80 645 102 682 5
122 631 222 682 ε”στι
253 633 337 696 μὲν
363 635 442 685 οὖν
468 637 492 686 ὁ
518 634 663 701 λόγος
692 639 796 703 περὶ
833 643 916 687 τοῦ
939 638 1202 702 Ἱεροβοάμ·
1246 635 1344 687 εἶτα
1382 636 1466 700 τὴν
1505 638 1702 686 ἐνοῦσαν
1720 659 1741 682 a
1768 648 1853 681 286
1872 646 1922 679 Α.

121 714 246 782 αὐτῷ
282 716 476 779 δύναμιν
510 718 817 785 ἐξηγούμενος
851 726 876 748 “
900 721 993 769 Καὶ
1032 718 1156 783 ἦσαν
1192 721 1331 787 αὐτῷ,
1359 720 1522 785 φησὶν,
1551 717 1703 769 Ἰούδα
1763 719 1890 794 21³2—

122 803 148 826 “
172 802 248 848 καὶ
294 800 525 862 Βενιαμίν.
592 802 667 850 καὶ
708 804 749 850 οὶ
802 805 989 851 Λευῖται
1034 803 1108 851 καὶ
1153 804 1194 851 οἱ
1240 804 1369 866 ἱερεῖς
1409 799 1451 850 οἳ
1494 799 1619 863 ἦσαν
1656 801 1704 850 ἐν
1769 814 1816 846 17·

121 886 148 907 ‘⁶
173 881 314 930 παντὶ
343 880 557 947 Ἰσραὴλ,
597 881 910 949 συνήχθησαν
950 881 1067 949 πρὸς
1108 882 1248 932 αὑτὸν
1293 885 1342 932 ἐκ
1383 881 1573 932 πάντων
1611 886 1704 931 τῶν

121 969 148 991 “
175 963 327 1028 ὁρίων.
395 962 466 1013 ὅτι
510 964 838 1030 ἐγκατέλειπον
877 968 918 1015 οἰ
958 968 1147 1015 Λευῖται
1189 962 1248 1015 τὰ
1293 963 1582 1028 σκηνώματα
1622 965 1704 1026 τῆς

0 1067 1 1070 ’
56 1064 102 1089 10
121 1051 147 1072 “
175 1044 508 1112 κατασχέσεως
554 1047 718 1108 αὐτῶν,
769 1049 843 1097 καὶ
891 1047 1210 1113 ἐπορεύθησαν
1251 1045 1368 1111 πρὸς
1415 1046 1596 1095 Ἰούδαν
1643 1049 1704 1098 εἰς

121 1133 149 1155 “
174 1126 502 1192 Ἰερουσαλὴμ,
549 1128 618 1178 ὅτι
662 1129 888 1197 ἐξέβαλεν
930 1127 1096 1182 αὐτοὺς
1132 1127 1380 1194 Ἱεροβοάμ
1425 1128 1499 1178 καὶ
1539 1130 1579 1177 οἰ
1619 1130 1705 1177 υἰοὶ

121 1215 150 1238 “
176 1210 319 1260 αὐτοῦ
366 1215 449 1260 τοῦ
492 1209 556 1274 μὴ
601 1215 885 1276 λειτουργεῖν
925 1214 991 1279 τῷ
1035 1211 1211 1280 Κυρίῳ.
1290 1212 1364 1260 καὶ
1414 1210 1706 1273 κατέστησεν

121 1297 148 1319 “
173 1291 320 1360 ἑαυτῷ
372 1294 502 1357 ἱερεῖς
553 1296 646 1342 τῶν
697 1294 899 1359 ὑψηλῶν
950 1293 1024 1342 καὶ
1076 1297 1171 1345 τοῖς
1218 1293 1427 1344 εἰδώλοις
1478 1293 1554 1342 καὶ
1610 1296 1705 1344 τοῖς

122 1381 148 1402 “
170 1374 382 1436 ματαίοις
433 1377 508 1424 καὶ
557 1379 653 1428 τοῖς
703 1373 917 1441 μόσχοις,
961 1371 992 1424 ἃ
1042 1374 1260 1438 ἐποίησεν
1307 1373 1571 1439 Ἱεροβοάμ·
1631 1375 1706 1424 καὶ

56 1462 149 1506 Ι5“
174 1455 400 1524 ἐξέβαλεν
438 1454 603 1510 αὐτοὺς
642 1456 734 1508 ἀπὸ
778 1461 946 1524 φυλῶν
980 1455 1183 1522 Ἰσραὴλ
1222 1455 1263 1506 οἳ
1298 1456 1473 1507 ἔδωκαν
1514 1457 1706 1522 καρδίαν

121 1545 148 1568 “
177 1539 330 1589 αὐτῶν
364 1544 448 1589 τοῦ
484 1538 680 1605 ζητῆσαι
715 1539 890 1604 Κύριον
928 1537 1010 1589 τὸν
1050 1537 1174 1589 Θεὸν
1199 1537 1414 1604 Ἰσραὴλ,
1446 1540 1522 1589 καὶ
1556 1537 1706 1602 ἦλθον

120 1626 148 1649 “
172 1624 235 1674 εἰς
264 1621 580 1687 Ἰερουσαλὴμ
615 1625 757 1672 θῦσαι
795 1622 954 1690 Κυρίῳ
994 1624 1059 1690 τῷ
1098 1624 1207 1690 Θεῷ
1244 1625 1337 1671 τῶν
1374 1621 1586 1687 πατέρων
1626 1622 1706 1671 αὐ-

121 1709 149 1732 “
173 1707 281 1755 τῶν.
343 1705 418 1754 καὶ
448 1703 745 1771 κατίσχυσαν
771 1703 855 1767 τὴν
881 1703 1134 1763 βασιλείαν
1160 1702 1360 1754 Ἰούδα.”

181 1784 375 1850 Ἐπειδὴ
400 1785 493 1852 γὰρ
519 1785 644 1837 οὗτοι
666 1787 770 1852 περὶ
798 1783 863 1836 ὧν
889 1787 913 1836 ὁ
935 1785 1091 1851 λόγος,
1119 1786 1172 1836 οὐ
1199 1786 1393 1851 μετρίως
1419 1786 1703 1849 λελύπηντο,

55 1888 103 1913 20
122 1870 198 1919 καὶ
242 1869 519 1934 συγγενειάς
563 1871 638 1919 καὶ
679 1867 868 1934 κλήρων
912 1869 1260 1931 ἀπεληλαμένοι
1298 1869 1373 1918 καὶ
1413 1870 1706 1934 λειτουργίας

121 1952 276 2015 αὐτῆς·
321 1950 518 2019 ἐξέβαλε
560 1949 653 2017 γὰρ
697 1948 864 2004 αὐτοὺς
907 1949 1170 2016 Ἱεροβοάμ·
1237 1951 1499 2015 ἀναγκαίως
1549 1951 1704 2004 αὐτοῖς
1722 1958 1749 1998 b

121 2033 178 2098 δὴ
222 2032 436 2097 μάλιστα
480 2034 718 2099 κηρύττειν
756 2032 1051 2100 προστέταχε
1095 2037 1189 2083 τῶν
1226 2055 1275 2083 τε
1316 2033 1519 2083 εἰδώλων
1554 2034 1706 2083 αὐτῶν

122 2117 198 2167 καὶ
231 2118 314 2180 τῆς
340 2116 601 2182 Σαμαρείας
632 2114 717 2179 τὴν
742 2114 992 2181 πόρθησιν,
1022 2115 1258 2168 οἱονείπως
1289 2105 1705 2181 παραμυθούμενος

121 2199 197 2248 καὶ
228 2195 464 2248 διδάσκων
502 2197 571 2249 ὅτι
619 2198 679 2248 τὰ
718 2201 841 2248 Θεοῦ
880 2201 1069 2265 φρονεῖν
1113 2196 1345 2264 ᾑρημένοι,
1381 2199 1456 2247 καὶ
1494 2196 1576 2247 τὸν
1613 2202 1707 2247 τῶν

56 2299 104 2339 25
124 2279 250 2331 ὅλων
276 2278 534 2344 Δεσπότην
565 2279 872 2345 ἠγαπηκότες,
900 2279 953 2330 οὐ
985 2284 1367 2330 συναπολοῦνται
1393 2283 1487 2332 τοῖς
1519 2279 1703 2341 ἄλλοις,

122 2360 234 2412 ἀλλ’
261 2361 352 2431 ἔξω
378 2361 614 2413 κείσονται
647 2364 729 2426 τῆς
760 2363 918 2428 ὀργῆς.
985 2361 1086 2412 ’ὅταν
1113 2359 1219 2427 γὰρ,
1253 2362 1416 2429 φησὶν,
1443 2360 1706 2430 ἐπιφέροιμι

174 2552 204 2576 1.
230 2543 306 2575 οὔτε
322 2541 386 2585 μὴν
405 2541 446 2575 Β.
466 2542 525 2575 οὐκ
542 2541 635 2576 Edd.
742 2552 772 2575 2.
790 2540 946 2584 ταύτῃτοι
963 2546 1185 2585 assumptum
1203 2552 1244 2574 ex
1257 2539 1348 2575 A.B.
1458 2549 1491 2585 5.
1507 2539 1702 2587 Ἵεροβοάμ]

126 2587 184 2622 Sic
202 2588 294 2622 Edd.
310 2588 480 2632 Ῥοβοάμ.Ρ
714 2587 746 2621 6.
772 2589 862 2632 φησι
880 2594 957 2621 ante
976 2589 1028 2621 καὶ
1046 2587 1134 2630 ἦσαν
1149 2594 1192 2621 tr.
1212 2587 1303 2620 Edd.
1356 2586 1480 2621 Statim
1499 2586 1626 2623 Ἰούδας
1643 2588 1702 2622 iid.

127 2644 159 2680 7.
185 2636 238 2668 καὶ
255 2646 323 2669 sec.
342 2641 565 2679 assumptum
582 2647 624 2669 ex
641 2635 684 2668 A.
790 2636 822 2668 8.
848 2633 949 2679 πρὸς]
971 2634 1019 2668 ἐπ’
1035 2635 1079 2668 A.
1187 2645 1220 2679 9.
1245 2634 1487 2679 ἐγκατέλειπον
1503 2634 1546 2668 A.
1562 2634 1704 2679 (Alex.)

125 2682 347 2727 ἐγκατέλιπον
365 2682 407 2716 Β.
426 2681 517 2716 Edd.
629 2692 681 2715 10.
708 2680 903 2725 καυχήσεως
921 2693 982 2725 pro
1000 2680 1239 2726 κατασχέσεως
1255 2682 1299 2715 A.
1347 2682 1431 2725 πρὸς
1443 2680 1534 2714 Α.Β.
1553 2682 1599 2716 εἷς
1614 2681 1704 2716 Edd.

126 2729 173 2764 εἷς
190 2728 234 2762 A.
254 2729 288 2763 ἐν
306 2728 398 2763 Edd.
654 2738 706 2761 11.
733 2729 764 2761 οἱ
782 2727 878 2761 deest
896 2728 930 2761 in
951 2727 1042 2761 Edd.
1290 2739 1342 2761 12.
1369 2730 1415 2774 τῷ
1433 2739 1503 2761 om.
1522 2728 1565 2762 A.
1583 2728 1704 2773 (Vat.)

130 2786 184 2820 13.
210 2776 316 2820 ἑαυτῷ
341 2780 563 2820 assumptum
588 2786 630 2808 ex
655 2775 699 2808 A.
723 2774 811 2820 αὐτῷ
838 2786 900 2818 pro
926 2775 1030 2819 ἑαυτῷ
1050 2773 1091 2807 Β.
1111 2773 1208 2819 (64.)
1268 2773 1393 2808 Statim
1418 2775 1496 2809 τοὺς
1512 2773 1592 2809 add.
1611 2775 1703 2809 Edd.

131 2822 255 2866 13—18.
284 2821 380 2855 Haec
398 2822 450 2855 καὶ
468 2823 538 2856 τοῖς
554 2821 812 2864 εἰδώλοις-τὴν
827 2820 1129 2861 βασιλείανἸοὺδα
1147 2821 1273 2855 desunt
1289 2821 1326 2854 in
1344 2821 1435 2855 Edd.
1535 2831 1587 2866 15.
1609 2821 1705 2855 Haec

128 2867 160 2902 οἳ
175 2867 489 2912 ἔδωκαν-Ἰσραὴλ
507 2873 688 2912 assumpta
703 2879 745 2901 ex
762 2868 805 2901 A.
1145 2879 1199 2902 20.
1225 2867 1351 2913 κλήρου
1368 2867 1459 2902 Edd.
1480 2867 1596 2902 invitis
1615 2869 1704 2903 A.B.

128 2913 339 2958 ἀπεωσμένοι
358 2926 419 2959 pro
436 2915 580 2957 ἀπεληλ.
601 2914 643 2948 Β.
693 2914 890 2959 συγγενείας
906 2926 970 2958 pro
986 2915 1197 2960 λειτουργίας
1216 2914 1259 2948 Β.
1525 2926 1580 2949 21.
1610 2915 1706 2949 Haec

129 2961 273 3004 ἐξέβαλε
288 2962 354 3006 γὰρ
372 2961 491 2996 αὐτοὺς
506 2960 683 3005 Ἱεροβοάμ
701 2967 920 2995 accesserunt
937 2973 978 2994 ex
996 2961 1086 2996 A.B.
1231 2972 1285 2996 22.
1312 2976 1347 2995 τε
1365 2968 1586 3007 assumptum
1603 2974 1645 2996 ex
1662 2963 1705 2997 A.

132 3007 186 3043 26.
213 3009 322 3053 φησὶν
338 3008 473 3053 ἐπιφέρ,
492 3007 559 3042 hoc
575 3007 695 3042 ordine
713 3008 802 3042 A.B.

876 3076 996 3118 3K2
