2021 3434
332 212 416 252 568
732 211 781 251 B.
825 210 1097 251 CYRILLI
1139 210 1514 252 ALEXANDR.
1821 210 1849 251 i.
1874 223 1912 266 3.

330 322 516 384 Ἰησοῦς
554 322 579 371 ὁ
619 320 829 386 Χριστὸς
868 319 923 371 δι’
964 319 1166 387 ἀῤῥήτου
1204 322 1533 387 τερατουργίας
1572 320 1916 385 καταπλήττων

284 402 625 468 Ῑυέθαυμοίζετο·
676 401 816 456 ὁλκὸς
855 402 904 453 δὲ
948 402 1066 468 πρὸς
1110 404 1272 454 πίστιν
1309 405 1479 457 ἀειπως
1517 404 1619 454 ἐστὶ
1657 402 1916 470 συντρε’χον

330 488 396 553 τῷ
436 483 567 553 λόγῳ
605 482 659 534 τὸ
699 489 869 547 θαῦμα.
938 485 1331 545 οἷκονομικώτατα
1370 485 1525 535 τοίνυν
1565 484 1916 535 ἀποστέλλεται

330 566 545 634 κηρύξων
581 566 605 616 ὁ
637 565 862 633 μακάριος
886 565 1046 619 Ἰωνᾶς
1081 572 1175 619 τοῖς
1215 566 1514 636 κατῳκηκόσι
1544 565 1630 630 τὴν
1661 568 1819 617 Νινευὶ
1853 566 1914 617 ’ὅτι

329 648 464 708 ανέβη
494 651 514 708 ἦ
544 647 710 716 κραυγὴ
751 651 824 705 τῆς
863 650 1035 702 κακίας
1068 648 1203 699 αὐτῶν
1229 648 1346 714 πρὸς
1381 648 1464 699 τὸν
1498 653 1592 699 τῶν
1617 648 1743 699 ὅλων
1770 648 1910 699 Θεόν.
1935 664 1957 702 5

329 728 529 794 ἠγνόηκε
572 729 656 791 μὲν
698 729 791 796 γὰρ
830 735 1074 785 παντελῶς
1118 730 1266 780 οὐδέν·
1322 734 1359 781 εἰ
1396 730 1443 781 δὲ
1489 730 1546 794 δὴ
1585 736 1754 781 κινοῖτο
1796 729 1914 796 πρὸς

329 812 582 880 ἐπίσκεψιν
626 816 720 863 τῶν
762 817 860 863 τισὶ
898 813 1380 877 πεπλημμελημένων,
1421 813 1526 863 τότε
1570 815 1644 864 καὶ
1685 813 1920 876 ἀναβῆναί

330 898 454 962 φησι
478 895 596 961 πρὸς
621 895 785 946 ἑαυτὸν
810 894 895 958 τὴν
930 897 979 945 ἐκ
1009 899 1103 946 τῶν
1134 895 1285 960 ἔργων
1322 894 1575 959 καταβοήν.
1641 895 1797 960 κριτὴς
1821 894 1914 962 γάρ

2019 25 2021 62 Ι

2019 63 2021 119 3

2018 234 2021 275 ,

2018 285 2021 400 5

2018 402 2021 445 l

2017 550 2021 580 Ι

2016 630 2021 767 ἕ

2015 790 2021 939 Ξ

2014 940 2021 1031 Ε

330 982 433 1030 ἐστι
471 984 565 1030 τῶν
600 979 727 1030 ὅλων
762 982 824 1034 ὡς
863 978 1001 1033 Sede.
1069 982 1366 1043 καταβοῆσαι
1408 979 1455 1030 δὲ
1495 980 1683 1045 λέγεται
1721 982 1796 1031 καὶ
1833 983 1915 1044 τῆς

104 1066 259 1141 {JKx-i
291 1092 312 1119 0
332 1067 416 1112 τοῦ
457 1061 580 1112 Καῒν
615 1063 882 1131 μιαιφονίας
913 1062 967 1112 τὸ
985 1060 1146 1122 ’Ἅβελ
1173 1061 1301 1124 αἷμα,
1337 1064 1412 1112 καὶ
1446 1060 1633 1113 πόλεων
1668 1061 1715 1113 δὲ
1740 1066 1834 1113 τῶν
1867 1065 1916 1114 ἐν
1938 1087 1985 1111 10

157 1135 164 1149 ‚
263 1135 268 1142 .

106 1163 158 1185 21·
332 1142 558 1206 Σοδόμοις
585 1147 666 1209 τῆς
690 1145 1026 1212 αἰσχρουργίας
1054 1145 1081 1209 ἡ
1109 1144 1342 1210 ἀγριότης.

288 1333 309 1369 3
334 1328 408 1369 Καὶ
444 1329 600 1370 ἀνὲστΗ
630 1329 784 1369 Ἰωνᾶς
818 1332 893 1370 τοῦ
931 1325 1077 1384 φυΓεῖν
1105 1326 1164 1369 εἰς
1191 1325 1374 1385 Θαρσεῖς
1405 1328 1451 1369 ἐκ
1486 1327 1721 1385 Προσὼττου
1751 1328 1913 1386 Κυρίου,

399 1412 467 1453 καὶ
502 1413 657 1462 κατέβΗ
696 1410 756 1453 εἷς
787 1412 981 1463 ἸόΠΠΗν,
1009 1411 1076 1452 καὶ
1114 1410 1211 1468 εὗρε
1247 1409 1398 1453 Πλοῖον
1435 1411 1596 1469 βαδίζον
1624 1410 1683 1453 εἷς
1718 1411 1914 1470 Θαρσεῖς,

399 1495 467 1536 καί
500 1496 639 1537 ἔδωκε
672 1495 719 1537 τὸ
755 1499 911 1536 ναῦλον
946 1495 1089 1546 αὐτοῦ,
1118 1495 1185 1535 καὶ
1217 1495 1340 1544 ἐνέβΗ
1380 1492 1439 1535 εἰς
1478 1494 1594 1547 αὐτὸ,
1619 1500 1693 1537 τοῦ
1732 1501 1914 1539 Πλεῦσαι

399 1579 482 1628 μετ’
516 1579 658 1621 αὐτῶν
686 1576 745 1620 εἰς
772 1576 954 1636 Θαρσεῖς
982 1579 1029 1620 ἐκ
1056 1577 1291 1636 Προσώττου
1321 1577 1482 1635 Κυρίου.
1938 1591 1983 1631 15

404 1693 562 1753 Ἰόππη
586 1692 670 1757 μὲν
688 1692 767 1743 οὖν
790 1693 1118 1756 Παλαιστίνης
1144 1693 1245 1743 ἐστὶ
1271 1690 1426 1755 πόλις,
1450 1693 1518 1743 ἐπ’
1541 1693 1656 1761 αὐτῇ
1684 1692 1914 1762 θαλάσσῃ

331 1775 530 1840 κειμένη·
573 1775 767 1826 ἐπίνειον
794 1774 842 1826 δὲ
867 1779 961 1825 τῶν
985 1774 1253 1838 ἐπιτηδείων
1279 1779 1374 1829 τοῖς
1401 1777 1450 1825 ἐκ
1476 1777 1557 1839 τῆς
1582 1775 1809 1829 Ἰουδαίας
1839 1777 1914 1827 ἐπὶ

286 1866 313 1906 d
333 1858 573 1908 ναυτιλίαν
592 1862 715 1908 ἰοῦσι
741 1859 817 1908 καὶ
843 1860 905 1911 εἷς
923 1856 1087 1911 πόλεις
1113 1855 1328 1920 μάλιστα
1351 1855 1434 1910 τὰς
1450 1855 1568 1924 πρὸς
1593 1857 1678 1922 ἠώ.
1733 1855 1914 1909 κάτεισι

332 1939 388 2005 δὴ
415 1941 495 1991 οὖν
522 1942 546 1991 ὁ
570 1939 842 2008 Προφήτης,
871 1937 969 1990 εἶτα
994 1943 1143 1990 πλοῖον
1169 1941 1368 2004 ἀπαῖρον
1395 1945 1454 1994 εἷς
1480 1942 1672 2008 Θαρσεῖς
1698 1946 1909 1991 καταλα-

346 2105 429 2155 ’δΙδ
555 2103 569 2123 Χ
667 2107 688 2116 Ν
878 2106 890 2123 Ν
1104 2103 1117 2118 Ι
1313 2108 1332 2117 Λ
1398 2104 1421 2121 ³!
1789 2107 1812 2117 Ν
1909 2105 1922 2122 Ι

333 2128 351 2155 ε
386 2129 398 2155 ι
431 2128 484 2156 ου
521 2131 567 2156 το
614 2118 776 2168 ναυλσν,
817 2127 892 2155 και
927 2112 1221 2155 συναπεπλει
1255 2127 1351 2157 τοις
1387 2110 1571 2157 αλλοις.
1639 2114 1832 2174 Θαρσεις
1867 2108 1916 2156 δε

330 2191 454 2254 φησι
482 2187 588 2241 τοὺς
616 2193 698 2238 νῦν
725 2186 1037 2249 καλουμένους
1055 2184 1292 2253 Ταρσοὺς,
1314 2185 1415 2249 η’τοι
1432 2185 1643 2253 Ταρσόν.
1686 2183 1806 2240 τινὲς
1831 2185 1917 2250 μὲν

1902 2269 1914 2285 2

2004 1846 2010 1966 ἓ

390 2023 402 2037 Ι
646 2023 657 2037 Ι
854 2021 866 2038 Χ
967 2025 986 2034 Α
1076 2021 1094 2039 λ.
1218 2020 1231 2038 Χ
1295 2020 1309 2035 Χ
1370 2025 1379 2039 5
1415 2019 1429 2036 Χ
1498 2022 1508 2036 Q
1584 2022 1594 2036 2
1642 2020 1652 2036 Ι
1799 2020 1810 2036 Ι

330 2028 446 2084 βων·
485 2027 777 2089 προετεθειτο
808 2045 902 2089 γαρ
928 2045 987 2090 τῃ
1020 2045 1093 2086 νηι
1119 2044 1236 2071 κατα
1263 2044 1316 2071 το
1344 2044 1462 2075 εικος
1489 2045 1514 2072 ο
1541 2025 1703 2073 αυτοθι
1728 2025 1912 2088 δρομος·
1936 2030 2008 2123 2οῗ

2003 2228 2006 2252 ὓ

329 2270 411 2319 οὖν
456 2269 629 2320 οἴονται
672 2268 817 2321 πόλιν
862 2268 938 2319 διὰ
981 2269 1148 2320 τούτου
1191 2267 1629 2332 κατασημαίνεσθαι
1673 2266 1760 2333 τὴν
1803 2291 1902 2334 παρ
2000 2261 2006 2346 ξ’

2000 2348 2004 2363 Ι

1999 2365 2004 2396 l

329 2351 530 2420 Αἰθίοψι
561 2354 636 2403 καὶ
661 2353 837 2413 Ἰνδοῖς,
866 2353 941 2401 καὶ
978 2351 1082 2401 ε”στι
1120 2348 1206 2412 μὲν
1232 2350 1620 2415 ὁμολογουμένως
1657 2350 1766 2415 παρ’
1793 2350 1911 2401 ἐκεί-

330 2456 424 2487 νοις
452 2437 657 2503 Θαρσεῗς·
698 2434 724 2498 ἡ
752 2439 867 2500 γοῦν
905 2433 1143 2496 σύμπασα
1169 2437 1263 2483 τῶν
1293 2433 1456 2489 Ἰνδῶν
1495 2431 1571 2482 διὰ
1609 2437 1692 2482 τοῦ
1719 2435 1913 2501 Θαρσεῖς
1935 2452 1980 2492 25

328 2516 608 2581 σημαίνεται
645 2515 794 2583 χώρα·
850 2515 980 2580 πλὴν
1015 2515 1078 2569 ε’ίς
1113 2537 1168 2581 γε
1200 2513 1254 2565 τὸ
1294 2513 1447 2581 παρὸν
1485 2515 1567 2565 οὐκ
1603 2515 1747 2565 ἐκεῖνο
1787 2512 1914 2578 οἶμαι
1998 2501 2004 2520 k

1996 2559 2002 2591 J

1996 2593 2001 2645 ἔ

381 2661 410 2683 Ι.
436 2648 582 2695 ἆῤῥὴτην
598 2649 838 2695 τερατουργίαν
856 2648 947 2683 Edd.
1168 2659 1200 2682 2.
1227 2648 1325 2682 ὁλκὸς
1345 2647 1380 2681 δέ
1398 2647 1483 2690 πρὸς
1498 2646 1616 2680 πίστιν
1632 2645 1755 2681 ἀείπως
1772 2644 1848 2680 ε’στι
1867 2644 1914 2679 D.
1996 2644 2001 2687 ξ

330 2697 398 2730 nisi
412 2696 506 2742 quod
520 2697 622 2730 ὁλκὸν
637 2697 767 2731 scribit.
786 2697 886 2731 ὁλκὸς
900 2696 937 2730 δέ
950 2710 1020 2731 πως
1037 2695 1088 2729 ἀεὶ
1104 2696 1190 2739 πρὸς
1202 2696 1320 2729 πίστιν
1331 2694 1406 2729 ἐστὶ
1422 2693 1513 2728 Edd.
1531 2693 1642 2727 ἕλκων
1654 2707 1690 2726 τε
1703 2693 1788 2737 πρὸς
1799 2689 1917 2727 πίστιν
1994 2688 1999 2780 ³

331 2743 383 2777 ἀεί
398 2759 469 2778 πως
486 2741 556 2789 εἶχε
579 2744 629 2777 Β.·
820 2756 852 2785 4.
879 2744 1040 2787 μακάριος
1058 2742 1155 2776 deest
1172 2743 1208 2775 in
1228 2741 1320 2776 Edd.
1478 2749 1512 2785 5.
1538 2741 1596 2784 τῆς
1613 2739 1726 2774 κακίας
1742 2739 1850 2773 αὐτῶν
1867 2739 1915 2773 D.

333 2789 424 2823 Edd.
445 2791 516 2835 (95,
539 2801 615 2835 130,
638 2790 715 2835 185,
735 2801 813 2832 240,
832 2791 930 2835 311.)
949 2790 1049 2833 αὐτῆς
1067 2789 1155 2834 (sic)
1177 2789 1218 2822 B.
1376 2797 1407 2833 7.
1433 2788 1506 2821 τισὶ
1523 2792 1744 2831 assumptum
1762 2797 1804 2820 ex
1822 2785 1916 2820 B.D.
1994 2782 1999 2831 j

332 2837 365 2869 8.
393 2836 584 2880 καταβολὴν
602 2837 792 2871 Aubertus.
1018 2847 1070 2870 12.
1099 2837 1248 2880 Θαρσεῖς
1267 2835 1359 2868 B.D.
1380 2838 1415 2878 (N
1434 2835 1549 2878 Alex.)
1569 2834 1700 2877 Θαρσὶς
1718 2832 1802 2876 (bis)
1822 2831 1915 2866 Edd.
1992 2840 1998 2857 ¹

336 2894 389 2924 14.
415 2883 517 2926 ἀνέβη
539 2884 583 2917 D.
604 2884 718 2927 (Vat.)
880 2892 932 2927 15.
960 2883 1006 2918 εἷς
1024 2885 1173 2927 Θαρσεῖς
1190 2894 1259 2916 om.
1281 2882 1326 2916 D.
1346 2882 1458 2924 (240.)
1627 2879 1680 2913 16.
1707 2878 1765 2914 οὖν
1781 2891 1851 2913 om.
1871 2878 1914 2913 B.
1992 2874 1997 2916 ἲ

335 2939 388 2973 17.
414 2932 483 2965 τοῖς
501 2930 596 2964 deest
614 2931 648 2964 in
671 2929 759 2965 Edd.
904 2941 958 2964 20.
984 2929 1199 2975 προετέθειτο
1220 2929 1261 2962 B.
1279 2928 1496 2973 προυτέθειτο
1515 2926 1606 2961 Edd.
1624 2925 1847 2972 προστέθειτο
1866 2925 1914 2960 D.
1992 2917 1997 2948 5

331 2974 387 3055 ιὲηἶ
400 2977 482 3055 ’ἰατὰ
498 2978 536 3010 τὸ
555 2977 640 3012 εἰκὸς
660 2977 752 3011 B.D.
773 2977 886 3012 Νινευὶ
906 2976 997 3011 Edd.
1143 2987 1197 3011 22.
1224 2974 1376 3021 Ταρσὸν]
1395 2975 1499 3019 ταρσί
1517 2974 1563 3009 D.
1708 2972 1762 3007 26.
1789 2972 1914 3016 ἐκείνην
1990 2951 1996 3024 J

353 3022 376 3054 '(
393 3034 400 3054 ‹
419 3049 425 3056 .
1991 3027 1995 3059 ξ

1990 3061 1994 3089 ἱ
