2021 3434
320 718 429 757 ΤΟΥ
468 716 648 755 ΑΎΤΟΎ
686 717 774 755 ΕΙΣ
814 717 925 756 TON
967 716 1278 755 ΠΡΟΦΗΤΗΝ
1319 715 1470 754 ΩΣΗΕ

470 890 788 944 ΤΟΜΟΣ
854 888 1323 943 ΕΒΔΟΜΟΣ.

1702 1075 1725 1109 4

1670 1126 1680 1144 ’
1701 1129 1723 1157 c

175 1173 222 1217 οὗ
259 1173 301 1216 αἰ
338 1172 474 1233 χεῖρες
510 1175 678 1218 ἔκτισαν
714 1178 854 1218 Πᾶσαν
886 1174 962 1217 τὴν
993 1174 1193 1232 στρατιὰν
1219 1177 1292 1216 τοῦ
1319 1174 1511 1232 οὐρανοῦ,
1539 1174 1609 1216 καὶ
1633 1174 1682 1216 οὐ

102 1090 221 1139 ἘΙ-ὼ
258 1090 302 1132 δὲ
343 1090 490 1148 Κύριος
531 1091 554 1135 ὁ
594 1091 702 1135 Θεόε
740 1105 813 1134 σου
850 1090 1038 1149 στερεῶν
1077 1090 1260 1149 οὐρανὸν
1301 1089 1370 1132 καί
1412 1088 1557 1148 κτίζων
1595 1094 1667 1139 Γῆν

68 1273 90 1312 5
175 1258 402 1316 Παρὲὃειξά
429 1274 495 1302 σοι
520 1259 627 1301 αὐτὰ
651 1261 725 1301 τοῦ
747 1259 1002 1317 Πορεύεσθαι
1030 1257 1169 1301 ὀπίσω
1194 1257 1348 1300 αὐτῶν.

179 1383 459 1453 Ἐλέγχεταί
496 1408 596 1440 πως
641 1387 710 1437 ἀεὶ
756 1387 840 1450 τῆς
886 1383 1201 1455 ψευδοδοξίας
1240 1381 1295 1436 τὸ
1338 1381 1557 1447 ἀκαλλὲς,
1601 1385 1684 1448 τῆς

108 1467 313 1532 ἀληθοῦς
345 1467 567 1534 γνώσεως
601 1471 663 1522 εἰς
698 1466 847 1533 μέσον
884 1467 1198 1534 ἐνηνεγμένης,
1237 1468 1312 1518 καὶ
1353 1467 1487 1517 οἱονεὶ
1525 1464 1684 1534 φωτὸς

109 1547 467 1613 ἀναλάμποντος
492 1551 554 1604 ὡς
580 1551 629 1601 ἐν
654 1549 786 1602 νυκτί
807 1572 856 1602 τε
882 1551 957 1601 καὶ
987 1548 1161 1620 σκότῳ,
1185 1554 1268 1601 τοῦ
1303 1546 1421 1615 πρὸς
1452 1546 1684 1615 ὀρθότητα

110 1638 358 1700 λογισμῶν
390 1636 799 1702 παιδαγωγοῦντος
835 1634 998 1702 λόγου.
1062 1634 1134 1686 ὅτι
1171 1634 1325 1686 τοίνυν
1362 1636 1443 1698 τῆς
1481 1634 1685 1685 ἁπασῶν

46 1740 94 1766 10
112 1715 314 1784 ἐσχάτης
343 1716 750 1783 ἀναπιμπλάμενοι
787 1717 1090 1781 δυσβουλίας,
1123 1718 1200 1769 καὶ
1236 1719 1487 1783 λογισμῶν
1523 1713 1685 1767 ἀθλιό-

111 1821 248 1862 τητος
281 1802 342 1852 εἷς
367 1798 506 1868 λῆξιν
543 1797 685 1854 ἰόντες
717 1797 803 1865 τὴν
837 1797 1072 1862 ἀνωτάτω,
1099 1796 1317 1867 χώνευμά
1347 1819 1398 1849 τε
1424 1799 1499 1849 καὶ
1528 1795 1686 1848 τεκτό-
1702 1803 1730 1844 d

111 1903 204 1932 νων
237 1880 351 1947 ἔργα
382 1880 682 1946 τετιμήκασιν
715 1885 757 1933 οἱ
791 1881 848 1951 ἐξ
867 1880 1081 1949 Ἰσραὴλ,
1106 1879 1189 1933 τὸν
1217 1882 1407 1945 ἀληθῶς
1439 1880 1515 1931 καὶ
1542 1879 1686 1949 φύσει

110 1961 477 2031 παρατρέχοντες
521 1961 658 2027 Θεὸν,
704 1963 954 2032 ἀπελέγχει
997 1963 1165 2029 λέγων,
1209 1964 1271 2017 ὡς
1311 1962 1379 2027 ε’ίη
1421 1960 1506 2026 μὲν
1549 1959 1687 2015 αὐτὸς

112 2049 132 2096 ὁ
164 2042 337 2115 στερεῶν
372 2043 546 2115 οὐρανὶν,
579 2043 922 2114 διαπηξάμενος
955 2044 1004 2096 δὲ
1038 2046 1114 2096 καὶ
1150 2043 1246 2112 γ’ἧν,
1275 2045 1351 2095 καὶ
1375 2047 1471 2095 τῶν
1496 2043 1688 2111 ἄστρων

48 2146 94 2187 15
112 2126 137 2177 ὁ
173 2124 381 2192 ποιητής.
449 2124 736 2192 κατονειδίζει
774 2126 835 2190 δὲ,
868 2126 938 2178 ὅτι
975 2125 1197 2194 παρέντες
1234 2128 1296 2180 ὡς
1333 2125 1482 2176 ἕωλον
1518 2124 1572 2176 τὸ
1611 2123 1687 2176 διὰ

111 2212 205 2259 τῶν
230 2206 491 2274 γεγονότων
514 2207 742 2260 δύνασθαι
767 2207 853 2273 τὴν
885 2213 969 2259 τοῦ
1002 2207 1309 2273 πεποιηκότος
1341 2206 1486 2276 δόξαν
1509 2208 1689 2270 ἀναμα-

112 2294 220 2354 θεΐν,
251 2288 496 2359 πρόφασιν
533 2289 652 2342 αὐτὰ
683 2293 766 2355 τῆς
804 2291 969 2344 οἰκείας
1005 2290 1279 2355 πεποίηνται
1314 2288 1513 2353 πλάνης.
1577 2287 1687 2340 ἀλλ’

111 2371 166 2422 οὐ
205 2370 280 2422 διὰ
318 2377 456 2423 τοῦτο
493 2370 760 2438 γεγόνασιν,
801 2371 876 2423 ἵνα
918 2370 1003 2436 τὴν
1041 2371 1168 2422 θείαν
1210 2372 1407 2422 ἀδικῶσι
1443 2369 1602 2440 δόξαν,
1641 2371 1690 2422 ἐν

112 2451 352 2523 ὑπολήψει
392 2457 509 2505 θεῶν
549 2453 802 2517 εἰλημμένα
838 2457 934 2507 τοῖς
971 2453 1045 2504 ἐπὶ
1082 2455 1181 2518 γῆς,
1220 2451 1331 2503 ἀλλ’
1370 2452 1459 2516 ἵνα,
1498 2454 1560 2506 ὡς
1597 2451 1688 2522 ε”φη
1704 2475 1727 2504 e

48 2560 97 2588 20
113 2535 167 2586 τὸ
193 2534 388 2602 γράμμα
412 2533 465 2586 τὸ
493 2533 627 2600 ἱερὸν,
648 2541 676 2564 “
691 2533 785 2586 ἀπὸ
810 2532 1029 2600 μεγέθους
1055 2535 1131 2585 καὶ
1157 2536 1394 2598 καλλονῆς
1418 2531 1689 2598 κτισμάτων
1704 2553 1782 2596 Sap.
1794 2563 1865 2586 xm

115 2626 142 2650 ‘⁶
158 2617 427 2686 ἀναλόγως”
450 2617 746 2686 ἀναθρώσκοι
764 2622 858 2670 τῶν
876 2616 1130 2670 συνιέντων
1149 2619 1174 2670 ὁ
1195 2623 1299 2673 νοῦς
1326 2622 1388 2673 εἰς
1413 2618 1689 2689 κατάληψιν
1705 2605 1736 2638 5·

165 2778 195 2808 1,
216 2778 246 2801 2.
272 2768 379 2811 Τόμος
395 2767 540 2812 ἕβδομος
556 2767 651 2802 Β.Ι).
785 2778 818 2812 3.
845 2766 926 2813 σου]
943 2772 980 2809 4
998 2769 1016 2801 ὁ
1034 2767 1125 2802 Edd.
1145 2768 1269 2811 (A.V.)
1290 2767 1386 2803 deest
1402 2768 1438 2803 in
1456 2768 1549 2804 B.D.
1569 2768 1689 2814 (XII.)

118 2813 189 2858 (Cf.
207 2820 327 2847 contra
342 2814 415 2848 Jul.
434 2814 481 2848 iii.
503 2825 567 2857 104
584 2815 630 2857 e.)
680 2813 764 2848 Post
782 2817 929 2858 στερεῶν
945 2814 1025 2849 add.
1041 2816 1100 2849 τὸν
1118 2815 1209 2849 Edd.
1228 2814 1349 2860 (Vat.)
1591 2816 1625 2850 8.
1651 2831 1687 2850 τε

115 2867 335 2905 assumptum
352 2872 393 2894 ex
412 2861 504 2894 B.D.
666 2872 717 2895 10.
749 2861 843 2895 Haec
863 2862 915 2894 καὶ
931 2863 1107 2905 λογισμῶν
1123 2867 1342 2896 accesserunt
1358 2873 1400 2896 ex
1418 2862 1511 2898 B.D.
1562 2861 1688 2896 Statim

115 2907 300 2950 ἀθλότητος
318 2906 406 2953 (Sic)
425 2906 516 2942 Edd.
661 2918 713 2950 14.
732 2906 992 2954 διαπηξάμενος]
1012 2908 1310 2954 διαστηριξάμενος
1326 2908 1386 2945 iid.
1511 2921 1564 2956 19.
1582 2908 1635 2945 ἵνα
1652 2908 1687 2944 b.

115 2952 155 2988 ἵν’
174 2954 221 2989 D.
241 2953 330 2989 Edd.
521 2965 574 2990 20.
600 2953 682 3000 ἀπὸ]
702 2954 737 2989 ἐκ
756 2954 790 2990 b.
