2021 3434
63 875 158 905 Hier.

62 919 155 950 xxiii.
177 927 189 948 1
197 941 204 949 .

65 1131 158 1163 Ib.x.
171 1138 223 1162 21.

69 1855 175 1897 Supra

68 1910 137 1931 ver.
156 1909 168 1930 1
175 1924 182 1932 .

281 188 366 227 486
682 188 731 227 B.
775 187 1051 227 CYRILLI
1090 187 1467 228 ALEXANDR.
1739 187 1792 228 vi.
1820 198 1856 239 7.

282 297 389 351 τοὺς
411 302 578 366 χωρῶν
605 297 633 362 ἢ
660 298 846 349 πόλεων
873 298 901 364 ὴ
930 304 1059 349 λαῶν
1086 300 1301 364 ἡγεῖσθαι
1329 298 1581 366 λαχόντας.
1642 299 1744 349 δέον
1769 297 1860 364 γὰρ

284 379 336 432 ὃν
377 385 566 442 μᾶλλον
603 385 703 434 ταῖς
741 381 1054 445 καθηκούσαις
1099 381 1303 450 νήψεσιν
1343 381 1391 431 εὖ
1429 379 1560 442 μάλα
1598 380 1862 446 χρωμένους

282 465 545 528 περιαθρεῖν
585 461 645 513 τὰ
694 462 1011 532 συμφέροντα,
1058 465 1134 514 καὶ
1182 464 1286 514 κατ’
1330 461 1436 513 εὐθὺ
1479 467 1561 512 τοῦ
1605 461 1863 526 πρέποντος

283 543 533 611 ἀποφέρειν
566 542 672 598 τοὺς
709 545 1111 611 ὑπεστρωμένους,
1149 546 1224 596 καὶ
1259 543 1334 596 διὰ
1370 543 1546 597 παντὸς
1576 543 1752 611 τρόπου
1785 551 1863 592 λε-

283 624 552 689 λυπημένον
577 627 964 690 ἐκμειλίσσεσθαι
985 626 1121 690 Θεὸν,
1139 632 1238 680 πῶς
1259 628 1340 678 οὐκ
1363 625 1672 690 ἀπόπληκτον
1698 628 1863 694 κομιδῇ
1883 645 1905 683 5

283 708 337 759 τὸ
378 713 676 759 κατολισθεῖν
717 713 778 762 εἷς
819 708 1015 777 τρυφὰς,
1059 713 1134 760 καὶ
1178 712 1259 773 τῆς
1300 708 1511 772 βεβήλου
1551 709 1865 776 φιλοσαρκιάς

285 789 416 841 οὐδὲν
451 791 669 855 ἡγεῖσθαι
710 790 764 842 τὸ
810 791 1030 854 ἄμεινον,
1074 793 1178 856 περὶ
1218 796 1312 842 τῶν
1356 790 1576 841 τοιούτων
1613 789 1737 857 τάχα
1773 812 1865 840 που

286 876 437 939 φησὶν
471 872 546 923 διὰ
582 876 741 941 φωνῆς
779 872 926 938 ἁγίων
951 870 1058 924 “³9
1085 877 1126 924 οἱ
1156 872 1367 935 ποιμένες
1394 876 1434 922 οἱ
1462 872 1866 938 διασκορπίζοντες

240 960 314 1001 (1“
339 956 414 1005 καὶ
456 954 750 1009 ἀπολλύντες
788 954 846 1006 τά
887 953 1106 1021 πρόβατα
1148 957 1230 1019 τῆς
1276 954 1460 1018 νομῆς.”
1523 954 1592 1005 ὅτι
1635 954 1730 1020 γὰρ
1766 958 1866 1007 ταῖς

285 1041 378 1087 τῶν
411 1036 640 1099 ποιμένων
678 1037 923 1106 ῥᾳθυμίαις
961 1036 1245 1088 κινδυνεύσει
1283 1036 1336 1088 τὸ
1371 1035 1591 1101 ὑπήκοον,
1623 1035 1776 1103 σαφὲς
1810 1035 1866 1086 ἂν

285 1119 481 1184 γένοιτο,
513 1118 660 1170 πάλιν
699 1123 824 1170 Θεοῦ
863 1119 1085 1185 λέγοντος
1122 1121 1327 1187 ἐναργως
1371 1117 1530 1169 ίίθΌτι
1571 1122 1612 1169 οἱ
1655 1117 1867 1180 ποιμένες

285 1208 314 1230 “
341 1201 708 1269 ἠφρονεύσαντο,
736 1204 810 1252 καὶ
845 1201 926 1253 τὸν
956 1201 1132 1267 Κύριον
1167 1202 1250 1252 οὐκ
1286 1200 1582 1270 ἐξεζήτησαν·
1624 1200 1699 1251 διὰ
1729 1206 1867 1251 τοῦτο

284 1289 311 1312 “
339 1284 422 1334 οὐκ
457 1282 622 1348 ἐνόησε
656 1289 792 1334 πᾶσα
828 1284 855 1348 ἡ
889 1283 1022 1348 νομὴ,
1052 1285 1126 1334 καὶ
1160 1281 1644 1350 διεσκορπίσθησαν.”

246 1546 266 1586 7
287 1534 366 1576 Διὰ
391 1537 514 1576 τοῦτο
541 1537 608 1576 νῦν
634 1533 899 1591 αἰχμάλωτοι
923 1535 1093 1577 ἔσονται
1119 1535 1184 1576 ἀπ’
1218 1534 1348 1592 ἀρχῆς
1379 1534 1612 1587 δυναστῶν,
1642 1536 1710 1576 καὶ
1743 1536 1867 1592 ἐξαρ-

356 1621 531 1661 θήσεται
556 1620 832 1677 χρεμετισμὸς
859 1620 1003 1661 ἵππων
1028 1621 1074 1664 ἐξ
1092 1621 1101 1633 '
1117 1616 1301 1677 Εφροιΐμ.

360 1760 552 1825 Ἐπειδὴ
586 1760 693 1827 γὰρ,
733 1763 869 1829 φησὶ,
907 1760 1240 1830 τετρυφήκασι,
1280 1760 1364 1825 τὴν
1405 1765 1466 1815 εἰς
1512 1759 1635 1812 Θεὸν
1676 1760 1870 1830 ἀφέντες

289 1842 546 1909 ἀγάπησιν,
572 1842 895 1909 τεθαρσήκασι
931 1842 978 1894 δὲ
1012 1845 1087 1894 καὶ
1120 1845 1194 1894 ἐπὶ
1228 1841 1281 1894 τὸ
1321 1842 1427 1909 ὅρος
1463 1844 1738 1909 Σαμαρείας,
1764 1866 1870 1894 του-

288 1925 433 1987 τέστι,
460 1930 555 1979 τοῖς
594 1926 730 1976 οὖσιν
766 1927 814 1976 ἐν
853 1926 1103 1994 Σαμαρείᾳ,
1130 1925 1343 1991 μεγάλην
1380 1924 1532 1994 ὀφρὺν
1566 1926 1870 1979 ἀνασπῶντες

288 2011 331 2059 οἱ
355 2007 617 2073 ἡγούμενοι,
645 2009 706 2060 ὡς
742 2006 1002 2073 ἀμετρήτου
1034 2008 1245 2071 πληθύος
1270 2006 1545 2076 ἐξάρχοντες
1571 2009 1646 2058 καὶ
1671 2009 1870 2073 ἀριθμοῦ

287 2095 495 2155 κρεῖττον
533 2089 716 2158 ε”χοντες
757 2088 811 2141 τὸ
855 2088 1061 2157 μάχιμον
1105 2089 1250 2156 γένος,
1295 2091 1526 2158 ταύτῃτοι,
1568 2092 1730 2158 φησὶν,
1770 2089 1869 2158 ἥξει

288 2171 373 2236 μὲν
399 2172 514 2241 ἥξει,
541 2174 616 2223 καὶ
641 2172 774 2235 μάλα
797 2176 996 2238 γοργῶς,
1024 2171 1143 2222 κατὰ
1166 2171 1357 2223 πάντων
1384 2172 1409 2221 ὁ
1433 2174 1516 2236 τῆς
1542 2172 1871 2239 αἰχμαλωσίας

289 2253 460 2320 καιρὸς,
489 2253 777 2321 πρωτόλειον
803 2253 851 2304 δὲ
880 2252 1127 2318 ποιήσεται
1153 2253 1259 2308 τοὺς
1292 2252 1644 2320 δυνατωτέρους·
1685 2254 1753 2304 ἀεὶ
1778 2252 1871 2320 γὰρ

70 2353 145 2388 317
168 2352 216 2386 Α.
251 2337 504 2400 επολέμιοι
550 2340 887 2404 καταδῃοῦντες
929 2336 1074 2387 πόλιν
1115 2337 1187 2388 ἐπὶ
1238 2334 1345 2390 τοὺς
1388 2340 1482 2386 τῶν
1524 2333 1871 2402 ἐπισημοτέρων

289 2417 537 2485 τρέχουσιν
572 2418 734 2480 οἴκους,
770 2417 830 2469 τὰ
863 2419 912 2468 ἐν
944 2419 1097 2472 αὐτοῖς
1135 2418 1487 2485 διαρπάσοντες.

363 2503 557 2568 Ἐπειδὴ
600 2502 648 2554 δὲ
693 2501 750 2566 ἦν
794 2503 896 2555 ἔθος
945 2507 1040 2556 τοῖς
1091 2504 1139 2553 ἐν
1189 2504 1428 2571 Σαμαρείᾳ
1477 2506 1723 2567 λαμπροῖς,
1774 2505 1870 2555 τοῖς

291 2585 541 2654 ἐξαιρέτοις
584 2589 679 2636 τῶν
719 2584 873 2637 ’ἵππων
923 2585 1195 2652 ἐποχεῖσθαι
1240 2589 1415 2654 φιλεῖν,
1460 2587 1502 2634 οἱ
1553 2583 1614 2646 δὲ,
1654 2582 1773 2635 κατὰ
1816 2582 1869 2634 τὸ

345 2783 375 2805 1.
402 2772 494 2806 ἰδίων
510 2783 573 2816 pro
589 2770 608 2814 ἢ
625 2773 717 2805 λαῶν
734 2770 779 2806 A.
923 2781 954 2804 2.
981 2769 1019 2803 ὂν
1038 2769 1079 2804 Β.
1098 2768 1200 2803 Pont.
1220 2767 1257 2802 ὃν
1273 2768 1368 2802 Aub.
1386 2766 1425 2811 ἦν
1442 2767 1486 2801 Α.
1639 2778 1672 2808 4.
1697 2765 1868 2809 ἐπεστρω-

295 2817 414 2861 μένους
431 2818 522 2852 Edd.
541 2824 621 2852 ante
636 2818 771 2862 Migne.
1063 2817 1095 2850 8.
1122 2816 1231 2861 φησὶν
1248 2826 1316 2849 om.
1335 2814 1377 2848 A.
1427 2815 1458 2847 οἱ
1476 2813 1573 2858 prius
1589 2818 1810 2858 assumptum
1826 2823 1868 2845 ex

294 2865 386 2899 A.B.
407 2864 549 2909 (Alex.)
876 2874 909 2908 9.
934 2861 1052 2908 νομῆς]
1076 2867 1113 2904 -1-
1132 2877 1197 2906 μου
1214 2862 1257 2895 Α.
1277 2860 1418 2906 (Alex.)
1437 2860 1497 2895 sed
1514 2860 1622 2895 αὐτῶν
1638 2859 1764 2904 legitur
1779 2857 1868 2891 infra

295 2910 363 2944 620
380 2923 409 2944 c.
429 2911 495 2956 756
513 2923 542 2945 e.
759 2921 812 2945 10.
838 2909 1043 2945 κινδυνεύσει
1062 2910 1102 2944 Β.
1122 2907 1299 2943 κινδυνεύει
1318 2907 1409 2941 Edd.
1635 2916 1687 2951 13.
1712 2905 1866 2948 διεσκορ-

293 2957 485 3008 πίσθησαν]
509 2962 545 2999 ἦ·
566 2958 606 2992 τὰ
623 2958 780 3002 πρόβατα
801 2957 842 2991 Β.
1126 2967 1177 3001 17.
1204 2956 1336 3001 ἀγάπην
1353 2953 1443 2988 Edd.
1735 2961 1788 2996 19.
1813 2950 1866 2984 καὶ

294 3014 357 3047 pro
375 3004 405 3036 οἱ
422 3003 481 3037 lid.

1892 1058 1936 1083 10

1890 2113 1939 2138 20
