2021 3434
91 245 131 287 ii.
159 246 222 295 16,
250 257 312 298 17.
560 245 632 285 IN
673 245 908 285 OSEAM.
969 245 1118 286 TOM.
1153 244 1213 284 ΙΙ.
1617 242 1670 280 69

89 355 302 410 ταπεινὸς
329 354 377 406 δὲ
401 356 523 418 λίαν,
552 357 627 406 καὶ
658 356 893 409 οἱονείπως
921 353 1196 422 εὐπρόσιτος
1222 354 1246 405 ὁ
1273 352 1391 420 πρὸς
1418 350 1671 403 εὐπείθειαν

89 439 292 499 εὔκολος,
312 439 387 488 καὶ
405 441 512 506 Θεῷ
533 438 642 488 λίαν
659 438 973 502 ἠγαπημένος.
1022 439 1097 488 καὶ
1120 442 1235 503 γοῦν
1261 435 1352 504 ἔφη
1377 457 1470 486 που
1496 431 1550 483 δι’
1572 431 1670 485 ἑνὸς
1689 455 1710 478 a
1747 446 1804 480 49
1826 445 1876 478 A·

88 525 182 572 τῶν
217 520 363 585 ἁγίων
399 523 659 587 προφητῶν
693 526 721 548 “
743 521 838 570 Καὶ
872 521 946 570 ἐπὶ
981 520 1084 570 τίνα
1118 518 1368 587 ἐπιβλέψω
1399 514 1509 567 ἀλλ’
1537 513 1566 580 ἢ
1598 515 1671 565 ἐπὶ
1734 530 1788 560 Es.
1808 530 1885 560 lxvi.

2 667 6 682 ‚
90 609 117 632 ‘⁴
143 600 224 653 τὸν
251 601 469 652 ταπεινὸν
493 603 568 651 καὶ
595 600 794 668 ἡσύχιον
826 603 901 652 καὶ
936 600 1166 668 τρέμοντά
1190 623 1279 663 μου
1311 599 1417 652 τούς
1443 596 1614 663 λόγους
1629 597 1670 658 ;”
1735 583 1763 604 2·

2 707 5 747 ς
49 683 202 742 5ὅταν
236 683 318 733 οὖν
358 682 577 746 λαλήσω,
613 685 776 751 φησὶν,
817 684 892 733 ἐπὶ
927 682 1012 747 τὴν
1050 683 1244 749 καρδίαν
1282 683 1437 745 αὐτῆς,
1476 680 1580 731 τότε
1621 678 1676 742 δὴ

3 755 5 758 ¹
90 765 195 818 τότε
250 766 325 815 καὶ
381 764 496 829 αὐτὴ
547 763 927 828 ταπεινωθήσεται,
978 763 1099 816 καθὰ
1148 767 1223 815 καὶ
1274 765 1322 814 ἐν
1373 766 1551 830 ἀρχαῖς,
1603 761 1678 812 ὅτε

2 846 5 918 ’ᾖ
91 852 346 901 καλοῦντος
379 846 639 909 Μωυσέως,
673 849 748 898 καὶ
782 850 865 911 τῆς
909 847 1179 913 Αἰγυπτίων
1224 846 1436 911 ἀπαίρειν
1473 866 1678 911 προστε-

91 929 288 997 ταχότος
330 934 413 980 τοῦ
452 929 834 997 φιλοικτίρμονος
874 933 1012 992 Θεοῦ,
1043 926 1380 996 προθυμότατα
1417 925 1503 991 μὲν
1541 932 1679 976 τοῦτο

2 1069 3 1083 2
92 1016 207 1079 δρᾶν
250 1010 554 1078 ἐσπούδαζον,
594 1013 670 1062 καὶ
717 1015 800 1076 τῆς
842 1016 935 1063 τῶν
979 1010 1384 1064 πλεονεκτούντων
1424 1009 1680 1104 ἀπέτρεχον

0 1118 74 1143 110
92 1114 193 1161 γης
236 1094 466 1160 ὁριζοντος
507 1093 555 1145 δὲ
600 1117 706 1147 τους
751 1093 918 1194 νόμους
957 1096 1005 1145 ἐν
1042 1093 1238 1160 Χωρὴβ,
1278 1113 1679 1158 συναγηγερμενοι
1697 1106 1724 1146 b

0 1185 3 1246 ζ
93 1175 208 1241 μετὰ
261 1176 507 1229 Μωυσέως
559 1177 633 1227 ἐπι
683 1175 737 1227 τὸ
786 1176 892 1243 ὅρος
944 1200 998 1228 το
1052 1175 1181 1239 Σινα,
1235 1174 1680 1241 κατεπηγγελλοντο

0 1251 3 1330 ξ
93 1259 308 1326 λέγοντες
337 1266 362 1288 “
385 1257 612 1309 Πάντα”
588 1281 682 1309 οσα
713 1257 837 1310 εἶπεν
867 1260 976 1324 ἡμῖν
1004 1258 1222 1325 Κύριος
1204 1282 1228 1309 ο
1257 1256 1392 1320 Θεος,
1419 1256 1681 1321 ποιήσομεν
1742 1276 1846 1325 Exod.

0 1332 2 1338 λ
94 1349 121 1372 “
144 1344 219 1393 καὶ
244 1340 590 1405 ἀκουσόμεθα.”
655 1342 822 1392 οὐκοῦν
855 1342 990 1393 ἔσται
1024 1340 1215 1403 ταπεινὴ
1243 1343 1318 1392 καὶ
1346 1339 1535 1404 εὐήνιος,
1561 1337 1682 1391 καθὰ
1741 1320 1876 1402 {ffifp

94 1426 167 1476 καὶ
191 1425 239 1475 ἐν
263 1425 442 1492 ἀρχαῖς,
471 1423 547 1475 ὅτε
581 1423 666 1487 τὴν
702 1423 778 1475 διὰ
814 1424 957 1488 νόμου
991 1423 1110 1491 πρὸς
1142 1423 1432 1489 θεογνωσίαν
1458 1428 1683 1483 λαβοῦσα

0 1512 3 1543 3
33 1534 76 1572 ¹5
95 1506 327 1573 γε’ννησιν,
366 1505 583 1570 ἀσμένως
622 1507 802 1575 ἐδέχετο
840 1508 894 1558 τὸ
936 1511 1001 1577 τῷ
1040 1511 1147 1577 Θεῷ
1188 1509 1371 1558 δοκοῦν.
1443 1506 1684 1567 νηπιότητος

95 1589 248 1641 τοίνυν
290 1587 467 1659 ἡμέρας,
504 1588 590 1654 τὴν
633 1589 708 1639 διὰ
747 1589 889 1653 νόμου
932 1593 1083 1659 φησὶν
1126 1589 1437 1655 άναγέννησιν
1477 1593 1538 1642 εἰς
1581 1592 1682 1640 θεο-

95 1671 317 1738 γνωσίαν·
376 1670 614 1739 τοιγάρτοι
665 1673 742 1723 καὶ
786 1672 995 1741 ἔφασκεν
1040 1680 1066 1702 “
1086 1670 1200 1725 Υἱὸς
1249 1671 1544 1738 πρωτότοκός
1589 1693 1679 1734 μου
1741 1683 1791 1714 Ib-
1811 1684 1854 1715 iv·

1742 1737 1792 1759 22.

98 1760 124 1783 ‘⁶
147 1752 391 1821 Ἰσραήλ.”

1707 1886 1751 1920 16

103 1921 175 1962 Καὶ
209 1921 328 1964 ἔσται
365 1921 409 1962 ὲν
443 1925 493 1979 τᾷ
528 1922 665 1981 ἡμέρα
692 1921 833 1979 ἐκείνῌ
864 1923 976 1969 λεΓει
1013 1921 1174 1979 Κύριος,
1204 1923 1376 1964 καλεσει
1414 1920 1539 1969 ue‘O
1574 1921 1723 1978 (impe

35 2025 81 2049 20
165 2021 256 2056 μου,
285 2006 353 2047 καὶ
379 2006 426 2046 οὐ
450 2007 621 2048 καλεσει
647 2022 698 2055 με
724 2007 865 2048 οὐκετι
890 2006 1091 2056 Βααλείμ.
1154 2007 1222 2048 καὶ
1247 2006 1391 2064 ὲΞαρὼ
1416 2006 1467 2047 τὰ
1494 2006 1682 2054 ὀνόματα
1709 2020 1751 2054 17

164 2089 250 2130 τῶν
297 2089 484 2139 Βααλεὶμ
521 2090 568 2131 ἐκ
605 2093 677 2132 τοῦ
719 2092 929 2139 στόματος
969 2091 1114 2141 αὐτῆς,
1151 2091 1218 2132 καὶ
1261 2091 1308 2131 οὐ
1346 2090 1401 2138 μὴ
1440 2089 1683 2138 μνΗσθώσιν

165 2172 241 2213 οὐκ
266 2174 328 2215 ἔτι
354 2174 404 2215 τὰ
432 2174 624 2223 ὀνόματα
652 2175 808 2216 αὐτῶν.

173 2285 364 2357 ‘Hpae'poev
401 2287 485 2351 μὲν
525 2289 606 2339 οῦν
643 2290 691 2339 ἐν
725 2287 905 2342 τούτοις
939 2288 1022 2339 τὸν
1061 2291 1145 2352 τῆς
1183 2293 1264 2338 τοῦ
1297 2289 1517 2352 Σωτῆρος
1555 2286 1687 2349 ἡμῶν

102 2369 343 2434 ἐπιδημίας
369 2369 579 2437 ὀνομάζει
604 2369 776 2438 καιρόν.
843 2369 1124 2435 κεκλήσεται
1151 2368 1242 2436 γὰρ
1275 2368 1421 2435 ἡμέρα
1447 2368 1613 2433 κυρίως
1637 2390 1687 2418 τε

38 2470 84 2508 25
103 2452 177 2502 καὶ
215 2453 406 2517 ἀληθῶς
444 2456 526 2516 τῆς
568 2459 650 2504 τοῦ
690 2457 993 2519 Μονογενοῦς
1031 2450 1428 2516 ἐνανθρωπήσεως
1460 2452 1484 2501 ὁ
1517 2451 1687 2517 καιρὸς,

0 2538 1 2542 ’
103 2534 203 2584 καθ’
231 2531 284 2585 ὃν
309 2535 336 2598 ἡ
365 2536 413 2585 ἐν
439 2534 605 2604 κόσμῳ
638 2535 832 2586 λέλυται
862 2534 948 2599 μὲν
981 2533 1144 2602 ἀχλὺς,
1171 2532 1431 2602 ἠφάνισται
1458 2532 1506 2584 δὲ
1532 2535 1607 2584 καὶ
1634 2532 1688 2583 τὸ

104 2614 286 2670 σκότος·
328 2619 543 2683 λαμπραὶ
576 2616 624 2668 δὲ
656 2614 819 2683 ὥσπερ
843 2618 1124 2684 ἀνίσχουσιν
1149 2617 1286 2681 αὐγαὶ
1315 2614 1433 2666 κατὰ
1461 2621 1568 2666 νοῦν
1594 2620 1688 2669 τοῖς

153 2778 186 2812 3.
211 2768 265 2800 καὶ
282 2767 426 2801 accessit
444 2779 485 2801 ex
505 2767 552 2800 D.
693 2776 726 2811 5.
752 2769 842 2811 φησι
859 2766 1003 2810 λαλήσω
1020 2767 1158 2801 inverso
1175 2766 1296 2802 ordine
1315 2767 1362 2802 D.
1502 2768 1535 2802 8.
1561 2768 1688 2814 προθυ-

106 2815 241 2857 μώτατα
259 2813 352 2848 Edd.
602 2825 654 2847 11.
681 2815 719 2847 τὸ
738 2815 795 2847 alt.
815 2820 1037 2859 assumptum
1055 2826 1096 2847 ex
1116 2813 1158 2847 B.
1384 2826 1437 2858 14.
1462 2816 1622 2861 λαχοῦσα
1641 2816 1688 2850 D.

111 2869 166 2902 15.
192 2860 270 2906 εδέχ
273 2875 350 2894 οντο
370 2861 417 2895 D.
467 2862 513 2907 τῷ
533 2871 603 2894 om.
624 2861 670 2894 D.
723 2860 945 2904 Interpunxit
963 2861 1082 2895 δοκοῦν
1098 2862 1306 2905 νηπιότητος
1368 2862 1479 2896 τοίνυν
1495 2863 1688 2896 Aubertus.

132 2876 301 2952 9.λέγει]
321 2909 411 2951 φησι
430 2907 475 2941 D.
496 2910 590 2952 (233.
596 2907 608 2950 )
658 2908 676 2940 ὁ
695 2906 813 2941 deest
806 2919 843 2940 m
861 2906 952 2940 Edd.
1121 2918 1176 2942 20.
1202 2907 1329 2954 οὐκέτι]
1352 2909 1407 2943 Sic
1427 2909 1469 2943 B.
1483 2909 1529 2943 D.
1549 2909 1690 2954 (Alex.)

109 2918 157 2987 ἕτ9ι
177 2953 269 2989 Edd.
285 2954 384 2998 (Vat
390 2954 406 2998 )
595 2964 650 2987 21.
677 2955 736 2987 τοῦ
753 2960 975 2998 assumptum
993 2966 1034 2988 ex
1054 2953 1146 2988 B.D.
1166 2956 1238 2996 (22.
1257 2956 1316 2999 al.)
1336 2955 1395 2990 sed
1414 2956 1458 2990 cf.
1478 2957 1567 2990 infra
1584 2967 1640 3001 50.
1656 2957 1692 2990 b.

113 3011 168 3044 23.
194 3015 252 3035 ουν
269 3007 492 3046 assumptum
511 3013 552 3035 ex
571 3000 618 3034 D.
775 3011 829 3043 24.
855 3015 891 3034 τε
909 3008 1132 3046 assumptum
1150 3013 1191 3035 ex
1211 3002 1256 3036 D.
1413 3003 1467 3037 26.
1494 3004 1532 3038 τὸ
1551 3002 1691 3048 σκότος]

115 3061 132 3080 0
151 3049 274 3082 σκότος
293 3047 339 3081 D-
