2021 3434
324 212 407 252 702
714 210 763 250 Β.
807 208 1091 249 CYRILLI
1131 205 1517 248 ALEXANDR.
1691 202 1745 243 vi.
1770 215 1809 256 9,
1836 212 1901 240 10.

274 327 301 367 d
321 320 369 372 δὲ
394 319 479 384 τὴν
505 319 641 389 φωνὴν
667 322 715 370 ἐν
739 320 919 374 τούτοις
952 321 1055 370 ἀντὶ
1087 324 1170 369 τοῦ
1205 317 1445 379 ὀνόματος,
1472 313 1575 378 ἤτοι
1605 315 1687 376 τῆς
1712 310 1902 375 ἐπικλή-

320 425 456 456 σεως.
524 402 684 465 ὅμοιον
734 402 781 453 δὲ
825 405 887 455 ὡς
931 405 967 452 εἰ
1012 400 1145 466 λέγοι
1192 398 1336 466 τυχόν
1381 401 1440 448 Εἰ
1482 393 1801 463 ἐπιφημίζοιτο
1843 388 1902 460 τῇ

319 482 457 535 πόλει
483 482 537 534 τὸ
564 482 713 546 ὄνομα
749 490 831 535 τοῦ
867 487 1004 545 Θεοῦ,
1037 482 1192 546 πάντη
1225 504 1274 532 τε
1301 481 1375 531 καὶ
1406 477 1594 530 πάντως
1628 473 1902 539 σωθήσεται.

319 567 384 632 μὴ
423 567 516 634 γὰρ
554 572 714 636 οἰηθῇς
745 568 976 634 ἄνθρωπε,
1005 568 1142 636 φησὶ,
1168 570 1268 619 ταῖς
1306 566 1360 615 δι’
1400 562 1610 626 αἱμάτων
1647 559 1910 628 ἐφήδεσθαί

319 673 376 713 με
422 651 620 712 θυσίαις,
661 649 776 714 μηδὲ
815 652 969 713 ἀσεβῆ
1009 650 1084 699 καὶ
1123 648 1297 712 ἄνομον
1335 647 1551 711 ἡγεῖσθαι
1589 644 1729 694 πόλιν
1763 644 1801 692 εὶ
1838 639 1946 704 μὴ5
2009 643 2017 682 s

319 729 563 798 προσάγοι
601 733 815 799 μόσχους
866 735 927 785 εἷς
975 730 1316 782 ὁλοκαύτωσιν·
1366 728 1475 779 ἀλλ’
1524 725 1622 777 οὐδ’
1670 722 1728 774 ἀν
1779 722 1905 776 ὅλως

319 813 534 877 σώσαιμι
589 813 962 876 κινδυνεύουσαν,
1014 817 1259 874 βουθυτεῖν
1308 809 1557 879 ᾑρημένην,
1606 805 1692 856 κᾶν
1747 811 1900 868 μηλο-

319 897 552 964 σφαγίαις
589 895 674 960 μὲν
712 895 1017 959 καθαιμάττοι
1053 893 1108 947 τό
1152 892 1507 957 θυσιαστήριον,
1552 890 1707 940 ἕλοιτο
1745 884 1793 937 δὲ
1830 888 1906 937 καὶ

319 982 462 1045 κριῶν
501 976 767 1044 προσάγειν
805 979 994 1044 ἀγέλας,
1030 976 1217 1044 ἀρκέσει
1257 975 1305 1026 δὲ
1346 979 1536 1037 μᾶλλον
1573 975 1635 1024 εἷς
1665 969 1906 1034 σωτηρίαν

279 1061 436 1127 οαύτῇ
470 1059 524 1111 τὸ
563 1060 859 1124 ἐπικληθῆναι
898 1063 944 1112 το
985 1062 1121 1128 ὄνομα.
1146 1064 1230 1110 τοῦ
1257 1061 1399 1109 Θεοῦ.
1463 1053 1549 1118 ἐμὴ
1586 1051 1679 1119 γὰρ
1719 1049 1905 1104 πάντως

318 1144 347 1207 ἡ
391 1142 450 1194 τὰ
489 1142 577 1205 ε’μά
617 1147 805 1204 τιμῶσα
843 1141 1004 1209 κράτη,
1047 1145 1123 1193 καὶ
1164 1140 1224 1191 τὰ
1273 1141 1372 1203 ἐμοὶ
1423 1135 1606 1202 θυμήρη
1651 1131 1817 1200 δρῶσά
1857 1154 1906 1182 τε

319 1227 554 1290 ἀμελλητὶ
580 1228 654 1277 καὶ
694 1229 881 1293 φρονεῖν
916 1224 1128 1288 ἑλομένη.
1190 1222 1296 1274 τότε
1324 1221 1453 1272 σώσω
1479 1217 1586 1271 τοὺς
1611 1213 1908 1285 φοβουμένους

318 1308 412 1372 ἐμέ.
478 1309 644 1359 οὐκοῦν
681 1308 756 1359 ὅτε
796 1309 871 1358 καὶ
907 1311 1032 1358 Θεοῦ
1068 1304 1318 1371 λεγόμεθα,
1343 1303 1448 1355 τότε
1480 1303 1556 1352 καὶ
1587 1297 1800 1361 δεδίαμεν
1826 1296 1908 1346 αῦ-

318 1389 415 1453 τὸν,
443 1392 518 1441 καὶ
543 1392 650 1456 παρ’
680 1391 821 1440 αὑτοῦ
847 1388 1108 1455 σωζόμεθα,
1136 1391 1211 1439 καὶ
1243 1389 1326 1450 τῆς
1353 1384 1663 1446 πνευματικῆς
1689 1378 1906 1444 λατρείας

319 1472 348 1536 ἠ
383 1471 574 1535 δύναμις
605 1471 758 1523 τοιάδε
794 1473 928 1523 νοοῖτ’
957 1470 1016 1522 ἀν
1049 1470 1251 1523 εἰκότως.
1319 1468 1410 1534 ἔφη
1441 1489 1485 1517 τι
1514 1470 1723 1516 τοιοῦτον
1754 1463 1778 1512 ὁ
1813 1465 1907 1511 τῶν

98 1567 250 1642 le-leix·
320 1554 447 1606 ὅλων
472 1553 593 1609 Θεὸς
628 1558 703 1606 καὶ
738 1554 813 1606 διὰ
848 1557 1008 1622 φωνῆς
1039 1559 1123 1604 τοῦ
1149 1551 1324 1604 Δαυείδ
1347 1558 1374 1580 “
1392 1548 1638 1600 ”Ακουσον
1664 1543 1779 1597 λαός
1803 1566 1906 1609 μου,

97 1631 188 1695 ἕ5ό
205 1659 254 1693 A.
281 1668 304 1693 a
321 1644 348 1666 “
374 1641 449 1688 καὶ
481 1639 686 1702 λαλήσω
719 1656 815 1688 σοι·
855 1635 1074 1701 Ἰσραὴλ,
1105 1637 1181 1686 καὶ
1208 1630 1580 1699 διαμαρτύρομαί
1602 1645 1694 1679 σοι·
1735 1628 1760 1677 ὁ
1787 1624 1909 1679 Θεὸς

323 1727 350 1750 “
377 1721 402 1770 ὁ
434 1719 555 1773 Θεὸς
586 1742 677 1770 σου
715 1722 806 1784 εἰμὶ
844 1719 954 1785 ἐγώ.
1022 1719 1104 1769 οὐκ
1139 1719 1213 1769 ἐπὶ
1249 1721 1348 1769 ταῖς
1381 1713 1565 1766 θυσίαις
1600 1733 1691 1761 σου
1729 1707 1909 1776 ἐλέγξω

323 1809 349 1832 “
376 1825 448 1865 σε,
482 1801 542 1853 τὰ
576 1801 625 1853 δὲ
658 1801 1030 1865 ὁλοκαυτώματά
1064 1823 1155 1851 σου
1192 1797 1387 1849 ἐνώπιόν
1421 1818 1512 1858 μου
1549 1794 1651 1844 ἐστὶ
1683 1789 1759 1842 διὰ
1792 1812 1909 1841 παν-

100 1899 152 1931 Ib·
172 1908 221 1939 13·
324 1891 352 1915 ‘⁶
377 1885 501 1939 τός.”
588 1883 687 1935 εἶτα
748 1884 929 1938 τούτοις
985 1880 1256 1949 ἐπενεγκὼν,
1311 1882 1373 1934 ὡς
1436 1878 1489 1929 οὐ
1546 1873 1748 1944 φάγεται
1798 1872 1909 1939 κρέα

324 1967 528 2033 ταύρων,
563 1968 673 2017 ἀλλ’
712 1967 809 2017 οὐδ’
845 1964 903 2016 ἂν
939 1966 1087 2017 ε’κπίοι
1129 1962 1184 2014 τὸ
1225 1961 1414 2029 τράγων
1445 1958 1572 2021 αἷμα,
1607 1956 1755 2009 πάλιν
1786 1955 1914 2021 φησί

101 2055 155 2139 {¹5³2
176 2065 225 2097 14»
324 2056 351 2079 ‘⁶
378 2050 545 2101 Θύσον
575 2053 642 2119 τῷ
668 2050 777 2118 Θεῷ
814 2048 985 2100 θυσίαν
1018 2046 1252 2103 αἰνέσεως,
1283 2046 1358 2095 καὶ
1389 2040 1562 2094 ἀπόδος
1588 2043 1654 2108 τῷ
1679 2038 1909 2107 ’Υψίστῳ

323 2138 352 2162 “
377 2132 460 2186 τὰς
488 2131 624 2200 εὐχάς
649 2149 753 2183 σου·
818 2133 894 2182 καὶ
920 2129 1201 2182 ἐπικάλεσαί
1221 2149 1276 2192 με
1310 2129 1357 2178 ἐν
1391 2123 1537 2193 ἡμέρᾳ
1567 2120 1778 2192 θλίψεώς
1804 2143 1909 2183 σου,

325 2223 352 2245 “
376 2218 452 2266 καὶ
478 2215 731 2284 ἐξελοῦμαί
753 2236 826 2272 σε,
855 2215 929 2264 καὶ
955 2211 1174 2281 δοξάσεις
1199 2210 1300 2272 με.”

281 2359 307 2399 b

261 2435 475 2476 ῙοἌκουε
513 2434 641 2490 φυλὴ,
690 2433 758 2474 καὶ
795 2432 833 2475 τί
871 2432 1074 2481 κοσμήσει
1116 2430 1270 2481 πόλιν;
1321 2428 1377 2476 μή
1420 2430 1502 2482 πῦρ
1548 2424 1616 2465 καὶ
1653 2418 1770 2465 οἶκος
1812 2422 1911 2464 ἀνό-

380 2617 407 2640 1.
435 2604 587 2649 κλήσεως
604 2616 667 2649 pro
686 2602 845 2647 ἐπικλὴσ.
865 2603 907 2637 Β.
1204 2611 1233 2634 2.
1260 2599 1295 2633 δέ
1313 2609 1383 2632 om.
1404 2595 1446 2629 Β.
1495 2596 1596 2630 πόλις
1612 2605 1675 2638 pro
1691 2595 1731 2636 τῇ
1748 2593 1848 2627 πόλει
1865 2592 1910 2626 Α.

328 2666 361 2696 4.
388 2653 478 2698 φησὶ
496 2653 539 2685 Α.
558 2652 647 2696 φημὶ
666 2651 757 2685 Edd.
1135 2657 1167 2692 5.
1194 2646 1371 2689 μεθυσίαις
1388 2654 1452 2688 pro
1469 2657 1510 2683 με
1528 2641 1661 2676 θυσίαις
1677 2639 1772 2674 Aub.
1820 2639 1850 2673 εἷ
1865 2639 1911 2681 μὴ

326 2698 515 2744 προσάγοι]
536 2698 553 2742 ἦ
571 2699 614 2742 μὴ
632 2699 801 2743 προσάγει
820 2697 862 2732 Β.
1097 2695 1130 2728 8.
1156 2695 1216 2738 μὲν
1233 2705 1303 2727 om.
1323 2692 1365 2725 B.
1417 2689 1542 2723 Statim
1561 2687 1778 2731 καθαιμάττοι
1794 2686 1838 2719 Α.
1858 2685 1912 2730 (et

327 2758 448 2781 rasura
465 2747 657 2780 litterarum
679 2744 848 2789 duarum)
869 2744 910 2778 B.
930 2742 1187 2785 καθαιμάττοιτο
1206 2739 1299 2774 Edd.
1561 2746 1594 2780 9.
1618 2735 1704 2778 πρὸς
1720 2744 1783 2778 pro
1800 2733 1847 2768 εἷς
1864 2733 1909 2766 A.

332 2805 385 2828 10.
411 2794 511 2835 αὐτῆς
528 2803 592 2837 pro
609 2792 690 2835 αὐτῇ
711 2791 754 2826 Β.
804 2791 864 2835 ἐμὴ
883 2791 926 2824 A.
945 2791 1041 2824 ἕσται
1061 2789 1103 2822 Β.
1122 2790 1196 2822 ἔστι
1215 2786 1306 2821 Edd.
1575 2793 1629 2816 11.
1654 2780 1672 2824 ἡ
1691 2791 1761 2814 om.
1782 2779 1826 2813 Β.
1873 2793 1911 2813 τε

329 2847 551 2884 assumptum
569 2851 610 2872 ex
628 2839 672 2872 A.
846 2849 898 2883 13.
924 2838 976 2870 καὶ
994 2836 1092 2881 prius
1111 2847 1181 2869 om.
1199 2835 1243 2867 A.
1414 2842 1466 2873 14.
1493 2832 1551 2873 τῆς
1567 2833 1788 2872 assumptum
1806 2837 1848 2859 ex
1867 2825 1911 2860 B.

332 2896 384 2928 15.
412 2886 548 2929 δύναμις
565 2885 676 2919 τοιάδε
693 2884 760 2918 hoc
777 2884 899 2918 ordine
919 2883 960 2917 B.
1213 2890 1335 2925 15—24.
1361 2879 1428 2924 ἔφη
1453 2893 1485 2912 τι
1509 2887 1623 2921 usque
1639 2873 1683 2908 ad
1709 2873 1768 2906 fin.
1788 2872 1912 2906 scholii

329 2932 458 2966 desunt
474 2933 510 2966 in
527 2933 568 2966 B.
716 2942 768 2976 17.
790 2932 886 2966 Haec
904 2932 921 2964 ὁ
937 2931 1021 2965 Θεὸς
1038 2934 1258 2964 accesserunt
1275 2939 1316 2960 ex
1332 2926 1374 2960 A.
1522 2934 1575 2966 19.
1592 2921 1721 2956 ἐστὶΑ.
1736 2919 1804 2954 εἶσὶ
1819 2918 1911 2953 Edd.

330 2989 385 3012 21.
413 2980 560 3012 ε’κπίοιτο
578 2991 640 3023 pro
658 2979 765 3012 ἐκπίοι
783 2980 821 3012 τὸ
839 2980 881 3012 Α.
1044 2986 1099 3021 25.
1125 2976 1158 3010 τί
1175 2974 1266 3009 Α.Β.
1284 2973 1417 3016 (Alex.)
1437 2972 1485 3006 τίς
1504 2969 1595 3004 Edd.
1615 2966 1735 3013 (Vat.)
1786 2965 1910 3000 Statim

329 3025 514 3068 κοσμῆσεις
533 3027 574 3058 Α.

1929 1075 2018 1109 10

1929 1891 1980 1917 20

1931 2430 1979 2470 25
