2021 3434
283 178 367 217 244
666 178 713 218 B.
758 176 1032 217 CYRILLI
1074 177 1452 218 ALEXANDR.
1659 177 1850 231 xii.3,4.

283 289 472 348 μᾶλλον
507 284 555 334 δὲ
589 287 664 335 καὶ
701 284 793 352 πρὸ
825 287 999 349 ὠδῖνος,
1025 291 1237 352 πειρᾶται
1263 288 1478 338 δεικνύειν
1502 285 1577 336 διὰ
1607 290 1689 335 τοῦ
1715 307 1848 352 πτερ-

285 367 398 416 νίσοιι
432 367 497 416 τὸν
534 363 730 435 ἀδελφέν
769 368 805 418 ἐν
839 373 887 441 τῇ
927 369 1091 438 κοιλία.
1142 372 1178 418 εἰ
1215 367 1309 434 γὰρ
1347 369 1422 419 καὶ
1460 367 1584 420 θείας
1622 364 1855 428 δυνάμεως

283 446 509 513 ἐνέργημα
548 446 601 497 τὸ
642 447 877 514 δρώμενον
917 446 989 512 ἦν’
1043 449 1097 499 οὐ
1138 449 1229 515 γάρ
1267 472 1359 501 που
1400 448 1453 500 τὸ
1496 448 1674 516 βρέφος
1714 445 1768 497 τὸ
1810 448 1858 496 ἐν

283 527 470 597 ἐμβρύῳ
511 530 585 579 καί
627 528 781 598 μήτρα
820 532 1044 600 πτερνίσοιι
1084 529 1239 598 φαμὲν
1273 530 1329 599 ἐξ
1364 531 1526 582 ἑαυτοῦ
1565 527 1647 580 τὸν
1679 529 1855 578 Ἡσαῦ·

284 610 393 659 ἀλλ’
441 610 521 660 οὖν
564 610 682 661 κατὰ
724 610 998 677 πρόγνωσιν
1039 614 1100 665 ὡς
1147 613 1353 682 ἐσομένῳ
1396 613 1605 681 χρηστῷ,
1648 609 1733 673 τὴν
1776 615 1899 673 τοῦ5

283 690 531 757 γεγονότος
581 691 875 760 κατόρθωσιν
936 694 1119 744 ἐνετίθει
1169 693 1303 748 Θεός.
1376 696 1497 745 οὕτω
1549 695 1623 744 καὶ
1677 692 1858 760 ε”φασκε

66 777 146 858 ὲῗᾶῗ
165 776 225 857 ΞΑ·
247 779 313 810 a“
338 772 437 824 Τὸν
460 773 633 834 Ἰακὼβ
663 774 904 841 ἠγάπησα,
935 774 1017 826 τὸν
1051 774 1099 825 δὲ
1123 777 1287 826 ιΗσαῦ
1322 774 1574 840 ἐμίσησα.”
1637 779 1774 825 τοῦτο
1809 772 1858 825 δὲ

68 881 97 911 2,
117 851 149 910 3.·
179 850 186 857 “
284 853 342 918 ἦν
381 855 478 906 κατ’
520 856 723 922 ἐκλογὴν
761 857 963 924 χάριτος,
1008 857 1229 918 ἑλομένου
1273 860 1396 908 Θεοῦ
1437 856 1519 908 τὸν
1562 856 1730 919 ἀμείνω
1763 878 1855 907 που

285 936 471 991 πάντως
505 938 741 1001 ἐσόμενον,
773 940 833 992 ὡς
866 940 914 989 ἐν
947 938 1213 1004 προγνώσει
1250 937 1306 1003 δὴ
1344 937 1504 990 πάλιν,
1563 936 1693 988 ἀλλὰ
1724 940 1857 988 ταυτὶ

284 1018 369 1082 μὲν
412 1022 460 1070 ἐν
501 1019 670 1088 μήτρᾳ.
737 1021 890 1085 ἐπειδὴ
935 1020 983 1072 δὲ
1023 1023 1258 1085 προῆλθεν
1298 1024 1360 1074 εἰς
1404 1020 1540 1085 ἥβην,
1580 1023 1770 1083 μᾶλλον
1810 1018 1859 1070 δὲ
1887 1043 1934 1068 10
1994 1035 1997 1082 ‘2

285 1103 361 1152 καί
394 1104 440 1153 ἐν
467 1102 694 1168 ἀνδράσιν
720 1103 863 1154 ἐτέλει
889 1103 1069 1165 λοιπὸν,
1095 1106 1165 1154 Ἐν
1192 1104 1346 1158 κόποις
1373 1104 1504 1154 αὐτοῦ
1529 1103 1729 1164 ἑνίσχυσε
1754 1101 1858 1171 πρὶς
1994 1095 1997 1121 ³

286 1184 404 1236 Θεόν.
468 1188 591 1236 Θεοῦ
634 1183 727 1252 γὰρ
776 1185 1040 1249 πέμποντος
1089 1188 1385 1249 οἰκονομικῶς
1434 1189 1494 1238 εἰς
1545 1187 1739 1250 ἱδρῶτας
1782 1186 1858 1235 καὶ

283 1264 465 1328 πόνους,
505 1268 586 1318 οὐκ
623 1267 872 1331 ἠσθένησε,
916 1268 1079 1336 φησίν.
1155 1266 1182 1332 ἦ
1221 1267 1314 1332 γὰρ
1358 1268 1445 1335 οὐχ
1488 1265 1637 1333 ἱδρὼς,
1675 1264 1730 1316 τὸ
1773 1268 1857 1329 τῆς

283 1347 504 1417 πατρῴας
535 1348 618 1413 μὲν
651 1350 861 1416 ἀπαίρειν
898 1348 1069 1412 ἑστίας,
1101 1351 1397 1418 ἀφικνεῖσθαι
1435 1348 1482 1400 δὲ
1519 1347 1636 1415 πρὸς
1667 1348 1854 1409 Λάβαν,

286 1431 361 1480 καὶ
399 1430 694 1498 ἀνασχέσθαι
739 1431 933 1495 θητείας,
979 1433 1053 1482 καὶ
1085 1430 1190 1485 τοὺς
1228 1433 1302 1482 ἐπὶ
1341 1435 1407 1500 τῷ
1444 1431 1701 1494 ποιμαίνειν
1738 1432 1851 1481 ἀνα·
1885 1451 1931 1489 15
1994 1474 1996 1486 ‚

243 1514 452 1576 ὒτλῆναι
487 1513 685 1575 πόνους,
726 1515 801 1564 καὶ
834 1517 933 1567 πῶς
973 1511 1002 1577 ἢ
1036 1514 1124 1564 τίνι
1163 1519 1300 1564 τοῦτο
1343 1514 1649 1580 ἀμφίβολον;
1693 1513 1858 1564 οὐκοῦν

285 1595 323 1645 ἐν
360 1595 502 1650 πόνοις
542 1596 742 1658 ἐνίσχυσε
777 1593 881 1665 πρίις
916 1597 1034 1647 Θεόν.
1098 1596 1185 1662 οὐχ
1223 1597 1283 1648 ὡς
1318 1597 1425 1664 Θεῷ
1457 1594 1730 1662 μαχόμενος,
1763 1596 1852 1646 ὑπ-

284 1675 464 1728 ακούων
501 1676 549 1728 δὲ
585 1681 788 1741 μᾶλλον,
815 1679 891 1728 καί
929 1679 1062 1728 οἱονεὶ
1100 1676 1479 1743 περιγιγνόμενος
1504 1676 1579 1728 διὰ
1617 1682 1698 1727 τοῦ
1725 1683 1855 1740 πλη-

283 1764 395 1824 ροῦν
444 1758 503 1810 τὰ
545 1758 898 1823 κεκελευσμένα,
963 1760 1070 1828 ἐξὸν
1113 1758 1205 1826 γὰρ
1246 1761 1460 1826 ἀνιδρωτὶ
1506 1763 1738 1821 πλουτεῖν,
1783 1760 1859 1829 καὶ

285 1841 517 1907 εὐημερεῖν
550 1841 664 1892 οἴκοι
699 1841 897 1905 μένοντα
931 1841 1014 1893 τὸν
1045 1841 1230 1905 Ἰακὼβ,
1270 1843 1353 1892 οὐκ
1391 1840 1696 1907 ἀγύμναστον
1733 1839 1858 1908 ἠφίει
1885 1867 1932 1892 20
1993 1835 1996 1876 Ῐ

287 1921 422 1976 Θεός·
462 1924 535 1974 ἐπὶ
569 1923 810 1990 προφάσει
844 1923 892 1975 δὲ
925 1928 1115 1988 μᾶλλον
1142 1928 1236 1975 τῶν
1270 1923 1326 1992 ἐξ
1346 1924 1511 1974 ‘Hoafi
1536 1921 1763 1985 δειμάτων
1788 1923 1856 1974 ἐπ’
1994 1916 1995 1925 ¹

286 2004 566 2070 ἀλλοδαπὴν
594 2005 722 2057 ἰόντα
755 2006 913 2074 χώραν
943 2029 993 2057 τε
1027 2008 1103 2058 καὶ
1134 2006 1290 2069 πόλιν,
1318 2005 1572 2056 δύσοιστον
1598 2007 1861 2071 ὑπενεγκεῖν

286 2089 597 2156 παρεσκεύαζε
631 2090 790 2154 πόνον,
813 2091 889 2141 ἵνα
923 2092 999 2141 καὶ
1032 2092 1079 2142 ἐν
1117 2091 1274 2143 αὐταῖς
1311 2094 1409 2143 ταῖς
1449 2089 1650 2159 θλίψεσι
1683 2092 1766 2154 τῆς
1800 2093 1861 2143 εἰς

288 2171 412 2223 Θεὸν
455 2170 640 2238 ἀγάπης
690 2172 949 2239 τετηρηκὼς
993 2172 1046 2224 τὸ
1087 2171 1301 2238 γνήσιον,
1339 2169 1524 2224 εἰκότως
1567 2170 1859 2237 θαυμάζοιτο.

251 2277 272 2303 o
289 2254 452 2305 οὐκοῦν
477 2255 694 2318 ἐνίσχυσεν
730 2256 767 2307 ἐν
802 2256 942 2310 πόνοις
968 2256 1096 2306 αὐτοῦ
1121 2253 1227 2324 προς
1253 2253 1318 2305 τὶν
1344 2254 1461 2306 Θεόν.
1525 2255 1634 2303 ἀλλ’
1663 2255 1861 2316 ἑνίσχυσε
1888 2274 1935 2312 25
1992 2273 1995 2314 g

70 2357 156 2407 Gen..-
289 2338 365 2387 καὶ
398 2335 516 2404 μετὰ
552 2338 756 2403 ἀγγέλου
790 2341 912 2405 φησί
953 2343 1028 2389 καὶ
1065 2333 1286 2398 ἠδυνάσθη.
1353 2334 1613 2387 πεπάλαικε
1646 2334 1738 2402 γὰρ
1770 2335 1858 2401 ἆγ-

68 2411 218 2485 ζςῑὲἰηη
288 2427 428 2484 γελος
464 2418 581 2486 πρὸς
611 2417 751 2470 αὐτὸν
785 2421 846 2473 ὡς
882 2420 931 2469 ἐν
965 2418 1068 2470 ε’ίδει
1105 2422 1245 2469 Θεοῦ.
1311 2416 1414 2469 τότε
1448 2419 1522 2468 καὶ
1549 2415 1803 2484 ἐνάρκησεν
1835 2417 1860 2467 ὁ

288 2501 434 2569 μηρὸς
477 2504 630 2555 αὐτοῦ.
706 2502 834 2568 πλὴν
884 2504 909 2553 ὁ
959 2502 1210 2557 θεσπέσιος
1248 2501 1422 2564 Ἰακὼβ
1463 2502 1696 2566 πλείστην
1741 2500 1862 2565 ὅσην

71 2601 120 2630 Ib-
141 2609 191 2639 30-
290 2583 520 2651 ὡμολόγει
556 2590 615 2654 τῇ
649 2584 781 2654 πάλῃ
816 2584 901 2650 τὴν
931 2584 1084 2653 χάριν.
1151 2585 1242 2654 ἔφη
1279 2583 1373 2651 γάρ
1403 2582 1557 2635 ““Orc
1591 2581 1712 2634 εἶδον
1739 2581 1863 2634 Θεὸν

290 2672 317 2694 “
342 2666 602 2733 πρόσωπον
626 2667 743 2735 πρὸς
767 2666 1039 2734 πρόσωπον,
1066 2669 1141 2718 καὶ
1167 2666 1323 2731 ἐσώθη
1349 2689 1439 2731 μου
1464 2666 1492 2730 ἡ
1518 2664 1699 2735 ψυχή.”
1888 2683 1937 2718 30
1990 2687 1993 2709 ¹

339 2831 371 2865 6.
398 2831 497 2866 ἐτίθει
516 2833 561 2867 D.
866 2834 897 2868 8.
923 2832 1082 2878 ἐκλογὴν]
1102 2837 1138 2873 4-
1152 2834 1210 2876 τῆς
1228 2833 1274 2867 D.
1575 2843 1628 2866 11.
1653 2831 1706 2865 καὶ
1723 2843 1792 2865 om.
1812 2830 1859 2865 D.

297 2888 349 2921 13.
376 2878 497 2921 ἱδρῶτα
515 2879 561 2913 D.
789 2890 840 2922 15.
866 2882 912 2926 τῷ
932 2880 1025 2914 Β.Ι).
1043 2881 1081 2913 τὸ
1100 2879 1192 2913 Edd.
1408 2879 1460 2914 16.
1487 2879 1540 2913 καὶ
1557 2882 1627 2914 πῶς
1643 2877 1661 2922 ἢ
1679 2878 1743 2913 τίνι
1759 2880 1859 2912 τοῦτο

293 2931 509 2958 accesserunt
525 2937 565 2958 ex
585 2926 631 2960 D.
908 2927 958 2960 18.
984 2928 1232 2972 περιγινόμενος
1250 2926 1295 2959 D.
1568 2935 1622 2968 25.
1648 2926 1705 2960 τὸν
1721 2936 1790 2959 0111.
1810 2924 1857 2958 D.

295 2970 348 3004 26.
375 2970 535 3015 ἅγγελος]
555 2973 700 3017 ἄγγελον
718 2972 806 3016 (Sic)
826 2973 871 3008 D.
