2021 3434
76 634 97 671 5

49 1050 98 1073 10

48 1870 97 1894 20

121 177 162 218 ii.
187 179 252 230 28,
277 193 341 235 29.
562 157 947 223 IN'JOELEM.
1007 182 1154 223 TOM.
1195 181 1254 222 II.
1599 180 1680 221 337

119 290 385 358 ἐλέγχοντα,
412 293 482 342 ὅτι
507 290 629 346 οἶκος
654 293 1033 360 παραπικραίνων
1059 292 1231 343 ἐστίν.”
1291 287 1445 353 ἐπειδὴ
1470 286 1534 346 δὲ,
1563 287 1682 338 κατὰ

117 370 202 436 τὴν
245 378 327 424 τοῦ
376 372 654 442 ψάλλοντος
697 373 858 443 φωνήν
901 381 927 404 “
943 372 1064 428 Θεὸς
1110 372 1298 439 Κύριος,
1339 373 1414 421 καὶ
1455 369 1682 439 ἐπέφανεν

117 460 145 483 “
170 454 320 517 ἦμῖν·”
347 456 593 525 ἐπέλαμψε
615 455 708 522 γὰρ
733 457 841 520 ἡμῖν
868 457 892 506 ὁ
915 455 1084 522 Κύριος
1108 456 1238 519 ἡμῶν
1253 455 1437 518 Ἰησοῦς
1456 450 1682 519 Χριστὸς,

117 537 252 590 ἀνιεὶς
288 536 560 603 ἐγκλήματα
593 539 669 589 καὶ
703 537 1022 589 ἀπαλλάττων
1065 535 1359 600 αἰτιαμάτων,
1398 536 1473 586 καὶ
1509 533 1563 585 τὸ
1601 536 1684 598 τῆς

118 619 341 684 ἁμαρτίας
379 618 657 688 ἐμφράττων
700 619 870 684 στόμα·
910 619 1088 670 δέδοται
1127 616 1295 670 λοιπὸν
1332 618 1360 681 ἡ
1398 622 1480 667 τοῦ
1519 617 1684 681 Ἀγίου

118 699 391 763 Πνεύματος
440 702 591 769 χύσις,
641 705 764 753 Θεοῦ
814 702 1228 770 κατευφραίνοντος
1288 698 1375 764 τὴν
1436 697 1684 764 ἀνθρώπου

117 781 277 849 φύσιν,
303 784 378 833 καὶ
414 787 471 851 τῇ
510 782 684 834 ἄνωθέν
719 806 768 833 τε
806 785 879 833 καὶ
911 784 958 833 ἐν
988 784 1151 849 ἀρχαῖς
1185 786 1531 849 στεφανοῦντος
1555 780 1683 848 δόξῃ,

116 864 191 913 καὶ
233 867 295 917 εἰς
335 865 476 914 ἐκεῖνο
516 863 661 915 πάλιν
702 862 848 929 αὐτὴν
891 862 1169 932 φιλαγάθως
1211 860 1578 927 ἀνακομίᾷὶντος,
1622 866 1683 915 εἷς

117 944 230 1011 ὅπερ
255 943 312 1009 ἦν
337 946 385 996 ἐν
409 946 587 1013 ἀρχαῖς,
615 946 743 996 οὕπω
768 948 850 1009 τῆς
875 945 1099 1012 ἁμαρτίας
1124 942 1477 1010 εἰσκεκριμένης.

190 1027 265 1077 Οὐ
301 1026 394 1094 γὰρ
436 1027 605 1094 ἔρημον
642 1026 754 1078 ὅντα
797 1032 1089 1095 προφητικοῦ
1130 1026 1389 1089 πνεύματος
1427 1024 1685 1091 εὑρήσομεν

115 1107 197 1160 τὸν
211 1108 367 1174 Ἀδὰμ
391 1111 520 1161 οὔπω
554 1108 641 1174 τὴν
667 1109 792 1160 θείαν
818 1108 1013 1174 ἐντολὴν
1037 1108 1414 1175 παραβεβηκότα·
1447 1106 1684 1172 βεβηκότα

116 1189 164 1241 δὲ
187 1189 349 1258 ὥσπερ
375 1195 450 1242 καὶ
473 1190 793 1257 ἐρηρεισμένον
817 1191 897 1254 ἔτι,
927 1193 1000 1241 καὶ
1030 1196 1123 1244 τοῖς
1158 1194 1240 1254 τῆς
1272 1190 1461 1258 φύσεως
1490 1190 1684 1255 ἀγαθοῖς

115 1273 422 1340 ἐμπρέποντα.
485 1276 559 1324 καὶ
602 1279 718 1339 γοῦν
758 1273 832 1325 ὅτε
882 1272 969 1338 τὴν
1012 1278 1207 1338 γυναῖκα
1245 1271 1366 1327 Θεὸς
1402 1279 1678 1337 πλαστουρ-

115 1353 269 1421 γήσας
302 1356 450 1422 ἤγαγε
482 1355 600 1423 πρὸς
634 1354 789 1414 αὐτὸν,
819 1357 964 1406 καίτοι
995 1356 1063 1409 τίς
1099 1378 1150 1406 τε
1187 1358 1261 1406 καὶ
1291 1354 1433 1406 πόθεν
1471 1354 1552 1418 εἴη,
1581 1356 1684 1405 τίνα

117 1459 166 1487 τε
203 1436 350 1506 ἀνέφυ
387 1436 560 1505 τρόπον
609 1437 816 1491 ἀκούσας
854 1435 1049 1500 οὐδενὸς,
1075 1436 1205 1490 εὐθὺς
1238 1437 1462 1505 ἐπεφώνει
1486 1443 1513 1466 “
1529 1440 1684 1488 Τοῦτο

118 1526 144 1548 “
171 1525 252 1570 νῦν
289 1520 462 1571 ὀστοῦν
498 1521 548 1570 ἐκ
584 1524 678 1570 τῶν
706 1521 862 1571 ὀστῶν
896 1542 1002 1583 μου,
1037 1521 1112 1570 καὶ
1146 1518 1278 1588 σὰρξ
1307 1520 1356 1570 ἐκ
1388 1522 1470 1582 τῆς
1507 1518 1684 1585 σαρκός

117 1609 144 1630 “
168 1619 270 1664 μου·
328 1603 444 1666 αὕτη
496 1602 784 1667 κληθήσεται
827 1601 986 1668 γυνὴ,”
1026 1601 1127 1665 ἠτοι
1166 1601 1284 1652 κατὰ
1327 1601 1414 1667 τὴν
1448 1602 1684 1667 “Εβραι’ων

551 1684 620 1714 ςι“

116 1683 302 1735 ε”κδοσιν
338 1686 510 1751 ἀνδρῖς,
596 1707 666 1735 οτι
702 1685 752 1735 ἐκ
785 1690 867 1735 τοῦ
905 1683 1070 1751 ἀνδρος
1109 1684 1248 1748 αὐτῆς
1286 1683 1520 1750 ἐλήφθη.”
1572 1685 1672 1735 ἀλλ

116 1765 297 1832 ἠργησε
337 1765 420 1827 μὲν
456 1767 484 1831 ἡ
525 1767 756 1837 ἀνθρώπῳ
791 1769 981 1818 δοθεῖσα
1017 1765 1163 1834 χάρις,
1202 1767 1498 1830 ἀνεκαινίσθη
1535 1765 1685 1832 γεμὴν

116 1848 164 1898 ἐν
204 1851 416 1919 Χριστῶ,
458 1849 508 1903 ός
547 1851 648 1900 ἐστι
687 1848 894 1915 δευτερος
931 1848 1097 1912 Ἀδάμ.
1160 1849 1458 1913 ἀνεκαινίσθη
1496 1848 1545 1899 δε
1582 1850 1684 1900 τίνα

115 1928 319 1997 τρόπον;
357 1929 387 1999 ᾑ
423 1930 506 1994 μὲν
537 1930 629 1997 γάρ
664 1933 765 1982 ἐστι
800 1930 920 1985 Θεὸς
958 1954 1032 1982 και
1069 1933 1118 1982 ἐκ
1157 1934 1283 1982 Θεοῦ
1321 1930 1440 1982 κατὰ
1477 1931 1624 2000 φύσιν
1659 1932 1684 1981 ὁ

117 2012 223 2067 υἱός
262 2035 530 2079 γεγεννηται
573 2013 666 2080 γὰρ
715 2015 904 2078 ἀληθῶς
947 2015 996 2064 ἐκ
1046 2019 1128 2064 τοῦ
1173 2017 1297 2064 Θεοῦ
1354 2015 1429 2064 καὶ
1473 2012 1678 2079 Πατρός·

115 2094 231 2146 ἴδιον
267 2096 407 2146 αὐτοῦ
441 2098 515 2147 καὶ
549 2097 597 2146 ἐν
635 2096 758 2166 αὐτῷ
789 2119 838 2146 τε
872 2098 946 2146 καὶ
985 2095 1042 2164 ἐξ
1069 2097 1207 2147 αὑτοῦ
1245 2093 1299 2146 τὸ
1335 2093 1530 2158 Πνεῦμά
1563 2096 1682 2154 ἐστι,

165 2225 196 2249 2.
221 2216 281 2248 τοῦ
297 2215 494 2260 ψάλλοντος
511 2220 590 2259 post
606 2214 721 2260 φωνὴν
737 2219 868 2259 transp.
887 2213 980 2248 Edd.
1229 2225 1261 2259 3.
1286 2214 1363 2258 ὑμῖν
1379 2213 1437 2248 iid.
1487 2213 1682 2260 ἐπέλαμψε]

117 2260 265 2306 ἐπέφανε
281 2261 341 2296 iid.
393 2261 488 2295 Haec
507 2261 628 2306 Κύριος
645 2261 736 2305 ἡμῶν
750 2261 883 2305 Ἰησοῦς
899 2267 1079 2306 assumpta
1095 2273 1136 2295 ex
1155 2261 1197 2295 B.
1452 2272 1485 2303 4.
1514 2260 1609 2294 Haec
1633 2263 1685 2295 καὶ

117 2308 342 2342 ἀπαλλάττων
359 2308 558 2351 αἶτιαμάτων
575 2314 794 2342 accesserunt
811 2320 851 2341 ex
871 2308 913 2342 Β.
1110 2319 1143 2350 5.
1169 2307 1269 2353 χύσις
1285 2309 1344 2342 τοῦ
1359 2306 1475 2352 “Αγίου
1492 2307 1686 2352 Πνεὺματος

117 2355 255 2389 inverso
272 2355 392 2389 ordine
410 2355 500 2389 Edd.
706 2355 739 2389 6.
765 2358 830 2389 τῶν
846 2354 1028 2400 ἀνθρώπων
1044 2366 1107 2399 pro
1123 2354 1299 2399 ἀνθρωπου
1316 2353 1374 2388 iid.
1593 2362 1624 2399 7.
1649 2369 1686 2388 τε

118 2407 338 2446 assumptum
355 2414 396 2436 ex
415 2402 457 2436 Β.
506 2401 593 2446 ἆρχῇ
615 2401 706 2437 Edd.
1048 2413 1081 2444 9.
1107 2401 1188 2445 ὅπερ
1206 2400 1245 2444 ἦν
1262 2416 1296 2434 εν
1312 2399 1481 2445 ἀρχαις]
1467 2416 1484 2434 ο
1501 2401 1609 2446 προῆν
1625 2401 1684 2436 iid.

122 2460 175 2482 10.
201 2448 279 2483 όντα
296 2455 515 2493 assumptum
533 2461 574 2482 ex
593 2448 634 2482 Β.
789 2459 842 2482 ΙΙ.
866 2446 1052 2492 βεβηκότα]
1072 2449 1245 2493 πεπηγότα
1263 2447 1686 2483 Edd.12.Haee

118 2496 171 2528 καὶ
189 2495 423 2540 ἐρηρεισμένον
439 2500 657 2529 accesserunt
674 2506 715 2528 ex
734 2494 776 2528 B.
824 2494 978 2540 ἀγαθοῖς]
996 2496 1160 2539 χρηστοῖς
1177 2494 1269 2528 Edd.
1478 2505 1530 2538 13.
1556 2495 1684 2529 πλαστ.

119 2543 137 2575 ὁ
155 2543 239 2577 Θεὸς
255 2554 318 2586 pro
336 2543 419 2577 Θεὸς
436 2541 723 2598 πλαστουργὴσας
738 2540 796 2575 iid.
989 2552 1042 2583 14.
1067 2541 1117 2576 τίς
1133 2555 1169 2574 τε
1185 2541 1238 2574 καὶ
1254 2540 1358 2575 πόθεν
1374 2539 1621 2587 εἵη-οὐδενὸς]
1640 2541 1684 2586 μή

118 2588 256 2622 ποθεν
237 2587 384 2624 ambo-as
399 2588 449 2624 τίς
464 2603 501 2621 τε
519 2586 566 2631 είη
584 2589 636 2621 καὶ
654 2602 727 2621 τινα
743 2589 869 2631 τρόπον
881 2587 988 2630 ἀνέφυ
1005 2587 1065 2621 iid.
1327 2587 1379 2621 16.
1405 2589 1458 2622 καὶ
1474 2599 1537 2632 pro
1554 2590 1612 2622 νῦν
1628 2588 1685 2622 iid.

123 2644 175 2678 17.
200 2634 403 2678 κληθήσεται
419 2635 501 2680 γυνὴ
519 2634 584 2668 hoe
602 2634 722 2668 ordine
740 2634 782 2668 B.
829 2633 992 2678 Ἕβραὶδα
1009 2634 1125 2678 φωνὴν
1141 2645 1204 2679 pro
1220 2634 1279 2678 τὴν
1291 2633 1457 2678 Ἑβραίων
1473 2635 1609 2669 ἔκδοσιν
1625 2635 1686 2670 iid.

124 2682 176 2715 18.
203 2681 302 2725 ava-²⁸75
319 2687 537 2725 assumptum
557 2693 596 2713 ex
617 2681 659 2715 B.
772 2692 825 2726 19.
850 2679 970 2726 γεμὴν]
991 2681 1026 2713 δε
1045 2680 1135 2714 Edd.
1233 2692 1287 2714 20.
1307 2682 1359 2715 καὶ
1376 2688 1454 2726 post
1472 2682 1508 2716 ὃς
1524 2681 1604 2716 add.
1623 2682 1682 2716 iid.

122 2739 176 2761 21.
205 2728 287 2761 κατὰ
310 2727 418 2771 φύσιν
442 2729 460 2760 ὁ
482 2725 568 2771 υἱὸς]
598 2727 694 2761 Haec
719 2738 738 2760 a
763 2727 806 2761 B.
833 2727 961 2761 omissa
985 2727 1203 2779 reperiuntur
1227 2739 1337 2772 quum
1362 2728 1398 2762 in
1423 2728 1528 2768 Edd.,
1549 2734 1625 2763 tum
1650 2729 1685 2763 in

122 2773 235 2808 Codd.
248 2773 399 2815 duobus,
409 2773 550 2819 χρήσεις
562 2773 831 2813 continentibus,
844 2785 967 2818 nempe
982 2773 1091 2807 Plute1
1105 2785 1148 2807 v1
1163 2785 1215 2814 12,
1227 2782 1259 2807 et
1271 2775 1401 2809 lxxxxi
1413 2776 1446 2816 8,
1462 2775 1686 2810 Bibliotheca?

122 2821 362 2854 Laurentianae
388 2800 538 2865 inclytae.
589 2819 643 2853 Cf.
667 2832 804 2866 quoque
829 2820 977 2865 Niceph.
997 2820 1182 2854 Blemmid.
1202 2827 1234 2854 et
1254 2822 1367 2855 alios
1360 2834 1395 2855 in
1420 2822 1544 2856 Leonis
1570 2823 1686 2856 Ailatii

123 2868 286 2902 Graeciae
304 2867 539 2901 orthodoxiae
559 2866 698 2911 Scriptt.
857 2878 910 2901 22.
936 2866 1144 2912 γεγέννηται]
1166 2867 1221 2901 Sic
1240 2869 1371 2902 conexi
1388 2881 1429 2902 ex
1449 2868 1561 2903 Codd.
1580 2869 1685 2904 Laur.

121 2914 295 2958 γεγένηται
316 2913 406 2947 Edd.
455 2914 587 2957 ἀληθῶς
609 2918 830 2957 assumptum
855 2926 896 2947 ex
927 2913 1497 2958 B.Niceph.ss1e1nm.Joan.V
1500 2927 1600 2950 eccus
1624 2916 1686 2974 ²ubi

123 2973 238 3005 sup1a.
286 2962 345 2994 τοῦ
370 2967 589 3005 assumptum
606 2971 646 2993 ex
668 2960 707 2993 B.
728 2959 815 2994 Cod.
836 2960 938 2994 Laur.
957 2961 1087 2995 lxxxvi.
1082 2926 1137 2994 p.8
1281 2973 1334 3006 23.
1361 2962 1461 2997 αὐτοῦ
1479 2963 1531 2996 καὶ
1548 2963 1583 2998 ἐν
1596 2963 1684 3010 αὐτῷ

124 3022 156 3041 τε
178 3008 219 3040 B.
237 3007 339 3041 Joan.
355 3007 499 3041 Xeccus
518 3007 619 3041 αὐτοῦ
635 3021 671 3040 τε
688 3021 739 3040 και
758 3006 791 3040 ἐν
809 3007 895 3053 αυτῷ
916 3006 1028 3042 Codd.
1048 3007 1149 3042 Laur.
1170 3007 1246 3042 Nic.
1269 3008 1415 3044 Blemm.
1437 3009 1524 3045 Edd.

184 3067 324 3093 &011
878 3067 951 3093 XX

1742 381 1796 412 Ps.

1742 425 1835 456 cxvii.
1850 432 1886 464 27

1700 877 1721 903 O

1745 1440 1827 1471 Gen.
1846 1440 1879 1471 ii.

1747 1493 1796 1523 23.

1672 1685 1682 1700 ’
1703 1703 1724 1727 a
1751 1694 1835 1727 228
1852 1693 1903 1727 A.
