2021 3434
119 178 327 234 i.14,15.
575 181 649 223 IN
691 181 967 224 JOELEM.
1035 180 1184 223 TOM.
1222 181 1258 222 Ι.
1618 179 1701 219 307

116 286 188 351 ἦν,
220 287 360 354 οἶμαι,
391 293 466 342 καὶ
505 292 743 362 ἀνακόψαι
782 294 1001 345 θέλοντος
1038 291 1124 356 τὴν
1161 289 1320 358 ὀργὴν,
1354 291 1430 341 καὶ
1466 289 1699 358 ἀφανίσαι

115 369 170 422 τὸ
195 378 392 437 λυποῦν,
419 376 494 425 καὶ
528 379 820 441 περιστεῖλαι
854 373 908 426 τὸ
945 374 1178 436 βλάπτον,
1203 373 1441 425 ἐπιδοῦναί
1468 394 1518 423 τε
1551 370 1737 422 πάλινε

114 456 270 510 αὐτοῖς
294 457 348 508 τὸ
373 459 620 525 εὐημερεῖν,
646 461 720 510 καὶ
747 461 1010 526 διαχεῖσθαι
1036 464 1132 512 τοῖς
1157 461 1363 524 ἀγαθοῖς.
1427 458 1518 525 ε”φη
1545 457 1700 506 τοίνυν

115 536 201 601 ὅτι,
227 540 458 606 ἁγιάσατε
484 544 686 603 νηστείαν,
713 542 967 604 τουτέστιν,
996 544 1057 595 ὡς
1089 543 1136 591 ἐν
1167 539 1465 603 ἀναθήματος
1491 542 1700 590 ποιεῖσθε

73 621 260 690 5τάξει,
298 625 373 673 καὶ
412 625 473 677 ὡς
512 625 560 673 ἐν
593 625 760 677 θυσίας
797 623 956 692 τρόπῳ
996 623 1080 687 τὴν
1118 621 1360 688 πάναγνον
1398 624 1587 686 άληθῶς
1624 622 1699 671 καὶ

114 703 369 767 ἀμώμητον
401 706 633 769 νηστείαν.
697 706 750 755 οὐ
781 704 874 770 γὰρ
909 703 965 768 δὴ
1000 705 1227 770 προσήκει
1258 709 1358 757 ταῖς
1388 703 1472 767 μὲν
1498 702 1699 755 ἀσιτίαις

113 785 458 850 κατατήκεσθαι
492 787 545 837 τὸ
576 788 786 854 σαρκίον,
814 790 929 853 δρᾶν
963 786 1011 837 δὲ
1050 787 1107 850 δὴ
1142 785 1306 840 αὐτοὺς
1337 783 1697 849 νενηστευκότας

113 866 172 918 τὰ
197 869 271 936 ἐφ’
300 867 368 922 οἷς
404 868 461 919 ἂν
487 868 670 922 εἰκότως
696 868 1035 934 παροτρύνοιτο
1059 867 1196 921 Θεός.
1262 871 1299 918 εἰ
1324 867 1416 934 γὰρ
1440 866 1700 930 μέλλοιμεν

113 950 160 1000 ἐν
188 954 333 1020 καιρῷ
372 951 587 1015 νηστειάς
621 955 715 1001 τῶν
751 952 878 1002 ἰδίων
913 951 996 1001 οὐκ
1035 950 1366 1001 ἀποπαύεσθαι
1405 948 1699 1013 θελημοίτων,

47 1056 96 1083 10
114 1031 383 1083 ὑπονύττειν
420 1033 467 1083 δὲ
506 1032 612 1086 τούς
652 1032 941 1100 ὑποχειρίους
975 1036 1103 1086 “Eis
1143 1032 1298 1098 κρίσιν
1336 1055 1385 1083 τε
1424 1032 1499 1082 καὶ
1531 1030 1698 1098 μάχας,
1760 1035 1815 1116 {1⁴3
1837 1035 1915 1065 lviii.

114 1119 141 1141 ‘⁶
163 1112 350 1164 τύπτειν
375 1137 425 1165 τε
450 1119 656 1180 πυγμαῖς
683 1113 928 1165 ταπεινὸν”
957 1113 1077 1164 κατὰ
1111 1112 1164 1165 τὸ
1199 1113 1539 1180 γεγραμμένον,
1570 1115 1698 1164 οὔπω
1717 1137 1738 1160 a
1770 1128 1851 1161 210
1870 1127 1916 1160 A.

116 1196 483 1261 νενηστεύκαμεν
532 1198 675 1263 ἁγίως
724 1220 774 1247 τε
823 1199 897 1247 καὶ
949 1201 1179 1262 καθαρῶς·
1238 1195 1397 1248 πόνων
1445 1196 1493 1246 δὲ
1538 1194 1700 1261 ζημίας

115 1277 429 1342 ὑπομενοῦμεν
454 1278 639 1333 εἰκότως
666 1283 791 1330 Θεοῦ
818 1277 1175 1345 διακεκραγότος
1203 1285 1229 1308 “
1250 1280 1375 1346 Οὐχὶ
1409 1278 1582 1341 ταύτην
1614 1278 1699 1342 τὴν
1759 1297 1810 1328 Π).
1832 1307 1860 1337 5-

114 1366 141 1388 “
165 1361 385 1423 νηστείαν
433 1360 524 1427 ἐγὼ
573 1360 864 1430 ἐξελεξάμην
917 1361 1044 1427 λέγει
1099 1360 1316 1428 Κύριος.”
1398 1363 1471 1411 δεῖ
1517 1360 1573 1425 δὴ
1618 1362 1699 1412 οῦν

48 1459 93 1498 15
112 1443 412 1510 ἀποσχέσθαι
459 1444 771 1512 φαυλότητος,
816 1441 1018 1495 ἕπεσθαί
1064 1467 1126 1506 τε,
1170 1445 1245 1494 καὶ
1293 1442 1427 1507 μάλα
1467 1448 1698 1506 νεανικῶς,

112 1528 206 1578 τοῖς
230 1531 312 1577 τοῦ
339 1527 589 1590 νομοθέτου
617 1525 866 1592 δόγμασιν,
886 1525 1227 1579 ἀπευθύνοντας
1251 1525 1337 1590 τὴν
1362 1527 1556 1592 καρδίαν
1579 1526 1698 1592 πρὸς

111 1614 206 1660 πᾶν
248 1611 400 1662 ὁτιοῦν
446 1615 541 1662 τῶν
591 1609 888 1677 ἀρεσκόντων
936 1611 1075 1678 αὐτῷ,
1125 1612 1199 1660 καὶ
1244 1608 1327 1659 τὸν
1369 1612 1450 1673 τῆς
1495 1611 1697 1662 διανοίας

1758 1692 1811 1722 Ps.
1827 1692 1917 1722 xxiv.

113 1692 431 1759 ὑποφέροντας
461 1693 647 1761 αὐχένα,
673 1691 957 1762 ψάλλοντάς
991 1715 1041 1743 τε
1075 1694 1152 1743 καὶ
1189 1692 1417 1757 λε’γοντας
1444 1688 1579 1741 “”Ιδε
1611 1691 1697 1755 τὴν
1762 1736 1809 1766 ¹8·

114 1781 142 1803 ‘⁴
165 1776 446 1827 ταπείνωσίν
483 1799 574 1839 μου
611 1777 686 1826 καὶ
720 1774 804 1827 τὸν
835 1775 981 1826 κόπον
1016 1797 1120 1838 μου,
1153 1777 1227 1825 καὶ
1263 1774 1380 1843 ἄφες
1414 1773 1575 1827 πάσας
1613 1773 1739 1827 τάςῑ)

46 1877 95 1901 20
113 1864 140 1886 “
167 1857 393 1923 ἁμαρτίας
431 1859 559 1921 μου·”
601 1859 677 1909 καὶ
724 1856 819 1923 μὴν
858 1856 978 1923 πρὸς
1023 1860 1141 1926 τῷδε
1186 1858 1368 1907 κάκεῖνο
1406 1855 1460 1907 τὸ
1504 1860 1693 1924 προφη-

201 1938 960 1969 ‘a<‘*01‘”²'‘
1117 1938 1138 1955 ε,
1262 1936 1383 1953 κη
1524 1938 1662 1953 ,,

112 1961 241 1990 τικον
329 1943 434 1991 Ιδου
467 1944 560 1992 οιδε
592 1964 720 2004 ημεις
755 1944 960 2004 εσομεθα
994 1963 1087 2002 σοι,
1115 1961 1184 1989 οτι
1215 1962 1280 1989 συ
1308 1943 1480 2004 Κυριος
1515 1962 1540 1988 ο
1576 1942 1698 1991 Θεος
1756 1942 1849 2016 {ish
1869 1953 1914 1973 ¹¹¹·

112 2027 141 2050 ‘⁶
162 2021 294 2085 ἡμῶν
332 2020 414 2073 εἶ.”
478 2022 786 2090 παράστασις
832 2022 925 2089 γὰρ
977 2023 1056 2087 ἥδε
1102 2019 1389 2084 πνευματικὴ
1429 2022 1505 2071 καὶ
1554 2022 1696 2071 θυσία

112 2103 293 2169 καθαρὰ
330 2107 405 2156 καὶ
443 2106 712 2157 ἀνδάνουσα
749 2109 816 2175 τῷ
851 2109 960 2174 Θεῷ
987 2111 1015 2133 “
1036 2102 1153 2170 ὑπὲρ
1188 2103 1377 2171 μόσχον
1411 2102 1552 2165 νέον,”
1583 2102 1696 2169 ὑπὲρ
1756 2116 1846 2190 IPS'ffl
1869 2169 1903 2183 η

110 2185 259 2249 ἀμνὸν
291 2189 340 2238 ἐκ
373 2189 614 2252 ποιμνίων,
648 2187 762 2254 ὑπὲρ
800 2187 963 2255 ε”ριφον
1000 2187 1056 2256 ἐξ
1091 2190 1251 2252 αἰγῶν,
1291 2185 1406 2251 ὑπὲρ
1445 2186 1696 2248 σεμίδαλιν
1770 2171 1916 2198 mum-.

45 2282 92 2320 25
111 2272 187 2320 καὶ
237 2269 515 2331 λιβανωτόν.
586 2275 916 2333 πνευματικαῖς
967 2268 1104 2336 ίίγιῗιρ
1153 2269 1337 2322 θυσίαις
1384 2269 1695 2334 εὐαρεστεῖται
1755 2259 1893 2334 {ffibffi

111 2357 138 2380 ‘⁶
166 2350 325 2406 Θεός.”
390 2353 652 2423 αγιάζοντες
694 2351 742 2403 δὲ
785 2351 870 2416 τὴν
917 2359 1120 2414 νηστείαν,
1169 2350 1408 2421 κηρόξωμεν
1451 2348 1691 2419 θεραπείαν,

110 2436 338 2498 τουτέστι,
376 2433 462 2498 τὴν
496 2439 590 2485 τῶν
623 2435 758 2486 θείων
793 2433 1071 2498 θελημάτων
1106 2432 1422 2499 ἐκπλήρωσιν,
1458 2430 1487 2499 ᾗ
1523 2431 1578 2496 δὴ
1620 2435 1693 2483 καὶ

158 2588 191 2617 4.
217 2575 268 2609 ὅτι
285 2582 507 2620 assumptum
525 2588 566 2610 ex
586 2575 628 2609 B.
889 2586 921 2617 5.
949 2574 1086 2620 θυσίας]
1106 2572 1281 2616 εὐσεβείας
1300 2574 1342 2608 Β.
1392 2573 1467 2619 τὴν]
1485 2578 1521 2615 -1-
1539 2575 1582 2610 ὡς
1600 2574 1692 2609 Edd.

110 2621 228 2656 invitis
258 2622 348 2656 B.b.
409 2623 533 2657 Statim
558 2623 692 2666 ἀληθῶς
714 2622 878 2667 πανάγιον
903 2634 965 2666 pro
989 2623 1158 2666 πάναγνον
1183 2621 1316 2665 ἀληθῶς
1340 2621 1431 2655 Edd.
1457 2622 1574 2655 invitis
1603 2622 1641 2655 B.
1657 2621 1691 2655 b.

114 2679 145 2713 7.
171 2668 210 2712 δὴ
228 2672 450 2713 assumptum
468 2681 510 2703 ex
530 2669 570 2702 B.
583 2669 618 2703 b.
776 2669 810 2702 8.
836 2669 971 2703 εἰκότως
988 2669 1131 2702 accessit
1149 2680 1189 2701 ex
1212 2668 1251 2701 B.
1415 2679 1467 2702 10.
1493 2667 1694 2703 ὑπονῦπτειν

112 2715 193 2758 (Sic)
213 2715 303 2748 Edd.
323 2722 402 2749 ante
421 2716 554 2759 Migne.
682 2726 695 2748 1
707 2726 735 2748 I.
761 2715 858 2760 γένος
875 2727 937 2759 pro
954 2714 1186 2759 γεγραμμένον
1201 2715 1260 2749 iid.
1387 2726 1439 2749 12.
1466 2715 1568 2760 ἁγίως
1585 2730 1620 2749 τε
1639 2718 1692 2750 καὶ

112 2760 280 2806 καθαρῶς]
300 2763 344 2797 ὣς
361 2762 409 2795 δεῖ
427 2762 490 2795 iid.-
645 2772 698 2806 13.
723 2760 931 2806 ὑπομένομεν
948 2761 1006 2795 lid.
1025 2768 1104 2795 ante
1123 2762 1256 2806 hligne.
1319 2762 1357 2795 οὐ
1374 2763 1438 2807 ’γὰρ
1457 2774 1520 2807 pro
1537 2763 1614 2808 οὐχὶ
1631 2763 1690 2797 iid.

116 2819 168 2849 14.
195 2808 261 2852 ἐγὼ
279 2820 349 2842 om.
370 2809 411 2842 B.
431 2808 556 2851 (AX.)
620 2810 713 2853 λέγει
732 2807 857 2853 Κύριος
873 2815 1053 2852 assumpta
1069 2821 1110 2841 ex
1130 2808 1171 2842 B.
1194 2808 1322 2852 (XII.)
1550 2810 1602 2843 16.
1628 2810 1692 2844 ἀπ-

111 2854 310 2890 ευθύνοντας
327 2855 386 2898 τὴν
403 2870 431 2888 κ.
451 2855 517 2888 hoc
535 2854 655 2889 ordine
676 2855 717 2889 Β.
1057 2866 1112 2889 20.
1138 2870 1201 2898 μου
1220 2862 1440 2900 assumptum
1460 2867 1501 2889 ex
1518 2855 1561 2890 B.
1609 2856 1690 2901 μὴν]

111 2901 173 2944 μὲν
196 2901 287 2935 Edd.
314 2908 392 2935 ante
420 2902 552 2945 Migne.
792 2913 845 2935 22.
876 2901 970 2935 Haec
994 2901 1096 2937 θυσία
1119 2903 1245 2946 καθαρὰ
1270 2903 1323 2935 καὶ
1342 2909 1564 2937 accesserunt
1588 2916 1629 2937 ex
1648 2904 1691 2937 Β.

113 2948 284 2992 23—308.
304 2959 336 2992 3.
361 2947 445 2992 ὑπὲρ
467 2950 601 2993 μόσχον
618 2947 862 2994 νέον--λόγους
880 2961 948 2982 om.
970 2949 1011 2981 B.
1232 2949 1287 2989 26,
1307 2959 1361 2994 27.
1390 2949 1486 2983 Haec
1503 2950 1694 2995 ἁγιάζοντες

112 2995 412 3039 δέ-ἐκπλὴρωοιν
431 2996 648 3040 reperiuntur
668 2997 701 3029 in
720 2996 752 3029 b.
973 2997 1027 3030 26.
1048 2995 1254 3041 κηρύξωμεν]
1276 2996 1437 3041 κηρύξατε
1456 2997 1491 3031 b.

852 3065 875 3091 R
900 3065 961 3091 1¹2
