2021 3434
297 208 380 247 484
684 207 733 246 B.
777 205 1056 245 CYRILLI
1096 205 1480 245 ALEXANDR.
1691 204 1745 244 vi.
1769 203 1864 255 4—6.

294 315 547 383 μόρφωσιν
581 314 628 366 δὲ
663 320 852 379 μᾶλλον
876 319 958 380 τῆς
993 316 1211 379 ἀληθείας
1244 314 1460 382 εἰσφέρει.
1523 313 1758 379 τοιγάρτοι
1792 315 1867 363 καὶ

295 400 319 448 ὁ
345 397 594 451 θεσπέσιος
617 401 811 450 Παῦλος
835 398 1103 449 ἐπιστέλλει
1122 402 1215 449 τοῖς
1240 396 1497 462 Ἑβραίοις,
1516 395 1596 446 καί
1617 399 1739 463 φησι
1763 396 1868 461 περὶ

77 483 162 513 Heb.
182 482 224 513 iv.
294 484 387 530 τῶν
413 479 724 546 ἀρχαιοτέρων
750 478 923 545 “”Αρα
960 479 1261 530 ἀπολείπεται
1296 475 1636 541 σαββατισμὸς
1664 480 1730 545 τῷ
1764 481 1868 544 λαῷ

73 587 172 620 ms.
296 569 322 591 ‘⁴
347 567 428 613 τοῦ
473 563 642 613 Θεοῦ.”
724 563 777 612 οὐ
818 561 910 628 γὰρ
951 561 1244 612 κατέπαυσεν
1286 562 1478 613 ἐκείνους
1520 561 1724 624 Ἰησοῦς,
1766 559 1869 609 οὔτε

292 642 386 707 μὴν
422 642 789 708 εἷσεληλοῖκασιν
820 647 882 697 εἷς
915 643 1001 708 τὴν
1035 642 1331 694 κατάπαυσιν
1367 648 1450 693 τοῦ
1489 645 1630 693 Θεοῦ·
1671 645 1864 702 σαββα-
1888 653 1910 691 5

290 725 470 792 τίζομεν
512 725 560 776 δὲ
600 730 916 789 πνευματικῶς
956 726 1082 789 ἡμεῖς
1119 727 1167 776 ἐν
1200 726 1412 794 Χριστῷ,
1448 721 1756 776 καταλύοντες
1794 724 1870 772 καὶ

292 808 637 875 ἀποφοιτῶντες
655 807 739 870 μὲν
758 808 997 873 ἁμαρτίας,
1015 806 1361 872 καταλήγοντες
1384 804 1433 856 δὲ
1455 804 1629 858 παντὸς
1655 808 1870 873 φθαρτοῦ

292 891 365 940 καὶ
392 888 554 954 γηΐνου
580 888 870 955 πράγματος.
936 892 996 943 ὡς
1021 888 1114 955 γὰρ
1151 891 1175 940 ὁ
1210 887 1434 954 μακάριος
1470 886 1643 957 γράφει
1675 890 1869 940 Παῦλος

73 980 192 1013 lb.10.
293 978 321 1000 “
345 971 407 1022 ‘O
445 971 538 1038 γὰρ
579 971 808 1022 εἰσελθὼν
851 976 912 1026 εἷς
953 972 1037 1036 τὴν
1079 971 1376 1023 κατάπαυσιν
1417 972 1573 1031 αὑτοῦ,
1612 971 1686 1020 καὶ
1731 967 1869 1022 αὐτὸς

253 1065 273 1091 0
293 1060 320 1082 ‘⁶
346 1053 637 1104 κατέπαυσεν
681 1053 774 1105 ἀπὸ
814 1054 1005 1105 πάντων
1046 1058 1138 1104 τῶν
1183 1053 1333 1120 ἔργων
1373 1053 1526 1114 αὐτοῦ,
1569 1049 1730 1118 ὥσπερ
1774 1049 1868 1102 ἀπὸ
1892 1070 1938 1095 10

293 1142 319 1164 ‘⁶
345 1139 439 1186 τῶν
464 1136 588 1186 ἰδίων
613 1136 638 1186 ὁ
665 1134 829 1190 Θεός.”

250 1316 342 1359 4οἷ
386 1318 661 1360 καθεύδοντες
703 1319 770 1360 ἐπὶ
814 1320 968 1360 κλινῶν
1007 1319 1298 1375 ἐλεφαντίνων
1341 1320 1408 1360 καί
1452 1318 1867 1360 κατασπαταλώντες
2019 1308 2021 1346 3

358 1401 427 1442 ἐπὶ
463 1399 554 1444 ταῖς
588 1400 827 1459 στρωμναῖς
861 1404 1014 1454 αὐτῶν,
1042 1404 1110 1444 καὶ
1148 1404 1344 1445 ἔσθοντες
1380 1403 1554 1460 ἐρίφους
1587 1404 1632 1444 ἑκ
1659 1403 1866 1451 Ποιμνίων

250 1502 272 1539 5
361 1483 428 1524 καὶ
465 1486 671 1542 μοσχάρια
704 1486 749 1526 ὲκ
788 1487 915 1534 μέσου
948 1485 1168 1536 βουκολίου
1196 1487 1426 1533 ΓαλαθΗνά·
1476 1485 1513 1527 οἰ
1546 1487 1866 1542 ἐπικροτοῡντες

358 1567 465 1623 Πρὸς
504 1569 579 1609 τήν
623 1568 773 1624 φωνὰν
813 1569 898 1610 τῶν
941 1569 1146 1626 ὀρΓανων,
1194 1570 1254 1611 ὡς
1302 1571 1467 1612 ἑστῶτα
1511 1570 1758 1618 ὲλοΓίσαντο
1799 1572 1866 1612 καὶ
1891 1586 1936 1624 15

248 1662 269 1696 6
356 1650 429 1706 οὐχ
465 1651 525 1691 ὡς
563 1653 785 1707 φεύΓοντα·
832 1650 870 1693 οἱ
912 1652 1106 1694 Πίνοντες
1139 1653 1211 1694 τὸν
1251 1653 1516 1702 διυλισμενον
1555 1649 1670 1694 οἶνον
1709 1645 1777 1696 καὶ
1814 1656 1863 1697 τὰ

245 1736 272 1776 d
356 1734 506 1790 Πρώτα
533 1737 642 1792 μύρα
676 1737 900 1792 χριόμενοι,
929 1738 996 1778 καὶ
1027 1738 1101 1778 οὐκ
1135 1737 1318 1793 ἔπασχον
1345 1737 1468 1779 οὐδὲν
1494 1737 1563 1778 ἐπὶ
1589 1740 1640 1789 τῇ
1667 1742 1863 1797 συντριβῇ

348 1818 357 1830 ²
371 1819 524 1875 Ιο)σι»ἰφ.

362 1928 484 1978 Οὐαὶ
523 1926 668 1979 πάλιν
705 1927 798 1980 ἀπὸ
838 1934 990 1979 κοινοῦ
1024 1933 1119 1983 τοῖς
1156 1926 1446 1980 καθεύδουσιν
1472 1930 1545 1980 ἐπὶ
1583 1930 1736 1981 κλινῶν
1762 1931 1859 1982 ἐλε-

287 2012 510 2077 φαντίνων,
529 2013 666 2061 τοῦτό
693 2033 742 2061 τε
769 2012 950 2062 κάκεῖνο
977 2014 1091 2077 δρᾶν
1115 2010 1346 2062 εἰωθόσιν.
1401 2012 1660 2063 ἐπαιτιᾶται
1684 2012 1733 2064 δὲ
1756 2014 1864 2065 λίαν
1887 2035 1935 2059 20

286 2095 380 2142 τῶν
411 2094 458 2142 ἐν
481 2096 538 2160 τῇ
566 2094 805 2161 Σαμαρείᾳ
838 2093 944 2147 τοὺς
977 2094 1025 2143 ἐν
1059 2092 1174 2161 δόξῃ
1204 2093 1638 2162 περιφανεστέρους,
1665 2097 1739 2146 καὶ
1765 2101 1866 2150 ταῖς

285 2177 380 2224 τῶν
413 2173 667 2241 χρημάτων
700 2176 986 2242 περιουσίαις
1018 2179 1112 2225 τῶν
1149 2174 1316 2226 ἄλλων
1349 2176 1704 2242 ὑπερηρμένους,
1728 2180 1790 2232 ὡς
1815 2181 1865 2230 ἐκ

284 2259 472 2321 πολλῆς
512 2257 634 2322 ἄγαν
675 2258 915 2323 εὐημερίας
962 2258 1210 2324 μονονουχὶ
1251 2258 1326 2308 καὶ
1369 2258 1637 2320 μεθύοντας,
1682 2263 1758 2311 καὶ
1798 2264 1865 2330 τῷ

248 2361 269 2388 e
286 2341 367 2402 τῆς
392 2342 571 2408 τρυφῆς
596 2339 765 2390 πλάτει
789 2339 1215 2406 παρενηνεγμένους
1249 2343 1311 2393 εἰς
1343 2339 1396 2390 τὸ
1430 2339 1574 2404 μηδὲν
1600 2340 1722 2396 ὅλως
1751 2343 1863 2395 ὑπο-

336 2504 364 2527 1.
390 2494 565 2538 κατηγόρει
582 2493 619 2527 in
635 2493 739 2527 litura
756 2505 819 2538 pro
838 2493 992 2539 εἰσφέρει
1012 2493 1052 2528 Β.
1432 2505 1463 2529 2.
1490 2496 1508 2528 ὁ
1526 2494 1709 2530 θεσπέσιος
1725 2497 1864 2532 Παῦλος

285 2539 482 2574 ἐπιστέλλει
499 2541 569 2597 τὀἶς
585 2540 772 2593 “ῌβραίοις]
792 2543 930 2576 Παῦλος
945 2540 1117 2599 Ἑβραίοις
1134 2539 1333 2593 ἐπιστέλλει
1354 2540 1445 2575 Edd.
1667 2553 1704 2597 33
1727 2544 1862 2583 σαββα-

284 2585 677 2669 ἕέἕῗῦαξζδὲἔνῗεςιίξ..
913 2597 947 2632 5·
972 2602 1035 2668 τηὸν.
1049 2587 1197 2668 (1ξῖθέἔοΙὲ
1211 2587 1371 2679 ξιῇἒὶριος
1394 2588 1862 2670 ἂθευηῑὸίηκὲἕὲῗυωέῖξῐξῐὲ

283 2681 409 2724 γράφει
427 2682 563 2715 Παῦλος
580 2680 646 2714 hoc
665 2680 783 2714 ordine
801 2680 892 2715 Α.Β.
1070 2692 1102 2725 9.
1127 2681 1192 2726 γὰρ
1210 2688 1432 2725 assumptum
1445 2693 1486 2715 ex
1505 2681 1548 2715 A.
1727 2693 1780 2727 13.
1806 2682 1864 2716 ἐπὶ

283 2725 387 2760 habet
406 2727 447 2760 A.
497 2729 550 2761 καὶ
575 2728 732 2762 ἔσθοντες
749 2727 838 2762 Α.Β.
865 2727 918 2761 καὶ
944 2727 1114 2763 ἐσθίοντες
1132 2728 1169 2761 F.
1189 2727 1280 2761 Edd.
1300 2727 1375 2772 (42.
1394 2727 1460 2772 al.)
1701 2739 1753 2771 14.
1777 2730 1860 2769 βου-

284 2773 399 2806 κολίου
417 2774 507 2807 Α.Β.
525 2775 714 2813 βουκολίων
732 2774 822 2808 Edd.
842 2773 949 2818 (A.V.
968 2774 1046 2819 &c.)
1406 2784 1459 2817 15.
1485 2775 1616 2809 ἑστῶτα
1633 2774 1724 2808 Α.Β.
1745 2775 1858 2820 (AleX.

284 2818 385 2861 XII.)
404 2820 493 2854 infra
510 2824 544 2854 et
564 2821 670 2855 Hom.
691 2821 814 2855 Pasch.
837 2832 891 2863 24.
911 2830 976 2866 297
996 2821 1030 2855 b.
1051 2822 1216 2864 ἑστηκότα
1235 2820 1325 2855 Edd.
1344 2820 1466 2865 (Vat.)
1595 2830 1648 2866 17.
1674 2821 1857 2867 συντριβῇ]

288 2871 324 2904 -1-
345 2868 404 2898 rosa
424 2867 464 2901 B.
484 2867 575 2900 Edd.
595 2867 671 2912 (22.
691 2867 754 2912 al.)
773 2868 880 2901 invito
899 2868 942 2901 A.
961 2867 1004 2901 cf.
1023 2869 1057 2901 in
1078 2868 1137 2901 Es.
1152 2879 1219 2912 339
1238 2867 1272 2901 d.
1290 2868 1398 2902 Hom.
1416 2867 1538 2902 Pasch.
1556 2868 1579 2901 1.
1599 2879 1629 2901 c.
1717 2879 1767 2912 ¹9·
1793 2867 1859 2902 ἀπὸ

283 2914 392 2944 κοινοῦ
407 2913 497 2947 Α.Β.
510 2914 575 2948 ἀπὸ
593 2917 692 2949 κακοῦ
712 2914 803 2949 Edd.
852 2914 934 2948 ,Iam
953 2914 1039 2948 dixit
1057 2915 1105 2948 sic
1124 2914 1370 2960 corrigendum
1389 2914 1499 2949 Cotel.
1512 2914 1633 2958 (Mon.
1647 2913 1709 2948 Gr.
1722 2915 1756 2948 ii.
1771 2913 1859 2958 590)

282 2968 300 2989 a
320 2957 440 3001 Migne
458 2960 514 2994 cit.
799 2972 853 2995 20.
880 2976 915 2995 τε
935 2961 1021 2996 Α.Β.
1041 2961 1075 2996 δὲ
1095 2960 1186 2995 Edd.
1459 2972 1513 2995 21.
1541 2963 1580 3005 τῇ
1600 2960 1695 2995 deest
1712 2961 1745 2995 in
1767 2959 1858 2994 Edd.

284 3013 335 3036 22.
364 3005 406 3039 ὡς
424 3017 491 3039 om.
513 3006 555 3042 A.
