2021 3434
284 235 366 272 1721.
670 233 718 271 B.
763 230 1040 270 (WRILLI
1084 230 1463 270 ALEXANDR.
1689 244 1726 269 v.
1752 229 1848 282 8‚9.

237 351 307 392 (1⁹⁴
323 343 705 409 προσοχθίσματι
727 342 972 392 Σιδωνίων·
1000 340 1318 406 προσεκύνουν
1344 338 1391 388 δὲ
1416 339 1490 388 καὶ
1507 341 1573 406 τῷ
1591 333 1748 407 ἡλίῳ.”
1777 339 1851 387 καὶ

280 430 416 475 τοῦτο
447 425 555 487 ἡμῖν
587 422 775 489 ἐναργὲς
809 422 942 472 ἔσται
973 421 1119 473 πάλιν
1154 420 1229 471 διὰ
1256 423 1414 489 φωνῆς
1440 418 1672 485 Ἰεζεκιήλ.
1728 418 1852 485 ἤχθη

61 523 181 573 Ezech.
280 505 363 568 μὲν
387 505 493 571 γὰρ,
520 504 579 558 ὥς
605 509 756 574 φησιν
782 503 932 565 αὐτὸς,
962 508 1022 556 εἰς
1039 501 1362 569 Ἱεροσόλυμα,
1384 509 1410 530 “
1429 502 1476 551 ἐν
1497 499 1657 566 ὁράσει
1677 500 1849 550 Θεοῦ·”

59 577 176 641 {3¹⁵1}ss
281 585 376 637 εἶτα
414 586 622 637 τεθεάται
656 587 741 650 τὴν
777 589 871 636 τῶν
908 585 1204 636 ἐνοικούντων
1250 582 1449 647 πλάνην.
1522 590 1548 612 “
1569 580 1709 633 Εἶδον
1747 581 1852 647 γάρ,

280 677 306 698 “
333 674 497 736 φησιν,
542 671 603 723 ὡς
643 669 788 720 ε’ίκοσι
833 670 906 719 καὶ
951 667 1086 719 πέντε
1132 667 1318 732 ἄνδρας,
1363 665 1422 716 τὰ
1466 666 1661 716 ὀπίσθια
1702 665 1895 716 αὐτῶνὸ

278 759 304 780 “
330 750 447 818 πρὸς
481 750 563 802 τὸν
602 750 712 802 ναὸν
741 751 929 816 Κυρίου,
957 752 1030 800 καὶ
1061 748 1120 800 τὰ
1157 748 1395 814 πρόσωπα
1433 749 1584 798 αὐτῶν
1623 745 1853 803 ἀπέναντι,

279 841 305 863 “
333 835 407 885 καὶ
435 834 558 884 οὗτοι
585 833 904 899 προσεκύνουν
937 831 1055 882 κατὰ
1090 830 1321 884 ἀνατολὰς
1347 833 1414 899 τῷ
1439 830 1602 899 ἡλίῳ.”
1644 829 1772 894 ἄθρει
1799 827 1855 892 δὴ

280 917 361 967 οὖν
402 916 528 969 ὅπως
572 915 830 981 ἐμερίζοντο
871 913 955 978 τὴν
1000 914 1250 975 ἀπώλειαν,
1285 912 1403 963 κατὰ
1441 909 1653 965 πολλοὺς
1693 932 1852 976 προσ-

241 998 521 1066 Θκρούοντες
566 997 765 1064 τρόπους
808 999 882 1048 καὶ
927 1002 1181 1050 λυποῦντες
1233 995 1371 1046 Θεόν.
1438 996 1604 1045 οὐκοῦν
1642 997 1737 1046 τοῖς
1775 1015 1856 1042 κα-

280 1083 482 1149 ταδῃοῦν
527 1081 757 1142 ἐθέλουσι,
803 1082 878 1130 καὶ
922 1078 1039 1129 ὅσον
1083 1079 1261 1129 οὐδέπω
1311 1075 1728 1143 προσδοκωμένοις,
1771 1074 1856 1138 τὴν
1878 1094 1924 1119 10

283 1162 562 1228 Σαμάρειαν,
603 1165 676 1214 καὶ
712 1167 927 1228 θορυβεῖν
970 1162 1022 1212 οὐ
1062 1162 1255 1227 μετρίως
1289 1161 1524 1223 μέλλουσι
1562 1159 1646 1221 τὴν
1679 1159 1853 1223 Ἰερου-

281 1243 462 1309 σαλὴμ,
506 1245 781 1311 Ἀσσυρίοις
832 1245 887 1295 τέ
931 1248 1052 1312 φημι
1103 1246 1175 1294 καὶ
1229 1242 1453 1308 Πέρσαις,
1502 1243 1576 1292 καὶ
1626 1245 1721 1294 τοῖς
1764 1239 1856 1291 ἀπὸ

282 1333 562 1390 Δαμασκοῦ,
603 1330 722 1397 φημὶ
762 1326 818 1390 δὴ
857 1332 952 1380 τοῖς
994 1327 1174 1391 Σύροις·
1222 1325 1438 1376 ἐπέθεντο
1469 1323 1563 1389 γὰρ
1601 1322 1857 1391 ἀμφότεροι

282 1409 401 1461 κατὰ
453 1409 649 1476 καιροὺς,
702 1410 879 1460 ἄλλοτε
931 1409 1090 1462 ἄλλως
1141 1411 1202 1461 εἷς
1264 1413 1401 1458 τοῦτο
1463 1406 1855 1472 παραθηγόμενοι·

280 1494 528 1560 μονονουχὶ
552 1493 626 1542 καὶ
653 1493 844 1557 ἐγκαλεῖ
864 1493 945 1555 τῆς
969 1490 1139 1558 ἐφόδου
1164 1488 1249 1553 τὴν
1281 1489 1533 1553 μέλλησιν,
1559 1486 1856 1555 ἀπάρχεσθαι
1879 1506 1924 1544 15

281 1574 330 1625 δὲ
354 1575 442 1639 ἤδη
465 1581 547 1626 τοῦ
571 1575 781 1635 πολέμου
807 1572 1112 1640 προστέταχε,
1131 1577 1466 1638 περιηχοῦντας
1489 1574 1589 1624 ταῖς
1613 1569 1857 1638 σάλπιγξι,

281 1659 356 1708 καὶ
382 1656 464 1710 τὰς
487 1662 581 1708 τῶν
607 1655 834 1720 δειμάτων
860 1654 1076 1723 ἀπαρχὰς
1101 1660 1200 1709 ταῖς
1237 1658 1330 1705 τῶν
1368 1652 1685 1716 πλανωμένων
1723 1651 1857 1702 ἐνιέν-

281 1762 364 1794 τας
389 1743 580 1806 ψυχαῖς.

82 1843 136 1877 87
157 1841 205 1875 A.
244 1852 265 1875 a
355 1821 547 1886 Ἐπειδὴ
572 1820 665 1888 γάρ
692 1821 796 1890 ἔφη,
816 1828 842 1850 “
857 1824 961 1872 Νῦν
987 1818 1308 1886 καταφάγεται
1333 1817 1496 1872 αὐτοὺς
1514 1818 1541 1882 ἡ
1558 1818 1754 1884 ἐρυσίβη
1781 1818 1858 1867 καὶ

61 1892 178 1975 ῗέἷΐζ
282 1910 310 1932 “
330 1903 435 1958 τοὺς
462 1903 662 1970 κλήρους
682 1902 878 1954 αὐτῶν·”
920 1901 1140 1968 ἐλέγομεν
1160 1899 1208 1950 δὲ
1229 1901 1370 1965 ἡμεῖς,
1390 1902 1614 1967 ἐρυσίβην
1640 1899 1857 1964 ὠνομάσ-
1877 1923 1925 1948 20

64 1992 171 2065 {Pfga
284 1989 361 2036 θαι
386 1984 471 2050 τὴν
497 1987 544 2036 ἐκ
571 1991 653 2036 τοῦ
683 1985 893 2049 πολέμου
917 1983 1126 2036 κάκωσιν
1161 1984 1234 2033 καὶ
1272 1984 1564 2050 ἀφανισμόν·
1608 1983 1858 2045 διδάσκων,

88 2054 103 2074 ³
145 2060 150 2067 ι

283 2067 354 2118 ὅτι
388 2068 574 2134 γέγονεν
613 2070 684 2119 ἐπὶ
724 2068 896 2134 θύραις,
932 2066 1229 2132 συμβήσεται
1269 2065 1332 2129 δὲ,
1357 2069 1431 2116 καὶ
1467 2067 1548 2116 οὐκ
1575 2070 1637 2119 εἰς
1660 2065 1857 2132 μακρὰν,

284 2164 436 2202 σαλπι
468 2175 521 2202 ειν
559 2152 607 2202 εὖ
647 2151 792 2214 μάλα,
828 2153 889 2204 ὡς
930 2150 1060 2218 ἔφην,
1091 2150 1398 2216 προστέταχε,
1432 2151 1506 2200 καὶ
1546 2149 1638 2215 πρό
1677 2172 1730 2214 γε
1765 2153 1859 2200 τῶν

283 2234 448 2284 ἄλλων
489 2235 561 2285 ἐπὶ
602 2233 706 2287 τοὺς
745 2237 838 2284 τῶν
879 2232 1082 2283 εἰδώλων
1125 2231 1308 2294 τόπους,
1349 2230 1377 2295 ἢ
1423 2234 1484 2285 ὡς
1525 2231 1642 2282 ὅσον
1680 2231 1858 2282 οὐδέπω

283 2315 770 2382 καταπρησθήσεσθαι
819 2315 1083 2377 μέλλοντας
1132 2317 1207 2382 καὶ
1256 2313 1669 2378 σεισθησομένους,
1714 2313 1859 2379 ἤγουν
1878 2331 1925 2367 25

285 2398 354 2449 ὅτι
381 2397 636 2464 γεγόνασιν
663 2399 792 2448 αὐτοὶ
825 2402 907 2448 τοῦ
939 2397 1147 2460 πολέμου
1182 2394 1425 2495 πρόφαρϊς
1452 2397 1527 2446 καὶ
1553 2398 1635 2459 τῆς
1661 2395 1858 2459 ἀνηκέσ-

242 2493 368 2533 brov
411 2485 663 2548 συμφορᾶς
709 2485 805 2534 τοῖς
862 2479 1249 2543 πεπλανημενοις.
1331 2477 1444 2529 ὅταν
1500 2478 1580 2528 οὖν
1636 2477 1755 2546 λέγῃ
1805 2477 1859 2528 τὸ

286 2565 452 2629 χρῆναι
480 2563 772 2632 σαλπιζειν
757 2586 829 2613 επι
869 2586 965 2616 τους
995 2559 1167 2621 βουνους
1205 2584 1276 2611 και
1312 2562 1381 2612 ἐπι
1419 2584 1478 2611 τοι
1517 2558 1683 2628 υψηλα
1708 2561 1783 2610 καὶ
1821 2583 1859 2611 εν

286 2644 345 2713 τῷ
381 2648 483 2695 οἶκε.)
517 2643 582 2707 ὢν,
619 2668 725 2699 τους
759 2649 851 2695 τῶν
889 2644 1096 2694 εἰδώλων
1135 2642 1318 2707 νοήσεις
1352 2641 1535 2696 τόπους.
1602 2643 1758 2693 ἰστέον
1796 2641 1858 2704 δε,

339 2814 368 2837 1.
394 2806 439 2849 τῷ
457 2816 526 2838 om.
547 2805 591 2838 D.
813 2817 845 2850 3.
872 2806 958 2850 ἔφην
974 2816 1037 2849 pro
1053 2806 1162 2850 φησιν
1196 2804 1242 2838 D.
1463 2813 1494 2848 7.
1520 2802 1606 2837 οὕτω
1624 2815 1686 2848 pro
1703 2802 1794 2837 οὗτοι
1813 2803 1859 2838 D.

292 2861 344 2884 10.
372 2850 502 2884 οὐδέπω
522 2851 566 2884 D.
587 2852 719 2896 Migne.
740 2854 830 2886 οὔπω
850 2852 891 2886 Β.
910 2852 1054 2886 οὐδέπου
1072 2851 1163 2886 Edd.
1398 2861 1450 2896 13.
1477 2849 1650 2895 ἐπέθεντο]
1669 2850 1782 2884 ἔθεντο
1799 2849 1858 2885 iid-

293 2907 345 2937 14.
372 2896 514 2941 ἄλλοτε]
533 2898 633 2931 ἄλλοι
650 2913 685 2932 τε
702 2898 762 2932 iid.
989 2908 1041 2941 15.
1066 2899 1210 2942 μέλησιν
1229 2897 1269 2931 Β.
1275 2897 1321 2931 D.
1552 2906 1605 2942 17.
1632 2898 1794 2940 δειμάτων
1813 2897 1859 2931 D.

289 2942 473 2987 δειγμάτων
495 2943 533 2977 Β.
553 2944 643 2978 Edd.
814 2956 868 2979 21.
896 2944 965 2991 και]
986 2950 1021 2986 -Ι-
1039 2946 1097 2979 τὸν
1114 2944 1204 2979 Edd.
1222 2945 1331 2978 invito
1351 2944 1395 2978 D.
1570 2954 1625 2977 22.
1652 2944 1704 2977 καὶ
1721 2955 1790 2977 orn.
1811 2943 1844 2977 D

292 2999 346 3047 23.
375 2989 502 3023 Haec‘
487 3005 530 3025 ως
546 2991 632 3035 ἔφην
648 2998 827 3035 assumpta
844 3004 884 3025 ex
904 2992 950 3026 D.
1111 3003 1165 3034 24.
1192 2990 1338 3036 οὐδέπω]
1357 2990 1500 3025 οὐδέπου
1519 2989 1609 3024 Edd.
1627 2996 1705 3024 ante
1724 2969 1857 3035 Migne:

290 3039 381 3070 οῖ’πω
401 3036 445 3069 Ι).
637 3039 690 3071 8.
717 3038 770 3071 ἐπὶ
788 3039 845 3072 alt.
864 3050 932 3073 orn.
954 3038 998 3072 D.
1048 3039 1086 3072 τὸ
1105 3045 1182 3083 post
1200 3053 1252 3072 και
1269 3037 1348 3072 add.
1369 3038 1413 3071 D.
