2021 3434
140 250 181 278 v.
203 236 242 277 6.
526 236 600 278 IN
640 235 1022 277 MICHAEAM.
1081 236 1233 277 TOM.
1266 236 1326 277 II.
1631 241 1710 280 681

139 342 364 409 Χριστὸς,
387 344 534 395 καίτοι
567 348 625 412 τῇ
657 347 740 408 τῆς
770 343 986 408 θεότητος
1026 343 1169 412 φύσει
1207 343 1266 395 τά
1303 343 1458 396 πάντα
1494 351 1707 413 πληρῶν.

137 425 253 490 αὕτη
279 425 335 490 δὴ
361 427 442 477 οὖν
465 427 493 491 ἡ
520 432 602 477 τοῦ
629 430 753 478 Θεοῦ
785 426 924 480 πόλις
954 428 1016 491 γῆ
1044 449 1113 480 τις
1143 425 1304 493 ὥσπερ
1331 429 1433 479 ἐστὶ
1470 430 1545 479 καὶ
1579 429 1712 496 χώρα

135 510 229 558 τῶν
267 507 565 574 ἡγιασμένων
602 510 677 560 καὶ
714 507 799 573 τὴν
837 512 898 562 εἰς
930 507 1055 559 Θεὸν
1085 508 1278 574 ἑνότητα
1315 509 1710 575 πεπλουτηκότων

133 590 182 639 ἐν
209 589 460 654 Πνεύματι.
523 590 623 642 ὅταν
648 591 802 642 τοίνυν
829 593 979 659 φησὶν
1000 591 1226 662 Ἀσσύριος
1252 590 1411 666 ἐπέλθῃ
1440 593 1510 644 ἐπὶ
1537 594 1605 653 τὴν
1631 592 1710 659 γ’ἦν

88 686 112 725 5
134 671 261 740 ὑμῶν,
286 672 540 736 τουτέστιν,
577 676 616 723 εἰ
651 671 877 740 μάχοιντο
914 677 1010 727 τοῖς
1044 673 1192 739 ἁγίοις
1226 677 1271 724 αὶ
1295 673 1536 741 βάρβαροί
1556 697 1605 726 τε
1632 680 1708 728 καὶ

131 753 435 817 ἀντικείμεναι
461 753 687 818 δυνάμεις,
714 755 796 805 οὐκ
821 753 1018 821 ἐρήμους
1048 753 1302 820 εὑρήσουσι
1337 761 1432 807 τῶν
1465 779 1701 823 προεστη-

130 833 293 887 κότων.
359 836 854 905 κατεξαναστήσονται
891 835 985 903 γὰρ
1011 837 1179 900 αὐτῶν,
1210 836 1329 890 ἑπτα
1366 837 1452 901 μὲν
1490 837 1703 906 ποιμένες,

129 915 242 969 ὄκτιῖ)
274 916 323 968 δὲ
361 916 581 987 ανθρωπων
608 915 840 987 δήγματα.
902 942 1016 970 εοικε
1047 919 1096 971 δὲ
1125 922 1206 983 τῆς
1239 922 1570 989 προφητείας
1551 944 1575 971 ο
1601 927 1705 975 νοῦς

5 974 10 996 l

6 997 11 1059 ῗ
127 997 221 1050 ἀπο
262 1003 357 1050 τῶν
396 1004 580 1066 καιρῶν,
611 1000 711 1064 ἠτοι
747 1006 841 1052 τῶν
880 1003 1090 1068 ἀριθμῶν
1125 1007 1207 1052 τοῦ
1240 1025 1288 1053 τε
1325 1003 1443 1055 ἑπτα
1472 1007 1594 1071 φημι
1629 1005 1742 1053 καῖε

8 1084 11 1120 ¹
62 1106 108 1132 10
126 1081 283 1146 μέντοι
308 1087 389 1133 τοῦ
416 1079 528 1133 ὀκτω
554 1081 660 1136 τοῦς
685 1082 845 1148 ἁγίους
869 1083 1132 1144 βούλεσθαι
1159 1087 1347 1148 δηλοῦν,
1373 1108 1479 1139 τους
1504 1108 1595 1151 προ
1622 1088 1703 1149 τῆς
1764 1071 1813 1145 ἓξ
1818 1082 1925 1148 zupra

124 1163 380 1228 ἐπιδημίας,
406 1165 481 1214 καὶ
513 1162 620 1217 τοὺς
654 1165 752 1216 κατ’
781 1163 924 1229 αὐτὴν
949 1162 1060 1228 ἅμα,
1092 1166 1168 1216 καὶ
1200 1166 1296 1229 μετ’
1324 1165 1469 1230 αὐτὴν
1503 1166 1699 1233 γεγονό-

123 1268 221 1299 τας.
287 1247 502 1311 τετίμητο
535 1245 619 1310 μὲν
649 1245 742 1312 γὰρ
776 1245 868 1313 πρὸ
902 1249 985 1310 τῆς
1016 1248 1271 1311 ἐπιδημίας,
1299 1248 1417 1299 κατὰ
1443 1247 1525 1299 τὸν
1552 1253 1700 1301 Μωυ-

122 1326 245 1382 σέως
287 1327 443 1392 νόμον,
488 1328 513 1378 ὁ
557 1329 605 1379 ἐν
649 1328 828 1397 ἑβδόμῃ
871 1328 1225 1394 σαββατισμὸς,
1273 1333 1348 1381 καὶ
1399 1330 1455 1395 ἧν
1504 1331 1569 1381 ε”τι
1619 1335 1700 1395 τῆς

122 1415 262 1465 σκιᾶς
289 1411 314 1461 ὃ
341 1409 514 1477 καιρός.
581 1410 684 1462 τότε
710 1413 785 1462 καὶ
811 1410 864 1462 τὸ
888 1416 981 1462 τῶν
1001 1413 1147 1477 ἁγίων
1171 1416 1428 1481 προφητῶν
1455 1414 1696 1481 ἀνεδείχθη

11 1524 13 1561 3
56 1512 102 1551 15
122 1492 294 1560 στίφος
355 1496 689 1559 παιδαγωγοῦν
751 1496 814 1548 εἷς
875 1494 1116 1555 εὐσέβειαν
1176 1497 1251 1545 καὶ
1313 1496 1569 1560 ἐπίγνωσιν
1617 1502 1699 1547 τοῦ

121 1578 352 1640 Χριστοῦ.
418 1574 572 1640 ἐπειδὴ
608 1574 656 1626 δὲ
691 1575 859 1627 λοιπὸν
883 1577 1113 1645 ἕπε’φανεν
1140 1577 1164 1627 ὁ
1195 1576 1481 1642 Μονογενὴς,
1507 1580 1582 1628 καὶ
1615 1576 1737 1629 τὸνει
1762 1595 1847 1630 439
1865 1595 1917 1630 A.

122 1655 237 1723 ὑπὲρ
278 1659 361 1720 τῆς
401 1657 621 1708 ἁπάντων
665 1658 782 1724 ζωῆς
825 1657 994 1722 ἀνέτλη
1040 1656 1264 1724 σταυρὸν,
1311 1660 1481 1721 ἀνεβίω
1524 1658 1573 1710 δὲ
1622 1661 1695 1720 αὖ,

119 1738 389 1793 σκυλεύσας
426 1739 508 1790 τὸν
547 1737 662 1808 ᾅδην
696 1744 754 1806 τῇ
791 1738 936 1809 ἡμέρᾳ
975 1743 1032 1808 τῇ
1068 1738 1227 1808 ὀγδόῃ,
1265 1739 1370 1791 τότε
1414 1746 1508 1795 τοῖς
1549 1742 1696 1807 ἁγίοις

119 1820 384 1872 κεκέλευκεν
428 1820 749 1875 Ἀποστόλοις
789 1822 1062 1885 μαθητεύειν
1105 1821 1189 1886 μὲν
1231 1829 1258 1851 “
1274 1823 1428 1874 πάντα
1468 1822 1528 1873 τὰ
1571 1824 1694 1888 ἔθνη,
1755 1842 1915 1893 εΜ-ᾳιιὴ.

51 1921 99 1948 20
120 1909 147 1932 ‘⁶
170 1903 409 1970 βαπτίζειν
437 1903 484 1954 δὲ
510 1903 676 1957 αὐτοὺς
701 1907 763 1957 εἷς
788 1903 842 1955 τὸ
868 1903 1015 1968 ὄνομα
1039 1910 1121 1955 τοῦ
1150 1903 1339 1971 Πατρὸς
1367 1907 1442 1955 καὶ
1467 1911 1550 1956 τοῦ
1575 1908 1694 1957 Υὶοῦ
1754 1896 1870 1971 {3:⁷2¹le

117 1991 146 2014 “
170 1987 245 2036 καὶ
276 1992 360 2037 τοῦ
388 1986 554 2052 Ἀγίου
586 1985 878 2049 Πνεύματος,
921 1986 1104 2055 διδάξαι
1141 2009 1189 2037 τε
1227 1990 1380 2052 τηρεῖν
1411 1986 1505 2037 ὅσα
1539 1988 1693 2042 αὐτοῖς

117 2073 145 2096 “
169 2068 482 2119 ἐντέταλται.”
544 2067 733 2122 τούτους
768 2067 823 2133 δὴ
850 2069 930 2119 οὖν
968 2068 1057 2136 ἄρα
1092 2070 1215 2137 φησὶ
1249 2068 1308 2119 τὰ
1342 2067 1453 2121 &mab
1488 2074 1581 2120 τῶν
1611 2074 1687 2122 αν-

117 2147 286 2218 θρώπων
325 2146 560 2219 δήγματα,
604 2152 666 2204 ὡς
705 2148 798 2201 ἀπό
836 2173 890 2215 γε
928 2156 1010 2201 τοῦ
1049 2153 1131 2214 τῆς
1171 2148 1477 2205 ἀναστάσεως
1517 2158 1691 2219 καιροῦ,

115 2236 222 2285 τοῦς
247 2232 296 2283 ἐν
320 2233 445 2302 αὐτῷ
471 2255 519 2283 τε
545 2233 619 2284 καὶ
645 2233 741 2296 μετ’
766 2230 906 2283 αὐτὸν
932 2232 1183 2298 γεγονότας
1211 2233 1474 2297 ὑποδηλῶν.

15 2338 26 2380 :3
48 2334 95 2372 25
180 2312 338 2365 ‘'Orav
390 2314 545 2365 τοίνυν
601 2312 757 2388 ἐπέλθῃ
814 2315 963 2382 φησὶν
1013 2315 1037 2364 ὁ
1084 2313 1306 2381 Ἀσσύριος
1354 2314 1382 2378 ἢ
1426 2316 1688 2382 ἀλλογενὴς
1706 2331 1732 2372 b

114 2397 190 2447 καὶ
225 2395 481 2464 βάρβαρος,
513 2396 617 2448 τότε
656 2395 711 2461 δὴ
750 2395 853 2447 τότε
890 2395 1007 2463 πρὸς
1047 2394 1164 2448 ἑπτα
1204 2395 1288 2460 μὲν
1322 2396 1421 2465 ἥξει
1460 2398 1687 2466 ποιμένας,

111 2567 297 2613 Ἀσσύριος
312 2570 379 2604 hoc
397 2571 518 2605 ordine
535 2571 578 2604 A.
582 2570 617 2605 b.
675 2569 752 2615 γῆν]
780 2572 882 2604 πόλιν
908 2570 998 2604 Edd.
1025 2569 1303 2615 repugnantibus
1324 2571 1499 2605 omnibus.
1561 2571 1687 2607 Statim

111 2615 203 2659 ἡμῶν
221 2616 262 2650 Β.
281 2617 389 2651 invito
406 2617 441 2651 b.
568 2626 601 2663 5.
626 2632 661 2651 τε
679 2622 899 2661 assumptum
917 2629 958 2650 ex
976 2617 1020 2651 A.
1154 2617 1187 2650 6.
1205 2616 1480 2663 προεστηκότων]
1500 2633 1684 2663 παρεστηκ.

113 2662 204 2697 Edd.
224 2663 340 2698 invitis
358 2664 535 2698 omnibus.
660 2673 691 2709 7.
717 2664 783 2709 γὰρ
800 2664 908 2697 αὐτῶν
924 2664 1007 2698 ἑπτὰ
1022 2662 1099 2709 μὲν]
1120 2663 1180 2707 μὲν
1196 2664 1304 2697 αὐτῶν
1321 2664 1404 2697 ἑπτὰ
1422 2665 1464 2698 A
1482 2665 1542 2708 μὲν
1559 2677 1628 2699 om.
1649 2666 1682 2700 b.

110 2720 144 2753 9.
169 2709 326 2744 τουτέστι
342 2723 404 2755 pro
420 2713 480 2745 τοῦ
497 2726 533 2745 τε
550 2711 633 2745 ἑπτά
651 2711 695 2744 A.
817 2721 869 2744 10.
895 2709 1006 2753 μέντοι
1024 2717 1243 2755 assumptum
1265 2722 1306 2743 ex
1324 2710 1368 2744 A.
1491 2723 1543 2746 11.
1569 2712 1683 2756 ἐπιδη-

109 2755 202 2801 μίας]
225 2761 263 2797 -Ι-
283 2759 342 2791 τοῦ
356 2760 507 2801 Χριστοῦ
526 2758 568 2792 Β.
586 2758 694 2791 inVltO
712 2756 746 2791 b.
982 2768 1034 2791 12.
1059 2757 1120 2800 μὲν
1137 2763 1357 2800 assumptum
1376 2768 1416 2790 ex
1435 2758 1478 2791 A.
1482 2758 1517 2792 b.
1567 2759 1682 2803 ἐπιδη-

108 2802 201 2848 μίας]
229 2809 260 2842 -Ι-
284 2804 337 2837 καὶ
355 2804 445 2838 Edd.
463 2805 579 2839 invitis
598 2803 725 2838 A.B.b.
980 2815 1032 2848 13.
1058 2805 1076 2836 ὁ
1095 2803 1212 2837 deest
1205 2815 1241 2836 m
1260 2802 1351 2836 Edd.
1370 2803 1486 2838 invitis
1504 2806 1679 2840 omnibus.

109 2850 236 2894 ἑβδόμῃ
254 2851 298 2884 A.
317 2851 450 2903 ε’βδόμῳ
468 2851 503 2886 b.
521 2851 687 2894 ἑβδόμασι
706 2849 796 2883 Edd.
857 2850 911 2884 ἐπι
929 2862 990 2895 pro
1008 2851 1055 2885 ἔτι
1073 2850 1116 2883 A.
1314 2860 1366 2891 14.
1392 2850 1430 2883 τὸ
1448 2858 1481 2885 et
1498 2854 1683 2896 προφητῶν

109 2907 178 2930 om.
197 2897 241 2930 A.
259 2897 369 2931 invito
386 2897 421 2932 b.
598 2909 650 2942 15.
676 2895 746 2942 καὶ]
768 2900 804 2937 -ὗ-
825 2897 871 2932 εἷς
887 2898 931 2930 A.
1108 2896 1160 2930 16.
1187 2899 1337 2941 Χριστοῦ
1354 2896 1398 2930 A.
1402 2897 1436 2931 b.
1456 2901 1570 2943 καιροῦ
1589 2899 1680 2933 Edd.

113 2951 167 2988 17.
191 2942 266 2988 τῆς]
291 2948 327 2984 -f-
347 2944 461 2978 τῶνΙ).
512 2944 638 2979 Statim
654 2944 787 2978 πάντων
806 2943 849 2977 Β.
897 2958 933 2977 τε
950 2955 1013 2988 pro
1031 2943 1065 2977 δέ
1084 2943 1127 2977 Α.
1131 2943 1166 2977 Ι).
1410 2955 1465 2979 20.
1491 2946 1529 2979 τὸ
1547 2957 1616 2980 om.
1635 2947 1679 2981 A.

110 2999 166 3023 21.
190 3004 227 3023 τε
244 2990 343 3024 Α.δέ
361 2990 454 3025 Edd.
560 3001 614 3025 22.
641 2989 841 3033 ἐντέλλομαι
858 2990 902 3023 A.
951 2990 990 3035 δὴ
1009 2996 1230 3033 assumptum
1247 3003 1287 3025 ex
1305 2990 1386 3025 A.b.
1493 3002 1546 3034 25.
1573 2994 1682 3037 φησὶν

109 3035 259 3080 ἐπέλθῃ
252 3049 390 3072 mverso
407 3037 528 3072 ordine
545 3038 589 3072 A.
640 3036 798 3071 Statim‘
782 3051 800 3071 ο
818 3048 886 3071 om.
905 3036 942 3072 b.
1037 3037 1092 3071 26.
1119 3036 1189 3081 ἥξει
1207 3039 1250 3072 A.
1270 3037 1361 3073 Edd.
1380 3036 1446 3081 ἕξει
1466 3038 1508 3072 B.
1527 3039 1594 3083 ἕξει
1612 3039 1646 3074 b.

165 3106 255 3134 VOL.
280 3108 308 3135 Ι,
879 3108 906 3146 4
927 3108 945 3134 S

21 2192 29 2328 1

12 2492 35 2702 ἶ
163 2533 193 2557 1
218 2525 312 2567 met
328 2522 435 2568 φυσει
452 2535 522 2558 om
540 2523 584 2558 A
808 2534 841 2567 3
868 2522 1094 2568 .z.]‚.p2‚.A.
1322 2535 1353 2565 4
1380 2523 1605 2570 φησινμὸ
1622 2525 1685 2571 A]

29 2706 37 2831 ἰ

33 2835 37 2884 1

34 2894 39 2974 !
