2021 3434
132 150 202 192 vii.
229 165 378 206 14—17.
598 156 671 197 IN
712 157 906 197 AMOS.
966 156 1113 197 TOM.
1145 155 1230 196 III.
1613 152 1695 192 507

132 270 180 336 τῇ
204 267 333 316 πόλει
359 266 582 335 πσρνεύο-ει,
609 269 754 331 δῆλον
786 267 833 318 δὲ
869 267 938 318 ὅτι
971 271 1069 320 ταῖς
1106 271 1199 316 τῶν
1236 264 1472 327 πολεμίων
1504 264 1699 327 ὕβρεσιν

132 347 474 411 ὑποπίπτουσα,
514 350 589 400 καὶ
632 348 685 400 τὸ
725 349 915 416 ἀκρατὲς
958 353 1020 402 εὶς
1063 348 1315 413 ἀσέλγειαν
1359 349 1452 396 τῶν
1496 343 1698 411 ἐχόντων

131 427 274 492 αὐτὴν
326 430 386 483 ὡς
437 430 493 499 ἐξ
537 429 739 496 ἀνάγκης
791 429 1095 499 ὑφισταμένη·
1152 426 1598 497 καταφθαρήσονται
1649 423 1698 475 δὲ

132 514 206 562 καὶ
232 511 290 563 τὰ
327 512 475 576 τέκνα,
500 515 735 581 ῥομφαίας
772 514 908 580 ε”ργον
942 512 1236 579 γεγενημένα,
1301 512 1375 561 καὶ
1406 509 1523 574 πρός
1554 530 1608 573 γε
1641 507 1697 569 δὴ

91 594 293 664 5τούτερ,
339 598 360 655 ἡ
399 594 458 661 γῆ
498 620 574 647 σου
622 594 1047 664 καταμετρηθήσεται
1089 596 1277 662 σχοινίῳ,
1315 591 1570 651 τουτέστιν,
1608 587 1698 639 ὑπὸ

132 675 281 743 φόρον
319 675 464 739 ἔσται,
504 678 577 727 καὶ
607 675 878 728 συντελέσει
917 675 1125 740 δασμοὺς
1163 679 1229 744 τῷ
1267 671 1581 738 κεκρατηκότι.
1646 667 1699 720 σὺ

133 756 182 808 δὲ
218 757 335 823 πρὸς
372 758 549 813 τούτοις
584 759 608 808 ὁ
643 763 724 809 νῦν
758 756 974 821 οἰόμενος,
1003 759 1139 826 φησὶ,
1170 759 1260 822 γῆν
1290 756 1427 820 ἁγίαν
1453 757 1590 804 οἰκεῖν
1615 750 1700 815 τὴν
1719 763 1746 803 d

134 839 330 904 Βαιθὴλ,
357 842 432 891 καὶ
458 841 671 906 ἁγίασμα
696 840 934 900 βασιλέως
959 839 1092 906 ἔχειν,
1112 842 1252 904 βαδιῇ
1278 836 1362 900 μὲν
1389 835 1700 902 αἰχμάλωτος,

132 923 380 992 ἐντεθνήξῃ
420 923 468 975 δὲ
509 929 603 978 τοῖς
642 928 810 985 κακοῖς,
847 924 933 991 οὐχ
970 921 1301 985 ὑπονοστήσας
1340 920 1420 970 ἔτι·
1463 922 1561 972 πῶς
1596 916 1701 983 γὰρ,

67 1003 160 1069 1οῆ
186 1005 356 1066 πόθεν,
399 1004 756 1069 ἀπομεμενηκὼς
782 1005 830 1055 δὲ
857 1003 1013 1070 νεκρὸς
1039 1006 1086 1054 ἐν
1112 1005 1363 1069 ἀλλοδαπῇ
1395 1024 1443 1052 τε
1478 1002 1552 1051 καὶ
1579 1004 1702 1050 ἀκα-

133 1087 268 1157 θάρτῳ
293 1089 353 1159 γῇ
375 1091 468 1138 τῶν
492 1088 744 1150 πολεμίων·
787 1085 1025 1154 οἰχήσεται
1051 1084 1100 1136 δὲ
1134 1087 1209 1136 καὶ
1241 1082 1377 1137 αὐτὸς
1403 1082 1703 1151 αἰχμάλωτος

133 1175 151 1220 o‘
176 1167 366 1239 Ἰσραὴλ,
392 1171 417 1220 ὁ
442 1167 500 1220 σὲ
530 1168 779 1236 προφήτην
813 1170 885 1219 καὶ
921 1167 1178 1231 ἐπιστάτην
1203 1171 1296 1218 τῶν
1332 1166 1477 1231 ἁγίων
1503 1166 1703 1232 ἀνθῃρη-

131 1253 279 1316 με’νος.
347 1252 558 1322 χαλεπὸν
595 1254 675 1304 οῦν
711 1254 802 1320 ἄρα
839 1253 892 1304 τὸ
934 1258 1028 1307 τοῖς
1067 1253 1201 1306 θείοις
1240 1250 1562 1316 ἀντιπράττειν
1600 1248 1701 1300 νεύ-

131 1359 263 1398 μασι,
308 1338 383 1387 καὶ
424 1335 774 1402 ἀπερισκέπτως
825 1336 935 1387 ἱέναι
981 1334 1099 1402 πρὸς
1136 1333 1190 1385 τὸ
1235 1337 1327 1385 δεῖν
1371 1332 1474 1383 ἔσθ’
1517 1331 1591 1382 ὅτε
1629 1332 1702 1382 καὶ

67 1438 113 1477 15
133 1419 279 1483 ἁγίοις
322 1419 535 1482 ἐπιτιμᾶν
578 1416 636 1469 τὰ
683 1422 789 1488 Θεῷ
834 1422 1058 1469 δοκοῦντα
1097 1414 1484 1484 διερμηνεύουσιν,
1520 1413 1586 1468 οἶς
1627 1415 1701 1465 καὶ
1720 1436 1742 1462 e

132 1500 304 1566 ε’ίρηται
343 1500 451 1568 παρ’
499 1501 639 1552 αὐτοῦ
679 1508 705 1530 “
724 1502 818 1552 Καὶ
866 1501 1000 1552 ἕσται
1036 1501 1060 1551 ὁ
1104 1498 1363 1563 ἁπτόμενος
1406 1500 1534 1562 ὑμῶν
1578 1499 1638 1551 ὡς
1678 1498 1702 1548 ὃ
1764 1499 1862 1575 {a}

133 1590 161 1613 ‘⁶
186 1581 443 1648 ἁπτόμενος
467 1586 549 1647 τῆς
575 1582 712 1650 κόρης
737 1589 820 1634 τοῦ
846 1584 1099 1652 ὀφθαλμοῦ
1123 1582 1304 1634 αὖτοῦ.”

204 1664 441 1732 Ἐπιτήρει
491 1665 538 1717 δὲ
583 1665 708 1720 ὅπως
758 1664 821 1719 εἷς
870 1688 919 1716 τε
968 1668 1042 1716 καὶ
1090 1664 1378 1734 ἀξιάγαστος
1423 1667 1518 1716 τοῖς
1560 1662 1706 1727 ἁγίοις

135 1746 327 1809 σκοπὸς,
354 1746 408 1798 τὸ
434 1748 606 1816 χρῆναί
640 1752 761 1816 φημι
799 1752 892 1801 τοῖς
918 1753 1000 1798 τοῦ
1025 1750 1148 1798 Θεοῦ
1180 1745 1342 1811 λόγοις
1368 1743 1707 1796 ἀνυποστόλως

68 1856 117 1881 20
136 1831 385 1896 ὑπηρετεῖν,
426 1832 501 1880 καὶ
541 1829 650 1897 παρ’
689 1829 819 1881 οὐδὲν
853 1833 1088 1881 ποιεῖσθαι
1127 1827 1186 1880 τά
1230 1827 1513 1894 ἀνθρώπινα,
1547 1824 1633 1876 κᾶν
1670 1827 1707 1875 εἰ

134 1912 368 1976 πολέμους
405 1912 559 1966 αὐτοῖς
596 1913 672 1962 καὶ
706 1912 895 1981 θλίψεις
934 1910 1198 1979 ἐπιφέρωσί
1229 1933 1364 1963 τινες.
1431 1910 1456 1960 ὁ
1494 1908 1577 1972 μὲν
1615 1906 1708 1973 γὰρ

135 1992 358 2060 μακάριος
395 1993 553 2057 Ἀμὼς
590 1993 835 2060 ἀλογήσας
875 1999 1119 2047 παντελῶς
1156 1996 1237 2057 τῆς
1271 1993 1506 2056 Ἀμασίου
1540 1990 1703 2042 σκαιό-

136 2099 285 2140 τητος,
330 2077 416 2143 οὐχ
457 2076 581 2130 ὅπως
624 2078 888 2142 σεσίγηκεν,
934 2075 1064 2127 ἀλλὰ
1107 2075 1199 2142 γὰρ
1243 2077 1318 2126 καὶ
1355 2074 1439 2139 τὴν
1477 2074 1544 2125 ἐπ’
1586 2074 1710 2142 αὐτῷ

137 2158 424 2225 κατάῥρησιν
461 2159 653 2208 ἐποιεῖτο
696 2163 927 2212 νεανικῶς·
970 2161 1011 2209 οἱ
1049 2158 1103 2209 δέ
1132 2181 1185 2224 γε
1225 2156 1467 2208 θεσπέσιοι
1505 2156 1748 2219 μαθηταὶει
1776 2169 1862 2203 330
1877 2168 1925 2202 Α.

71 2264 118 2302 25
137 2246 324 2293 σιωπᾶν
367 2242 520 2295 αὐτοῖς
562 2239 956 2308 προστεταχότων
998 2239 1111 2292 ποτὲ
1148 2244 1242 2291 τῶν
1282 2238 1594 2306 γραμματέων
1635 2239 1708 2288 καὶ

1768 2321 1856 2351 Acta
1869 2320 1927 2351 SS.

1768 2365 1834 2404 Ap.
1851 2364 1894 2394 iv.

139 2413 165 2435 ‘⁴
188 2411 271 2457 τοῦ
307 2409 430 2456 Θεοῦ
469 2406 596 2467 ὑμῶν
633 2404 813 2455 ἀκούειν
849 2409 1039 2468 μᾶλλον
1073 2403 1102 2468 ἢ
1137 2409 1219 2455 τοῦ
1255 2407 1392 2466 Θεοῦ,
1418 2404 1613 2468 κρίνατε
1657 2402 1709 2452 οὐ
1774 2416 1821 2448 ¹9>
1842 2417 1892 2438 ²0·

138 2324 425 2390 Φαρισαίων,
465 2321 714 2389 διαῤῥήδην
748 2322 961 2390 ἔφασκον
998 2330 1025 2352 “
1048 2325 1105 2373 Εἰ
1138 2320 1313 2372 δίκαιόν
1348 2322 1477 2371 ἐστιν
1514 2320 1708 2370 ἐνώπιον

140 2495 166 2518 “
191 2487 423 2551 δυνάμεθα
447 2485 540 2553 γάρ
566 2487 691 2550 ἡμεῖς
717 2484 747 2536 ἃ
771 2487 947 2550 εἴδομεν
973 2489 1046 2538 καὶ
1072 2485 1339 2551 ἠκούσαμεν
1363 2484 1427 2550 μὴ
1454 2483 1660 2537 λαλεῖν.”

191 2647 220 2669 1.
246 2633 363 2679 πόλει]
387 2639 423 2675 -i-
445 2649 509 2669 σου
528 2634 571 2669 Β.
618 2635 751 2668 πόλεων
768 2646 830 2679 pro
846 2634 1017 2677 πολεμίων
1036 2633 1126 2668 Edd.
1413 2642 1445 2677 5.
1473 2633 1637 2677 σχοινίοις
1653 2631 1713 2665 iid.

140 2683 316 2725 ὑπόφορος
332 2681 391 2715 iid.
673 2680 705 2714 6.
732 2683 1011 2726 συγκεκρατηκότι
1030 2682 1074 2714 A.
1360 2691 1412 2714 10.
1438 2680 1474 2713 δὲ
1492 2684 1713 2723 assumptum

141 2742 181 2763 ex
196 2728 286 2762 AB.
535 2738 587 2771 13.
614 2726 672 2761 οὖν
689 2739 757 2761 om.
777 2727 819 2761 B.
869 2729 906 2761 τὸ
925 2739 994 2761 om.
1013 2728 1055 2761 A.
1295 2738 1346 2769 14.
1376 2726 1472 2760 Haec
1489 2727 1573 2771 πρὸς
1590 2728 1627 2759 τὸ
1645 2725 1714 2758 δεῖν

141 2774 214 2811 ἔσθ’
233 2775 288 2808 ὅτε
306 2780 525 2809 accesserunt
542 2786 582 2808 ex
599 2774 690 2808 AB.
974 2773 1026 2809 16.
1053 2776 1070 2808 ὁ
1088 2775 1146 2808 alt.
1164 2781 1387 2818 assumptum
1405 2785 1446 2807 ex
1466 2773 1506 2806 B.
1525 2772 1568 2806 cf.
1587 2772 1630 2806 ad
1647 2773 1712 2806 loc.

143 2822 238 2856 deest
255 2822 290 2855 in
308 2822 351 2855 A.
544 2822 595 2855 18.
620 2822 717 2855 ἕσται
735 2833 797 2865 pro
816 2818 862 2855 εἷς
879 2836 914 2854 τε
932 2821 974 2854 A.
1193 2832 1246 2855 21.
1276 2835 1362 2855 τινες
1379 2821 1430 2854 καὶ
1448 2820 1586 2863 θλίψεις
1603 2819 1713 2854 αὐτοῖς

143 2868 354 2914 ἐπιφέρωσιν
370 2869 439 2902 inv.
459 2867 579 2902 ordine
599 2867 640 2902 Β.
799 2879 854 2912 23.
880 2868 946 2913 ’γὰρ
962 2875 1184 2913 assumptum
1202 2880 1244 2901 ex
1261 2867 1351 2901 Α.Β.
1526 2877 1580 2911 25.
1606 2881 1714 2911 γραμ-

143 2915 272 2961 ματέων
288 2922 321 2949 et
339 2921 460 2960 Φαρισ.
479 2915 567 2948 inter
585 2927 620 2948 se
637 2922 768 2960 transp.
788 2913 878 2949 Edd.
1203 2925 1257 2959 27.
1284 2917 1343 2949 τοῦ
1362 2916 1448 2948 Θεοῦ
1466 2914 1562 2958 prius
1580 2925 1650 2947 om.
1669 2913 1712 2946 A.

146 2964 201 2997 28.
227 2961 357 3006 ε’ίδομεν
373 2962 503 2997 habent
519 2961 610 2996 A.B.

880 3030 902 3070 3
925 3030 946 3055 T
970 3030 992 3056 2
