2021 3434
114 181 198 223 xiii.
225 182 287 223 16.
535 182 608 224 IN
649 180 890 223 OSEAM.
951 179 1104 221 TOM.
1146 178 1250 220 VII.
1605 174 1686 215 275

185 294 623 363 Ἐπενεχθήσεσθαι
657 293 713 359 δὴ
748 294 829 346 οὖν
861 296 928 363 τῷ
967 291 1152 361 θανάτῳ
1183 287 1399 357 Χριστὸν
1436 287 1462 337 ὁ
1495 288 1686 352 προφη-

113 375 238 431 τικὸς
262 377 372 442 ἡμῖν
398 378 488 447 ἔφη
519 377 662 444 λόγος
689 376 836 448 ἀνέμῳ
865 374 1052 428 καύσωνι
1077 370 1430 440 παραπλήσιον,
1457 367 1507 422 ὃς
1531 365 1692 419 πάσας

115 461 256 512 αὐτοῦ
308 462 394 517 τοὶς
437 460 596 529 πηγὰς
641 464 716 513 καὶ
756 460 842 516 τᾶς
890 458 1081 528 φλέβας
1125 456 1427 526 καταξηρανεῖ.
1495 448 1694 514 ἐπιμένει

115 545 197 595 οὖν
231 548 289 612 τῇ
328 548 496 613 τροπῇ,
534 546 609 595 καὶ
642 542 774 607 μάλα
811 544 975 610 ὀρθῶς,
1017 542 1092 592 καὶ
1127 542 1190 593 ὡς
1224 537 1317 589 ἀπό
1355 558 1410 602 γε
1445 539 1528 586 τοῦ
1563 553 1689 595 συμ-

74 640 96 678 5
115 627 292 688 βαίνειν
340 626 566 688 εἰωθότος,
616 624 702 690 τὴν
751 631 834 676 τοῦ
880 622 1141 689 μυστηρίου
1205 624 1400 672 ποιεῖται
1461 614 1689 679 δήλωσιν.
1712 628 1734 653 0

117 711 309 780 φλέβας
358 711 406 762 δὲ
453 713 528 762 καὶ
579 710 735 777 πηγέις
785 715 868 761 τοῦ
919 708 1133 769 θανάτου,
1173 704 1280 758 τοὺς
1328 706 1411 767 τῆς
1462 698 1698 752 ἀπωλείας

117 793 318 859 τρόπους
359 792 476 844 εἷναί
516 798 684 861 φαμεν,
725 793 827 857 ἤτοι
877 789 962 845 τὰς
1010 787 1216 855 πονηρὰς
1261 786 1337 837 καὶ
1387 781 1699 846 ἀντικειμένας

118 873 343 938 δυνάμεις.
405 877 460 926 δι’
489 877 641 926 αὐτῶν
673 873 767 941 γὰρ
805 873 966 939 ὥσπερ
1004 871 1090 936 τὴν
1127 874 1221 921 τῶν
1259 870 1325 919 ἀεὶ
1364 864 1483 916 κατὰ
1515 861 1699 929 καιροὺς

119 957 461 1022 ἀπολλυμενων
511 962 779 1025 χορηγεῖται
827 953 1028 1019 πληθύν.
1113 953 1233 1003 οὕτω
1283 947 1466 1012 νοήσεις
1516 946 1592 996 καὶ
1642 943 1701 995 τι),

56 1064 102 1089 10
121 1064 251 1102 σκευη
287 1040 348 1092 τοὶ
383 1039 629 1109 επιθυμητα,
662 1040 806 1091 αὐτου.
874 1061 1004 1098 σκευη
1036 1034 1130 1102 γὰρ
1163 1030 1470 1086 ἀπολλύοντα
1494 1025 1602 1081 τοὺς
1627 1028 1702 1078 ἐπὶ

121 1126 203 1188 τῆς
240 1126 328 1188 γῆς
366 1127 441 1174 καὶ
478 1127 544 1193 τῷ
583 1122 768 1192 θανάτῳ
802 1121 931 1185 τίμια
965 1118 1082 1187 φαίη
1120 1140 1189 1171 τις
1227 1114 1285 1166 ἂν
1323 1111 1520 1174 εικότως,
1551 1108 1581 1174 ἢ
1618 1108 1702 1162 τὰς

122 1207 329 1275 πονηρὰς
366 1212 442 1259 καὶ
491 1208 800 1272 ἀντικειμένας
849 1208 1078 1269 δυνάμεις,
1123 1203 1269 1268 ἤγουν
1312 1197 1532 1251 ἀνοσίους
1575 1194 1705 1249 τινὰς

124 1296 218 1343 τῶν
259 1293 334 1343 ἐπὶ
377 1294 459 1355 τῆς
502 1294 605 1357 γῆς,
644 1293 726 1354 τῆς
764 1290 933 1340 ἐκείνου
972 1284 1257 1353 δυστροπίας
1294 1278 1592 1349 θεραπευτὰς,
1630 1280 1706 1329 καὶ

126 1372 558 1440 προσαπολλύντας
594 1374 770 1427 ἑαυτοῖς
808 1371 1001 1437 ἑτέρους.
1070 1367 1360 1420 πνεύσαντος
1400 1361 1457 1427 δὴ
1502 1362 1584 1413 οὖν
1623 1362 1751 1412 τοῦ(1

63 1476 109 1514 15
132 1456 365 1515 καύσωνος,
395 1455 561 1507 ἅπασά
595 1460 746 1525 φησιν
771 1455 799 1519 ἡ
825 1459 907 1505 τοῦ
933 1451 1134 1504 θανάτου
1162 1447 1460 1520 ξηρανθήσ-ετοιι
1486 1444 1562 1511 yffi.
1625 1467 1708 1495 πε-

130 1539 315 1604 ποίηται
354 1538 402 1591 δὲ
438 1537 584 1590 πάλιν
624 1540 685 1592 ὡς
729 1539 779 1588 ἐκ
815 1539 1084 1604 μεταφορᾶς
1122 1534 1147 1584 ὁ
1186 1530 1347 1597 λόγος.
1415 1528 1575 1593 ὅμοιον
1614 1525 1708 1593 γὰρ

133 1624 194 1675 ὡς
231 1625 268 1672 εἰ
306 1624 381 1673 καὶ
417 1620 549 1687 λέγοι
581 1618 725 1688 τυχόν
764 1616 1098 1679 Κατεβόσκετο
1135 1614 1220 1680 μὲν
1259 1611 1422 1678 ὥσπερ
1455 1633 1499 1661 τι
1537 1610 1710 1677 χωρίον

134 1705 159 1754 ὁ
200 1702 396 1757 θάνατος
439 1701 545 1757 τοὺς
582 1704 656 1754 ἐπὶ
693 1704 776 1766 τῆς
818 1704 921 1767 γῆς·
980 1698 1089 1749 ἀλλ’
1135 1697 1269 1748 ἔσται
1307 1691 1467 1763 ξηρὸν,
1509 1692 1596 1759 οὐχ
1633 1692 1707 1742 εὑ-

134 1785 269 1852 ρήσει
307 1785 452 1850 νομὴν
489 1786 514 1836 ὁ
545 1783 760 1838 θάνατος.
827 1780 1052 1851 ἀνῄρηται
1082 1779 1176 1846 γὰρ
1208 1779 1236 1842 ἡ
1269 1774 1428 1846 φθορὰ
1460 1772 1713 1839 προθέντος

69 1899 117 1923 20
135 1867 286 1920 ἅπασι
328 1874 411 1919 τοῦ
453 1871 668 1935 Χριστοῦ
710 1865 796 1931 τὴν
839 1864 972 1932 ζωὴν,
1018 1864 1092 1914 καὶ
1135 1857 1480 1925 παλινάγρετον
1525 1854 1714 1925 ἐφέντος

134 1955 368 2003 ποιεῖσθαι
405 1950 490 2015 τὴν
528 1949 816 2018 ἀφθαρσίαν.

1734 2075 1755 2100 θ

135 2177 496 2235 Ἀφανισθύσεται
520 2175 755 2231 Σαμάρεια,
785 2173 849 2215 ὅτι
882 2172 1060 2213 ἀντέσΤΗ
1095 2168 1202 2225 Πρὸς
1239 2165 1312 2209 τὸν
1348 2164 1457 2206 Θεὸν
1491 2162 1630 2202 αὐτῆς·
1669 2158 1713 2199 ἐν
1737 2163 1783 2199 16

209 2260 398 2319 ῥομφαία
421 2263 649 2302 Πεσοῦνται
692 2256 824 2308 αὐτοὶ,
855 2256 924 2296 καὶ
959 2255 1010 2296 τὰ
1048 2251 1268 2293 ὑποτίτθια
1305 2248 1446 2289 αὐτῶν
1484 2242 1718 2299 ὲὸαφισθύ-

210 2360 368 2395 σονται,
396 2344 464 2384 καὶ
490 2341 532 2384 αἱ
559 2342 603 2384 ὲν
630 2340 775 2397 Γαστρὶ
798 2339 968 2395 ἔχουσαι
995 2336 1137 2377 αὐτῶν
1164 2332 1536 2390 ὃιαῤῥαῙ-ύσονται.

77 2489 124 2528 25
218 2466 515 2535 Διαπεράνας
554 2466 603 2517 εὖ
642 2463 775 2529 μαλα
814 2485 896 2514 τον
942 2461 1015 2512 ε’πι
1057 2460 1256 2526 Χριστῷ
1305 2455 1472 2521 λόγον,
1520 2453 1595 2503 καὶ
1638 2453 1721 2516 τῆς

145 2549 352 2602 καθόλου
385 2549 665 2615 λυτρώσεως
698 2569 752 2597 το
785 2542 1044 2610 μυστήριον
1076 2535 1483 2608 προαπηγγελκὼς
1518 2536 1543 2586 ὃ
1572 2557 1720 2598 μακα-

145 2656 243 2700 ριος
266 2630 529 2700 προφήτης,
558 2626 796 2723 ἐποιμώζεί
829 2625 976 2677 πάλιν
1012 2628 1112 2677 ταῖς
1149 2626 1242 2673 τῶν
1276 2614 1721 2687 προσκεκρουκότων

147 2718 429 2783 συμφοραῖς,
462 2710 607 2776 μόνον
650 2709 699 2760 δὲ
737 2708 838 2775 οὐχὶ
874 2729 949 2757 και
994 2701 1361 2772 κατολοφύρεται
1400 2722 1507 2753 τους
1544 2700 1592 2750 ἐν
1625 2704 1760 2754 Σοί-ἃ
1790 2704 1940 2741 190A.

198 2874 231 2908 3.
256 2859 382 2907 πηγὰς]
401 2859 535 2905 πληγὰς
552 2858 631 2903 (Sic)
650 2856 742 2892 Edd.
897 2867 931 2897 4.
955 2852 1064 2898 μάλα]
1083 2853 1233 2897 μάλιστα
1250 2850 1311 2885 iid.
1472 2859 1524 2894 13.
1550 2849 1608 2892 τῆς
1625 2847 1721 2892 prius

151 2915 372 2953 assumptum
390 2920 430 2941 ex
450 2907 492 2941 B.
637 2914 689 2950 17.
715 2904 768 2937 καὶ
785 2914 854 2936 om.
874 2901 921 2935 D.
969 2901 1035 2946 γὰρ
1052 2906 1171 2945 postu
1173 2899 1208 2933 ἐν
1224 2897 1305 2932 add.
1325 2897 1372 2932 D.
1526 2905 1580 2929 22.
1598 2894 1721 2938 ἀνέστη

153 2956 245 2991 Edd.
262 2956 362 3001 (239,
380 2954 481 2999 311.)
731 2961 785 2996 23.
811 2945 1117 2993 ἐδαφισθὴσονται]
1135 2944 1405 2991 εδαφισθήσεται
1425 2942 1461 2976 F.
1480 2942 1543 2987 (22
1561 2943 1603 2976 al.
1608 2942 1625 2987 )
1643 2942 1722 2975 ἐλα-

152 3002 382 3048 φισθὴσοντιιι
400 3000 489 3045 (Sic)
508 2999 598 3034 Edd-

878 3063 904 3090 N
926 3064 953 3089 n
977 3063 1000 3090 2
