2021 3434
121 177 204 218 xiv.
233 191 323 234 1—3.
556 179 630 221 IN
671 179 908 221 OSEAM.
977 178 1125 220 TOM.
1163 178 1267 220 VII.
1613 177 1694 217 277

119 289 460 355 παρακλήσεως
502 294 576 342 καὶ
620 293 916 359 παραμυθίας
951 290 1123 359 τρόπος
1169 290 1226 341 ἂν
1265 294 1414 340 νοοῖτο
1452 291 1696 340 παντελῶς

119 371 276 435 οὐδεὶς,
304 371 354 426 ὃς
378 374 460 425 οῦκ
485 375 702 440 ἐγνώσθη
731 378 851 444 Θεῷ.
919 376 993 425 καὶ
1031 375 1080 425 τί
1113 372 1230 438 μετὰ
1268 377 1434 432 τοῦτο;
1474 375 1692 432 συμβου-

119 454 270 506 λεύειν
317 454 374 520 ἧν
423 458 676 522 ἀναγκαῖον
725 456 784 508 τὰ
824 455 942 524 πρὸς
986 457 1224 520 σωτηρίαν
1272 455 1425 507 αὐτοῖς
1471 457 1697 503 τελοῦντα

119 535 287 588 λοιπὸν
325 542 515 606 φρονεῖν
551 561 602 589 τε
635 541 708 590 καὶ
747 542 876 605 δρᾶν,
903 541 978 590 ’καὶ
1004 540 1139 589 οἱονεὶ
1164 537 1282 604 πρὸς
1313 534 1550 603 ἀνάνηψιν
1581 535 1695 584 ἀνα-

78 619 316 686 5κομίζειν
354 621 622 686 ἐπείγεσθαι
659 620 766 674 τοῦς
803 621 1194 685 μεμεθυσμένους·
1234 620 1316 670 οὐκ
1347 618 1404 687 ἐξ
1432 617 1568 668 οἴνου·
1607 615 1694 668 πό-

119 704 198 751 θεν
210 723 223 764 ;
266 703 315 753 ἐκ
349 703 624 771 φιληδονίας
662 702 711 754 δὲ
747 707 937 767 μᾶλλον
974 705 1218 766 κοσμικῆς,
1247 702 1323 751 καὶ
1354 705 1437 750 τοῦ
1469 704 1691 765 προσκεῖ-

119 788 235 834 σθαι
276 789 431 852 φιλεῖν
474 790 572 839 ταῖς
615 789 709 836 τῶν
750 786 998 848 δαιμονίων
1042 783 1255 837 ἀπάταις.
1325 782 1400 833 ἵνα
1439 782 1595 832 τοίνυν
1632 780 1737 845 μὴθ

118 871 218 920 ταῖς
249 870 311 920 εἷς
344 867 647 934 χρηστότητα
677 869 751 918 καὶ
785 867 1148 936 φιλανθρωπίαν
1174 864 1469 932 ὑποσχέσεσι
1501 863 1618 930 πρὸς
1644 862 1698 913 τὸ

117 949 327 1019 ῥᾴθυμον
377 950 682 1014 ὑπτιούμενοι,
733 949 817 1001 τὸν
865 949 1170 1049 σωφρονίζειν
1220 949 1373 999 εἰδότα
1415 947 1522 1012 παρ’
1570 944 1701 995 οὐδὲν

54 1058 100 1084 10
117 1037 323 1083 ποιοῖντο
373 1031 535 1097 λόγον,
584 1055 805 1100 ταυτῃτοι
845 1031 1091 1099 χρησίμως
1134 1029 1252 1096 πρὸς
1303 1029 1569 1093 ὑπόμνησιν
1613 1028 1696 1078 αὐ-

118 1137 224 1168 τους
260 1118 354 1166 τῶν
392 1116 552 1166 δεινῶν
589 1115 807 1184 ἀναφερει
840 1113 999 1176 παλιν,
1035 1113 1456 1181 ἀφανισθήσεσθαι
1493 1134 1578 1174 μεν
1617 1109 1703 1175 τὴν
1765 1125 1894 1199 Supra6

119 1195 384 1264 Σαμάρειαν
419 1195 576 1260 εἰπὼν,
619 1196 689 1247 ότι
724 1197 928 1260 ἀντέστη
969 1195 1087 1263 πρὸς
1126 1195 1206 1246 τὸν
1241 1193 1366 1246 Θεον
1404 1195 1561 1257 αὐτῆς“
1605 1190 1703 1243 εἶτα
1763 1179 1819 1198 xm
1847 1178 1858 1199 ¹

118 1302 296 1334 τουτοις
326 1281 473 1330 ἐκεῖνα
505 1276 841 1346 προστιθεὶς,
817 1293 846 1330 α
877 1277 933 1343 δὴ
971 1278 1186 1343 μαλιστά
1210 1301 1263 1344 γε
1292 1275 1707 1328 καταδεδίττεσθαί

118 1385 167 1413 τε
193 1365 268 1414 καὶ
295 1364 428 1413 ἀνιᾶν
451 1362 534 1413 οὐκ
560 1362 784 1416 ἀνικάνως
807 1361 974 1429 ἔχοντα
1001 1362 1213 1429 φαίνεται
1236 1359 1344 1413 τοὺς
1368 1357 1699 1425 ἀκροωμένους.
1720 1381 1741 1405 a
1779 1372 1854 1406 191
1871 1372 1919 1406 A.

55 1463 99 1501 15
120 1444 260 1510 νήπια
289 1444 373 1508 μὲν
397 1444 491 1512 γὰρ
516 1444 931 1514 ἐδαφισθήσεσθαί
955 1449 1091 1511 φησι·
1152 1445 1506 1495 συνδιολεῖσθαι
1534 1440 1582 1492 δὲ
1607 1445 1703 1496 τοῖς

119 1527 336 1596 ἐμβρύοις
379 1530 453 1579 καὶ
498 1526 639 1582 αὐτὰς
686 1526 770 1582 τὰς
817 1526 1031 1594 μητέρας,
1077 1528 1206 1578 οὔπω
1247 1528 1329 1590 τῆς
1371 1523 1574 1590 λαγόνος
1618 1524 1696 1592 ἐξ-

119 1610 398 1677 ενεγκούσας
428 1615 489 1665 εἰς
520 1614 621 1678 φῶς
648 1609 702 1661 τὸ
728 1609 1016 1661 πολύευκτον
1042 1609 1204 1677 ἄχθος.
1270 1604 1700 1674 προκαταπτοήσας

119 1692 176 1757 δὴ
215 1693 295 1744 οῦν
332 1698 427 1747 τοῖς
463 1694 690 1756 δείμασιν,
715 1694 787 1744 ἐπὶ
820 1698 980 1759 καιροῦ
1011 1690 1181 1743 λοιπὸν
1206 1695 1304 1744 ταῖς
1331 1694 1425 1741 τῶν
1452 1692 1696 1740 νουθετοῦ-

118 1774 269 1838 με’νων
294 1775 499 1841 καρδίαις
523 1774 604 1826 τὸν
627 1781 863 1827 καλοῦντα
893 1774 1010 1841 πρὸς
1037 1773 1336 1840 μετάγνωσιν
1363 1773 1510 1836 ἐνίησι
1537 1769 1700 1837 λόγον,

53 1881 101 1905 20
121 1857 191 1908 ὅτι
235 1856 326 1925 χρὴ
369 1860 715 1924 παλινδρομεῖν,
754 1859 829 1908 καὶ
870 1856 988 1924 πρὸς
1034 1856 1158 1908 Θεὸν
1195 1855 1438 1920 ἐπανήκειν
1475 1855 1524 1905 εὖ
1566 1855 1700 1918 μα’λα

118 1944 434 2008 παραφωνῶν.
495 1941 650 2006 λε’γων
687 1939 735 1991 δὲ
778 1939 838 1991 ’ὅτι
880 1939 1110 2001 ἧσθὲνησοις
1149 1941 1186 1990 ἐν
1224 1942 1323 1994 ταῖς
1361 1935 1562 1991 ἀδικίαις
1604 1939 1696 2000 σοῦ,

119 2023 284 2074 δίδωσι
321 2028 455 2086 νοεῖν,
490 2022 560 2074 ὅτι
594 2023 747 2087 πάντη
786 2046 835 2073 τε
870 2024 946 2073 καὶ
983 2022 1171 2075 πάντως
1208 2018 1561 2088 συγκαταλήξει
1598 2022 1699 2074 ταῖς
1715 2029 1742 2069 b

119 2102 318 2160 ἀδικίαις
360 2107 435 2156 καὶ
479 2105 533 2156 τὸ
574 2103 755 2157 ἀσθενεῖν
800 2103 976 2168 αὐτοὺς,
1019 2108 1093 2155 καὶ
1136 2109 1231 2158 τοῖς
1275 2106 1357 2167 τῆς
1400 2101 1701 2156 ἀποστασιάς

118 2186 320 2254 τρόποις,
345 2191 383 2238 εἰ
407 2189 457 2239 ἐκ
482 2187 630 2252 με’σου
655 2186 874 2253 γένοιντο,
901 2186 1235 2255 συνοιχήσεται
1262 2188 1337 2236 καὶ
1364 2185 1422 2236 τὰ
1447 2184 1585 2235 δεινά.

54 2286 100 2325 25
192 2269 292 2321 Τὸν
330 2270 384 2320 δέ
416 2293 470 2336 γε
508 2273 590 2334 τῆς
627 2269 745 2336 πρὸς
777 2268 901 2321 Θεὸν
936 2269 1208 2338 ἑπιστροφῆς
1243 2267 1551 2319 καταλειαίνει
1586 2266 1696 2331 τρό-

118 2370 221 2404 πον·
275 2353 471 2404 ε”σεσθαι
500 2351 594 2419 γὰρ
626 2354 673 2403 ἐν
705 2353 919 2416 ἀμείνοσι
958 2354 1033 2403 καὶ
1070 2353 1117 2402 ἐν
1156 2353 1310 2420 φειδοῖ
1340 2354 1397 2418 τῇ
1429 2348 1559 2415 παρὰ
1590 2352 1699 2418 Θεῷ

117 2433 224 2490 τοὺς
260 2434 585 2502 ἡμαρτηκότας
623 2436 672 2486 εὖ
709 2435 842 2499 μάλα
869 2438 1033 2504 φησὶν,
1060 2435 1113 2485 οὐ
1147 2433 1206 2484 τὰ
1233 2435 1282 2484 ἐκ
1307 2431 1518 2484 πλούτου
1542 2454 1696 2498 προσ-

119 2516 332 2583 άγοντας,
368 2519 422 2568 οὐ
457 2517 638 2585 χρυσὸν
670 2517 936 2580 ἀναθέντας,
963 2518 1016 2567 οὐ
1048 2515 1268 2567 σκεύεσιν
1306 2516 1526 2581 ἀργυροῖς
1559 2518 1700 2578 τιμᾶν

118 2599 387 2667 ᾑρημένους,
410 2601 464 2651 οὐ
496 2599 784 2662 βουθυσίαις,
811 2600 864 2650 οὐ
902 2598 1069 2663 μήλων
1107 2602 1320 2667 σφαγαῖς
1353 2597 1699 2666 εὐφραίνοντας,

55 2703 103 2739 3ο
121 2683 229 2732 ἀλλ’
265 2685 302 2733 εἰ
335 2683 612 2750 χαρίσαιντο
647 2680 832 2747 λόγους,
873 2683 948 2731 καὶ
986 2681 1229 2741 εὐστομεῖν
1267 2679 1449 2729 ἕλοιντο
1486 2678 1569 2730 τὸν
1605 2684 1700 2731 τῶν

169 2812 201 2836 2.
225 2801 274 2848 τί]
293 2803 330 2837 τὸ
349 2803 441 2838 Edd.
693 2813 726 2848 5.
753 2802 855 2838 οἴνου·
881 2802 984 2838 πόθεν
997 2801 1027 2848 3]
1057 2802 1114 2836 Sic
1133 2802 1265 2837 correxi
1282 2814 1323 2836 ex
1344 2802 1391 2836 D.
1409 2801 1500 2836 οἵνου
1517 2802 1621 2837 ποθέν
1637 2802 1698 2836 iid.

122 2857 154 2892 7.
180 2849 357 2893 δαιμονίων
375 2850 467 2885 B.D.
485 2851 649 2895 δαιμόνων
665 2851 724 2885 iid.
866 2861 919 2885 11.
944 2847 1065 2895 πάλιν]
1087 2854 1123 2890 -1-
1141 2850 1194 2884 καὶ
1211 2849 1271 2883 iid.
1322 2848 1448 2884 Statim
1464 2849 1699 2895 ἀναφανισθὴ-

122 2895 246 2929 σεσθαι
264 2895 351 2941 (Sic)
368 2897 426 2931 iid.
445 2899 577 2933 correxi
594 2911 635 2932 ex
654 2898 696 2932 Β.
797 2907 850 2942 15.
877 2896 1146 2942 ἐδαφισθὴσεται
1164 2896 1244 2940 (Sic)
1264 2896 1310 2930 D.
1422 2907 1474 2942 17.
1491 2895 1700 2931 πολύευκτον

122 2941 243 2987 ἶίχθος]
262 2942 486 2978 πολύτευκτον
502 2945 600 2981 ἄνθος
617 2945 675 2979 iid.
809 2946 861 2978 18.
887 2945 1065 2989 δείγμασιν
1083 2955 1146 2989 pro
1164 2942 1317 2987 δείμασιν
1334 2942 1392 2977 iid.
1500 2953 1622 2989 20—25.
1643 2944 1699 2977 Ab

122 2990 206 3033 πρὸς
222 2988 266 3022 ad
281 2991 365 3034 πρὸς
381 2992 529 3026 transilit
549 2992 593 3026 D.
750 3002 804 3036 30.
831 2995 896 3025 τῶν
915 3003 982 3025 om.
1006 2991 1050 3024 D.
