2021 3434
274 183 358 222 490
661 182 710 222 B.
754 180 1029 221 CYRILLI
1070 178 1446 219 ALEXANDR.
1630 175 1684 216 vi.
1711 174 1835 213 8-10.

275 295 510 361 λείψανα;
549 291 735 345 ἑαυτοὺς
772 291 1004 355 δηλονότι.
1073 289 1294 358 φορτικὸν
1334 289 1425 354 γὰρ
1468 291 1540 338 καὶ
1585 288 1838 337 δύσοιστον

276 377 462 438 ἀληθῶς
496 374 548 424 τὸ
583 373 833 435 μυδώντων
865 373 951 437 ἤδη
986 377 1058 424 καὶ
1087 371 1395 435 σεσημμένων
1423 369 1651 421 ἅπτεσθαι
1677 366 1840 430 σωμά-

275 479 386 518 των,
435 458 508 506 καὶ
548 454 673 522 ῥινὸς
713 453 842 518 οἶμαί
881 478 972 506 που
1016 454 1081 517 μὴ
1126 454 1399 519 τετρημένης
1447 455 1542 505 τοῖς
1589 449 1647 500 τὰ
1689 447 1840 500 τοιάδε

276 541 492 600 τολμῶσι
537 538 684 604 χρεία·
725 537 982 599 κακοσμιάς
1027 535 1119 601 γὰρ
1157 538 1238 598 τῆς
1279 536 1397 585 οὕτω
1437 535 1582 595 δεινῆς
1620 530 1748 581 οὐδὲν
1786 529 1843 580 ἂν

278 619 456 683 γένοιτο
482 623 650 685 χεῖρον.
712 619 897 671 ἑαυτοὺς
933 619 1013 669 οῦν
1048 618 1138 683 ἄρα
1171 616 1549 677 καταβιάσονται,
1575 617 1669 665 τοῖς
1695 633 1842 662 κατοι-
1864 626 1885 663 5

277 701 489 768 χομένοις
532 702 606 751 καὶ
658 699 965 751 ἀπολωλόσιν
1011 699 1098 750 ὑπὸ
1143 704 1281 761 λιμοῦ
1325 697 1378 748 τὸ
1423 695 1666 758 συμπαθὲς
1717 717 1843 761 χαρι-

279 782 469 849 ζόμενοι,
505 782 580 834 διὰ
613 788 694 834 τοῦ
725 784 799 833 καὶ
835 781 999 851 τάφων
1034 784 1107 832 καὶ
1146 782 1429 847 περιστολῆς
1470 779 1630 846 ἀξιοῦν
1668 775 1844 829 αὐτούς.

234 870 261 910 b
279 868 321 916 οὶ
354 864 402 915 δὲ
436 871 574 916 τοῦτο
605 867 815 931 δρῶντες,
841 866 977 932 φησὶ,
1002 861 1387 929 περιεργάσονται
1421 859 1588 911 λοιπὸν
1612 857 1740 925 παρὰ
1765 863 1846 908 τοῦ

278 945 364 1011 τὴν
392 949 535 999 οἶκίοον
568 946 752 1009 ειδότος,
779 946 843 1010 μὴ
870 946 960 1013 ἄρα
986 969 1053 999 τις
1080 944 1145 1008 εἰη
1171 945 1265 1008 μετ’
1295 944 1486 996 ἐκείνους
1513 942 1677 1007 ἕτερος,
1704 939 1732 1005 ἢ
1759 940 1849 1006 ζῶν

279 1031 343 1082 ε’τι
369 1055 510 1099 τυχον
530 1055 604 1083 και
631 1034 678 1082 ἐν
697 1036 858 1099 μυχοῖς
888 1027 1188 1092 λανθάνων,
1167 1053 1195 1093 η
1220 1028 1412 1082 τεθνεὼς
1437 1027 1525 1091 ἠδη
1551 1028 1626 1077 καὶ
1651 1025 1847 1078 ὀδωδώς.
1874 1044 1917 1068 ¹0

281 1114 306 1164 ὁ
327 1114 373 1164 δὲ
400 1115 694 1180 ἀποκρινεται
719 1113 872 1179 λεγων
892 1117 992 1165 Οὐκ
1020 1113 1094 1164 ἐτι.
1149 1117 1285 1163 τοῦτο
1312 1110 1404 1162 δέ’
1383 1133 1511 1160 εστιν
1531 1109 1685 1174 ἕτερον
1704 1106 1849 1168 οὐδὲν,

281 1193 310 1259 ἢ
335 1201 592 1249 παντελοῦς
618 1196 804 1261 ἐρημίας
829 1194 1062 1263 ἀπόδειξις
1085 1193 1295 1260 ἐναργής.

354 1278 494 1328 Ἀλλ’
532 1281 569 1328 εὶ
603 1283 739 1329 τοῦτο
770 1277 950 1343 λέγοιεν
989 1281 1030 1328 οἱ
1060 1276 1133 1336 &if
1173 1279 1316 1330 οἰκίας
1349 1276 1674 1343 προεστηκότες,
1712 1274 1850 1323 ἀντα-

282 1358 544 1422 κούσονται,
584 1361 720 1428 φησὶ,
749 1358 877 1425 παρὰ
914 1364 995 1409 τοῦ
1029 1358 1113 1423 τὴν
1149 1363 1316 1410 πεῦσιν
1353 1356 1679 1423 προσάγοντος
1712 1357 1850 1421 Σίγοι,

285 1440 416 1492 ἕνεκεν
441 1443 511 1492 τοῦ
535 1440 596 1509 μὴ
623 1441 834 1508 ὀνομάσαι
862 1441 907 1492 το
936 1442 1069 1509 ὄνομα
1097 1447 1255 1510 Κυρίου.
1876 1446 1919 1484 ¹5

361 1524 455 1574 Καὶ
486 1524 534 1573 τί
564 1522 620 1587 δὴ
650 1521 787 1574 τοῦτό
832 1525 973 1585 ἐστιν,
1019 1524 1271 1588 ἀναγκαῖον
1311 1524 1434 1572 ἰδεῖν.
1498 1519 1615 1573 τινὲς
1651 1518 1735 1582 μὲν
1772 1519 1852 1569 οῦν

247 1628 268 1653 e
286 1628 457 1656 οιονται
487 1628 536 1657 τε
569 1606 650 1656 καί
679 1604 893 1675 φασιν,”
869 1628 939 1656 οτι
971 1604 1234 1667 με’λλοντας
1260 1602 1451 1665 ὀμνύναι
1476 1600 1582 1656 τοὺς
1607 1601 1680 1661 τῆς
1712 1603 1852 1655 οἰκίας

285 1711 620 1757 προεστηκοτας,
646 1691 687 1738 οἱ
719 1690 976 1754 ἐρωτῶντες
1013 1686 1420 1752 κατασιγάζουσιν,
1445 1685 1519 1736 ι’να
1545 1710 1604 1752 μη
1637 1683 1854 1747 ὀμόσωσι

284 1795 329 1821 το
368 1794 500 1837 ονομοι
537 1772 700 1840 Κυρίου.
766 1768 1125 1836 προσεπάγουσι
1157 1768 1260 1831 δὲ,
1246 1768 1315 1819 ότι
1348 1766 1464 1833 πρὸς
1503 1773 1640 1817 τοῦτο
1677 1770 1771 1819 τοῖς
1802 1766 1858 1834 ἐξ

285 1852 495 1919 ’“Εφραι’μ
536 1855 617 1916 τῆς
661 1851 864 1919 ἐσχάτης
907 1850 1179 1920 ἀφιλοθεΐας
1221 1850 1513 1901 κατώλισθεν
1557 1850 1582 1898 ὁ
1635 1854 1751 1910 νοῦς,
1793 1851 1854 1902 ὡς
1876 1871 1924 1896 20

286 1933 401 1998 μηδὲ
440 1934 693 2002 ἀνέχεσθαί
730 1957 881 1996 τινων,
929 1933 1055 1999 ε’ίπερ
1103 1931 1283 1983 ἕλοιντό
1327 1955 1424 1985 πως
1466 1930 1547 1982 τὸν
1589 1934 1682 1981 τῶν
1731 1931 1856 1982 ὅλων

288 2016 509 2084 ὀνομάζειν
559 2017 694 2068 Θεόν.
775 2016 877 2067 ε”στι
941 2015 988 2066 δὲ
1042 2014 1167 2078 οἶμαι
1229 2014 1407 2080 σαθρὸς
1458 2016 1624 2081 κομιδῇ
1675 2015 1749 2064 καὶ
1803 2012 1856 2064 τὸ

288 2100 490 2153 ἀκαλλὲς
528 2098 646 2167 ε”χων
685 2100 710 2149 ὁ
748 2098 931 2149 τοιόσδε
971 2097 1128 2163 λόγος.
1196 2096 1266 2147 ὅτι
1298 2096 1381 2158 μὲν
1406 2095 1498 2162 γὰρ
1524 2096 1752 2161 ἀπέθορον
1776 2098 1857 2159 τῆς

290 2186 350 2235 εἰς
389 2180 512 2232 Θεὸν
543 2180 727 2247 ἀγάπης
762 2179 1031 2247 ὁλοτρόπως
1066 2182 1107 2230 οἱ
1145 2179 1200 2248 ἐξ
1226 2178 1451 2246 Ἐφραὶμ,
1489 2176 1764 2228 ἐνδοιάσειεν
1801 2175 1858 2228 ἂν

247 2270 272 2310 d
292 2263 448 2317 οὐδείς.
505 2262 613 2314 ἀλλ’
642 2265 690 2313 ἐν
722 2266 886 2330 πληγῇ
917 2264 991 2313 καὶ
1028 2261 1224 2327 μάστιγι
1262 2259 1526 2326 γεγονότας,
1561 2259 1676 2312 εἰκὸς
1708 2258 1857 2323 δήπου
1878 2280 1925 2318 25

289 2351 477 2409 μᾶλλον
507 2348 775 2397 καταδεῖσαι
809 2343 964 2411 βραχὺ
999 2346 1073 2394 καὶ
1102 2345 1443 2412 μεταφοιτῆσαι
1468 2341 1635 2392 λοιπὸν
1660 2341 1777 2407 πρὸς
1803 2339 1857 2392 τὸ

290 2429 460 2496 χρῆναί
481 2450 525 2479 τι
548 2427 809 2488 βούλεσθαι
833 2431 927 2477 τῶν
951 2425 1329 2491 ἀναγκαιοτέρων,
1350 2425 1432 2475 οὐκ
1457 2425 1506 2474 ἐκ
1530 2428 1623 2474 τῶν
1643 2424 1858 2474 ἐναντίων

340 2629 370 2651 2.
397 2620 598 2662 σεσηπότων
616 2617 707 2653 Edd.
725 2618 842 2653 invitis
861 2618 902 2651 A.
909 2617 950 2651 Β.
963 2617 997 2651 b.
1434 2628 1466 2658 4.
1493 2617 1692 2659 τολμώντων
1708 2614 1796 2660 (Sic)
1814 2615 1857 2649 A.

293 2674 326 2709 5.
352 2679 410 2699 ουν
426 2677 495 2699 om.
515 2666 556 2700 A.
709 2665 742 2700 6.
765 2667 845 2710 λοιμ
848 2667 886 2698 οῦ
865 2664 995 2746 10Edd.
1045 2661 1234 2708 συμπαθὲς]
1255 2662 1422 2706 τληπαθὲς
1439 2664 1482 2697 A.
1637 2671 1668 2707 7.
1693 2662 1746 2695 καὶ
1763 2662 1858 2707 prius

294 2718 513 2756 assumptum
531 2724 571 2746 ex
585 2712 628 2747 A.
633 2712 674 2746 B.
944 2711 1023 2755 A.
1029 2711 1074 2744 D.
1094 2709 1159 2744 εἴτε
1178 2709 1267 2743 Edd.
1460 2720 1512 2743 11.
1537 2709 1747 2754 ἀποκρίνεται
1763 2709 1807 2742 Α.
1812 2708 1858 2742 D.

295 2757 519 2803 ἀποκρινεῖται
538 2759 578 2793 B.
598 2759 688 2793 Edd.
849 2770 902 2792 12.
885 2723 1066 2801 οὲνδειξις
1085 2757 1129 2791 D.
1148 2756 1251 2790 habet
1267 2756 1365 2790 ἅπόδ.
1384 2756 1427 2789 Α.
1596 2767 1647 2798 14.
1672 2756 1750 2800 περὶ
1767 2754 1857 2789 Edd.

296 2810 374 2837 ante
393 2805 526 2847 Mione,
544 2805 818 2850 repugnantibus
834 2805 943 2839 libris.
991 2805 1270 2849 προσαγαγόντος
1288 2803 1330 2836 A.
1505 2803 1557 2837 18.
1582 2806 1798 2846 προεστῶτας
1815 2801 1857 2834 Β.

297 2853 578 2896 κατασιγάζουσιν
591 2853 633 2886 A
640 2853 685 2886 D.
700 2853 988 2905 κατασιγάσουσιν
1000 2850 1090 2885 Edd.
1130 2850 1291 2893 ὀμώσωσι
1305 2849 1394 2883 Edd.
1409 2854 1487 2882 ante
1501 2849 1634 2893 Bligne.
1732 2859 1785 2892 23.
1798 2861 1858 2891 μεν

295 2904 511 2941 assumptum
531 2911 571 2932 ex
584 2899 630 2933 D.
646 2899 764 2933 deest
757 2911 791 2932 ln
806 2900 848 2932 A
959 2909 1012 2942 25.
1039 2898 1074 2931 ἐν
1089 2898 1202 2942 πληγῇ
1221 2911 1273 2930 και
1290 2897 1429 2941 μάστιγι
1443 2897 1485 2929 Α.
1492 2896 1532 2930 Β.
1539 2896 1583 2929 D.
1602 2895 1637 2929 ἐκ
1653 2896 1791 2939 πληγῶν
1806 2893 1858 2926 καὶ

297 2943 459 2988 μάστιγος
470 2944 560 2979 Edd.
609 2946 836 2990 γεγονότεςΑ.
888 2945 1011 2978 Statim
1030 2943 1333 2988 σωφρονεστέρους
1349 2942 1428 2977 add.
1445 2941 1535 2977 Edd.
1547 2942 1664 2976 invitis
1681 2939 1856 2975 omnibus.

297 3001 361 3022 που
378 2997 596 3035 assumptum
613 3004 654 3025 ex
675 2992 718 3026 D.
909 3001 962 3036 27.
989 2991 1047 3025 οὐκ
1064 3002 1132 3025 om
1152 2991 1195 3024 A.
