2021 3434
323 212 408 253 710
720 210 768 251 Β.
807 209 1086 251 CYRILLI
1130 209 1511 251 ALEXANDR.
1714 210 1784 251 vii.
1811 223 1902 265 1—3.

322 320 406 373 τὸν
431 320 686 390 ὀφθαλμὸν
711 324 753 371 οἱ
787 325 882 374 τοῖς
915 325 1154 387 τρυγῶσιν
1179 320 1411 385 ἑπόμενοι.
1477 320 1594 371 ε”οικε
1619 319 1675 385 δὴ
1702 322 1783 372 οὖν
1807 325 1901 373 τῶν

322 406 534 455 ἐπιεικῶν
560 402 645 467 τὴν
670 402 848 454 σπάνιν
883 404 908 453 ὃ
942 402 1234 473 προφητικὸς
1268 403 1377 467 ἡμῖν
1411 404 1459 454 ἐν
1489 402 1667 456 τούτοις
1701 411 1901 454 κατολο-

325 486 564 554 φύρεσθαι
603 483 761 551 λόγος.
826 484 898 536 ὅτι
937 485 984 536 δὲ
1026 484 1145 552 πρὸς
1184 485 1346 552 ζημίας
1383 485 1548 551 γε’γονε
1586 488 1681 538 τοῖς
1719 485 1775 553 ἐξ
1801 485 1903 535 Ἰσ-
2000 496 2005 568 ξ

322 567 450 635 ραὴλ
492 568 546 619 τὸ
587 570 760 635 χρῆμα,
801 567 855 618 τὸ
897 568 945 618 ἐν
984 567 1131 636 ἐνδείᾳ
1172 567 1405 633 γενέσθαι,
1445 568 1580 635 φημὶ,
1618 571 1712 618 τῶν
1749 568 1909 632 ἁγίων,
2001 584 2015 643 ιξ

323 655 427 704 πῶς
468 652 600 701 ἐστιν
643 651 966 718 ἀμφιβαλεῖνς
1012 648 1199 714 κήδεται
1239 649 1333 716 γὰρ
1374 649 1478 701 ἔσθ’
1519 648 1594 700 ὅτε
1632 651 1707 700 καὶ
1745 653 1950 718 χωρῶν5
2001 621 2017 730 ξὶ

326 735 401 783 καὶ
435 731 638 795 πόλεων,
680 735 756 783 καὶ
789 731 956 783 πολλὰ
1001 733 1111 782 λίαν
1155 731 1355 799 ἀφίησιν
1399 729 1688 798 ἐγκλήματα,
1729 731 1903 800 φιλάν-
2002 796 2005 805 Ι

327 817 514 880 θρωπος
549 813 614 864 ὢν
652 814 677 864 ὁ
713 812 982 878 Δεσπότης,
1017 814 1154 865 πέντε
1189 837 1281 865 που
1319 812 1456 877 μόλις
1490 813 1635 880 ἁγίων
1673 815 1720 864 ἐν
1758 814 1912 868 αὐτοῖς
2002 807 2017 857 ¹

325 895 609 962 ηὑρημένων,
665 894 752 947 κᾶν
813 897 1069 961 ἐσώθησαν
1118 900 1165 947 αἱ
1221 897 1491 958 Σοδομιτῶν
1552 894 1665 947 ποτὲ
1733 895 1909 957 πόλεις,
2003 894 2006 900 ¹

279 992 309 1032 d
327 977 718 1044 κατοικτειροντος
745 982 871 1029 Θεοῦ
897 982 1021 1029 αἰδοῖ
1048 982 1106 1047 τῇ
1143 978 1262 1044 πρὸς
1288 978 1395 1033 τοὺς
1421 979 1595 1044 ἁγίους,
1623 979 1697 1029 καὶ
1723 977 1912 1044 ὀλίγους

327 1062 509 1128 κομιδῇ,
537 1062 612 1111 καὶ
635 1061 722 1125 τὴν
747 1059 895 1128 ὀργὴν
922 1061 1280 1115 ἀνακόπτοντος.
1933 1077 1980 1103 10
2004 1089 2007 1111 ι

2003 933 2006 962 1

2003 982 2007 1018 ἶ

2003 1056 2008 1087 ί

2004 1136 2007 1154 Ι

2004 1177 2008 1247 ἱ

288 1280 459 1332 2Οἴμοι
527 1285 653 1340 ψυχὴ,
714 1286 779 1327 ὅτι
838 1286 1070 1329 ἀπόλωλεν
1137 1286 1322 1336 εὐλαβής
1393 1286 1479 1328 ἀπὸ
1544 1288 1622 1327 τῆς
1694 1287 1783 1336 Γιῖιε,
1843 1283 1912 1326 καὶ
2004 1283 2008 1381 ἐ

398 1367 621 1423 κατορθῶν
671 1368 716 1409 ἐν
767 1368 1013 1426 ἀνθρώποις
1070 1370 1144 1425 οὐχ
1193 1370 1386 1426 ὑπάρχει,
1434 1369 1592 1411 Πάντες
1641 1367 1701 1410 εἰς
1753 1369 1912 1417 αἵματα
2004 1387 2008 1472 ξ

398 1450 651 1509 δικάζονται,
694 1454 873 1494 ἕκαστος
910 1453 983 1497 τὸν
1028 1453 1208 1496 ΠλΗσίον
1249 1454 1377 1495 αὐτοῦ
1421 1454 1682 1505 ἐκθλίβουσι,ν
1725 1454 1913 1512 ἐκθλιβῇ,

289 1549 311 1585 3
398 1533 468 1575 ἐπὶ
527 1533 575 1577 τὸ
626 1537 756 1578 κακὸν
805 1536 881 1578 τάε
940 1534 1083 1594 χεῖρας
1143 1537 1284 1579 αὐτῶν
1339 1537 1639 1595 ἑτοιμάζουσιν·
1699 1538 1722 1580 ὁ
1770 1538 1911 1594 ἅρχων

399 1615 519 1670 αἰτεῖ,
563 1619 631 1659 καὶ
667 1620 690 1661 ὁ
736 1620 882 1678 κριτὴς
922 1619 1161 1678 εἶρΗνικοὺε
1204 1621 1357 1670 λόΓουε
1394 1622 1617 1673 ὲλάλΗσεν,
1656 1622 1912 1670 καταθύμιον
1938 1634 1983 1673 15
2018 1682 2019 1687 1

397 1705 536 1758 ψυχῆς
563 1704 708 1745 αὐτοῦ.

405 1834 640 1903 Ἀτρεκὴς,
668 1840 731 1891 ὡς
755 1838 899 1890 ε”οικεν
932 1840 1056 1904 ἡμῖν,
1091 1842 1116 1891 ὁ
1152 1839 1311 1907 λόγος.
1378 1840 1590 1908 ὀδύρεται
1615 1839 1707 1907 γὰρ
1734 1841 1758 1891 ὁ
1787 1843 1915 1907 Προ-

292 1917 485 1986 εφήτης
519 1921 582 1972 ὡς
617 1921 699 1971 οὐκ
734 1920 866 1976 ὄντος
906 1924 1124 1983 εὐλαβῶς
1160 1924 1208 1974 ἐν
1247 1923 1337 1991 ὅλῃ
1376 1927 1435 1990 τῇ
1469 1927 1547 1991 γῇ,
1574 1926 1722 1987 δῆλον
1760 1922 1808 1974 δὲ
1846 1921 1916 1973 ὅτι

330 2004 389 2068 τῇ
427 2005 521 2052 τῶν
544 2000 801 2066 Ἰουδαίων,
832 2005 980 2055 καίτοι
1011 2005 1209 2073 κομώσῃ
1243 2005 1395 2056 πάλαι
1421 2007 1671 2060 πλείσταις
1701 2028 1751 2057 τε
1781 2005 1915 2059 ὅσαις

331 2082 480 2149 ἁγίων
511 2088 758 2153 κεφαλαῖς,
788 2088 865 2137 καὶ
888 2088 1092 2155 διαφανῆ
1119 2085 1205 2152 τὴν
1232 2086 1378 2156 δόξαν
1403 2087 1635 2156 ἐχούσαις.
1699 2086 1922 2156 ταύτῃτοί
1937 2109 1983 2135 20

110 2181 267 2213 Es.i.21.
334 2169 461 2234 φησι
499 2168 575 2217 καὶ
615 2166 690 2218 διὰ
732 2171 892 2237 φωνῆς
932 2168 1141 2221 ‘Hoa‘ffov
1183 2170 1303 2224 Θεός
1345 2177 1372 2199 ‘⁴
1392 2174 1505 2225 Πῶς
1544 2170 1724 2236 ἐγένετο
1767 2170 1916 2237 πόρνη

383 2374 413 2397 1.
441 2363 473 2397 οἶ
491 2361 587 2397 deest
604 2363 640 2398 in
658 2363 751 2398 Edd.
955 2376 987 2400 2.
1013 2367 1031 2400 ὁ
1048 2367 1259 2412 προφητικὸς
1276 2366 1353 2412 ἡμῖν
1369 2368 1404 2402 ἐν
1420 2383 1451 2402 τ.
1471 2370 1587 2403 κατολ.
1605 2369 1709 2414 λόγος
1726 2369 1770 2403 A.
1789 2370 1807 2403 ὁ
1825 2374 1918 2414 Προ-

331 2409 442 2455 φήτης
459 2409 536 2453 ἡμῖν
553 2411 588 2445 ἐν
604 2425 634 2445 τ.
655 2410 955 2456 κατολοφῦρεσθαι
973 2413 1065 2447 Edd.
1334 2424 1368 2460 5.
1394 2415 1526 2459 κήδεται
1543 2415 1635 2449 Α.Β.
1653 2415 1808 2462 φείδεται
1825 2415 1916 2451 Edd.

333 2458 367 2490 6.
392 2457 538 2502 ἀφίησιν
555 2457 599 2492 A.
618 2457 751 2501 ἀνίησιν
770 2458 861 2493 Edd.
911 2460 1154 2505 φιλάνθρωπος
1171 2462 1216 2496 ὢν
1234 2462 1278 2496 Α.
1298 2464 1383 2498 Θεὸς
1399 2463 1444 2497 ὢν
1460 2464 1539 2508 φιλ.
1557 2462 1650 2497 Edd.
1803 2472 1833 2508 7.
1859 2464 1917 2498 αὗ-

333 2505 406 2539 ταῖς
422 2504 466 2538 A.
519 2504 646 2538 Statim
663 2505 855 2549 ηὑρημένων
872 2507 1006 2540 correxi
1024 2519 1065 2541 ex
1083 2509 1126 2542 A.
1146 2509 1216 2553 εὑρ.
1237 2509 1329 2544 Edd.
1630 2510 1663 2544 8.
1690 2510 1870 2554 ἐσώθησαν
1885 2510 1918 2544 αἶ

335 2551 526 2594 Σοδομιτῶν
542 2552 624 2585 ποτὲ
641 2553 758 2588 πόλεις
775 2553 818 2587 A.
836 2553 966 2587 ἔσωθεν
983 2554 1014 2587 οἶ
1031 2555 1221 2598 Σοδομιτῶν
1236 2556 1381 2598 ποταμοὶ
1399 2556 1492 2591 Edd.
1556 2556 1673 2592 Verba
1695 2556 1919 2593 κᾶν-πόλεις

335 2597 464 2631 desunt
480 2598 517 2631 in
536 2597 578 2632 B.
822 2611 856 2645 9.
884 2599 988 2646 Θεοῦ]
1013 2605 1049 2642 4-
1072 2602 1125 2635 καὶ
1143 2602 1235 2637 Edd.
1254 2603 1371 2637 invitis
1389 2603 1480 2637 A.B.
1528 2604 1606 2639 τοὺς
1622 2616 1692 2639 om.
1710 2605 1755 2639 A.
1804 2605 1920 2650 λόγοις

334 2655 398 2688 pro
416 2644 558 2690 ὀλίγους
574 2645 619 2679 A.
968 2659 1022 2682 10.
1049 2649 1102 2682 καὶ
1120 2656 1344 2694 assumptum
1361 2662 1403 2684 ex
1421 2650 1464 2685 Β.
1512 2650 1766 2686 ἀνακοπτόντων
1783 2663 1846 2697 pro
1863 2650 1918 2685 ἆν-

333 2692 541 2727 ακόπτοντος
559 2692 602 2726 Α.
908 2705 962 2728 12.
988 2695 1175 2742 κατορθῶν]
1196 2698 1214 2730 ὁ
1232 2697 1404 2741 κατορθῶν
1422 2697 1464 2731 Β.
1484 2698 1543 2742 (36
1560 2699 1620 2742 al.)
1669 2698 1729 2732 οὐκ
1745 2699 1841 2734 ἔστιν
1857 2709 1918 2743 pro

334 2738 399 2783 οὐχ
417 2738 561 2784 ὑπάρχει
580 2738 623 2773 Β.
863 2752 916 2785 13.
942 2741 1082 2786 ε’νθλιβῇ
1101 2754 1164 2787 pro
1183 2743 1324 2788 ἐκθλιβῇ
1344 2744 1381 2778 F.
1400 2744 1492 2778 Edd.
1752 2757 1805 2788 14.
1831 2745 1917 2779 κακῶ

335 2796 399 2828 pro
416 2786 454 2818 τὸ
472 2787 572 2820 κακὸν
591 2786 627 2820 F.
876 2798 929 2830 15.
954 2790 1080 2834 λόγους
1097 2790 1279 2834 εἰρηνικοὺς
1295 2792 1432 2826 inverso
1450 2790 1570 2825 ordine
1587 2791 1631 2825 A.
1649 2791 1726 2837 (87,
1744 2803 1801 2838 91,
1818 2779 1918 2837 310.)

340 2830 394 2865 16.
419 2831 538 2877 αὐτοῦ]
563 2836 600 2872 -Ι-
622 2833 717 2868 ἐστιν
735 2832 827 2868 Edd.
845 2834 953 2877 (A.V.
974 2837 1056 2879 etc.)
1074 2836 1190 2871 invitis
1207 2838 1300 2872 A.B.
1494 2848 1546 2883 17.
1571 2837 1730 2883 Ἀτρεκὴς
1743 2840 1786 2873 A.
1796 2837 1919 2873 ’Ἔστιν

335 2877 409 2921 ἀτρ.
428 2878 521 2913 Edd.
570 2881 588 2913 ὁ
606 2879 784 2925 προφήτης
801 2889 1019 2916 accesserunt
1037 2894 1078 2916 ex
1098 2883 1140 2917 B.
1416 2896 1469 2930 19.
1494 2887 1715 2929 κατακομώσῃ
1734 2898 1797 2931 pro
1814 2885 1918 2920 καίτοι

337 2926 474 2968 κομὼσῃ
489 2926 532 2959 A.
646 2938 701 2961 20.
728 2929 893 2972 κεφαλαῖς
911 2928 1015 2974 ἁγίων
1031 2929 1170 2964 inverso
1183 2930 1304 2966 ordine
1318 2932 1362 2967 A.
1410 2930 1556 2977 ἐχούσῃ]
1572 2931 1709 2977 ἐχούσῆ’
1727 2931 1917 2978 [Ξέχοὺσῃ

337 2975 371 3003 et
388 2970 564 3018 ἐχούσαις]
582 2973 623 3007 Β.
675 2973 802 3009 Statim
819 2974 921 3020 ταύτῃ
939 2976 983 3011 A.
1002 2978 1101 3011 τοῦτό
1120 2976 1211 3012 Edd.
1425 2989 1481 3013 21.
1508 2980 1561 3013 καὶ
1577 2986 1799 3025 assumptum
1815 2991 1857 3014 ex
1873 2979 1915 3013 A.

336 3017 458 3052 λοιπόν
475 3030 539 3063 pro
558 3021 642 3056 Θεός
659 3021 703 3055 A.
