2021 3434
316 234 395 272 106
714 237 759 274 Β.
802 234 1074 275 CYRILLI
1113 236 1487 279 ALEXANDR.
1733 239 1787 279 iv.
1817 250 1878 279 12.

312 345 666 414 καταστρέφειν.
731 351 769 396 εὶ
807 347 855 397 δὲ
890 347 945 411 δὴ
977 354 1114 399 τοῦτο
1146 351 1262 415 δρᾶν
1296 351 1377 400 οὐκ
1417 350 1699 417 ἀνεχόμενοι,
1733 350 1881 413 μένειν

311 423 473 491 ὥσπερ
523 429 598 477 καὶ
648 426 885 492 σώζεσθαι
931 433 1013 493 τῆς
1061 429 1342 495 πλανήσεως
1393 431 1505 497 ἔργα
1548 437 1882 499 συγχωροῦσιν

273 531 293 556 (ε
312 507 453 569 αὐτοὶ,
501 513 690 571 μᾶλλον
741 509 788 561 δὲ
838 513 913 562 καὶ
962 517 1255 563 συνιστῶσιν
1305 515 1354 564 ἐκ
1405 518 1499 564 τῶν
1548 512 1779 575 ἐναντίων,
1828 512 1882 563 τὸ

309 588 521 652 τηνικάδε
556 590 613 655 δὴ
647 591 833 646 πάντως
869 593 966 645 οἶνον
1002 592 1164 662 ὥσπερ
1201 618 1246 646 τι
1278 599 1352 646 καὶ
1383 595 1592 664 μέθυσμαι
1626 597 1701 647 καὶ
1732 596 1756 646 ὁ
1790 599 1883 646 τῶν

308 672 762 737 παιδαγωγουμένων
803 675 1055 745 εἷσδέξεται
1095 683 1214 730 νοῦς.
1285 676 1429 729 πόθεν
1471 676 1578 744 γὰρ,
1615 675 1645 741 ὴ
1683 681 1782 731 πῶς
1826 676 1923 731 ἂνό

307 751 452 819 ε”σχον
497 754 659 822 νήφειν
700 761 741 807 οἱ
789 760 1005 823 μαθηταὶ,
1058 761 1131 810 καὶ
1176 759 1486 826 διανοιγνύναι
1534 760 1763 811 δύνασθαι
1800 761 1883 822 τῆς

306 836 508 889 διανοίας
545 836 629 888 τὸν
666 839 920 907 ὀφθαλμὸν
956 840 1076 908 πρὸς
1108 840 1190 892 τὸν
1225 844 1412 907 ἀληθῶς
1451 844 1527 893 καὶ
1561 841 1704 910 φύσει
1742 839 1880 903 Θεὸν,

305 916 431 983 εἴπερ
457 919 620 974 αὐτοὺς
646 925 687 972 οἱ
713 924 1003 988 παιδαγωγοὶ
1036 926 1111 974 καὶ
1144 928 1238 975 τῶν
1271 924 1612 994 συμφερόντων
1637 926 1880 990 εἰσηγηταὶ

305 1001 381 1049 καὶ
403 1005 815 1067 προσεμπεδοῦσιν
848 1006 913 1056 ε”τι
946 1005 1063 1072 πρὸς
1093 1005 1147 1057 τὸ
1179 1011 1456 1058 πλανᾶσθαι
1481 1009 1602 1067 δεῖν;
1644 1007 1718 1057 καὶ
1743 1011 1880 1057 τοῦτο

86 1083 178 1157 {fier-
200 1085 231 1114 ii·
305 1078 435 1144 οἶμαί
469 1085 571 1134 ἐστι
609 1085 662 1136 τὸ
697 1086 752 1137 δι’
783 1087 937 1154 ἑτέρου
977 1088 1224 1157 προφήτου
1265 1093 1435 1157 σαφῶς
1469 1090 1722 1156 εἰρημένον·
1772 1096 1799 1118 ‘⁶
1816 1091 1880 1140 Οἱ
1903 1113 1948 1137 10
2004 1123 2006 1126 v

263 1169 334 1211 (1ις
360 1166 490 1231 ἱερεῖς
527 1168 610 1218 οὐκ
642 1166 774 1220 εἶπαν
810 1173 914 1221 Ποῦ
942 1171 1044 1221 ἔστι
1071 1171 1272 1237 Κύριος;
1314 1174 1389 1222 καὶ
1413 1176 1453 1223 οἱ
1481 1171 1774 1240 ἀντεχόμενοι
1797 1178 1879 1223 τοῦ

305 1251 334 1273 “
357 1245 500 1311 νόμου
537 1273 626 1312 μου
665 1253 744 1302 οὐκ
783 1252 1043 1316 ἠπίσταντό
1077 1277 1148 1316 με,
1172 1257 1245 1304 καὶ
1281 1258 1323 1305 οἱ
1346 1254 1557 1318 ποιμένες
1588 1254 1794 1319 ἠσέβουν
1817 1258 1880 1308 εἷς

2000 713 2005 851 ἔ

1998 852 2003 952 ἕ

1996 979 2001 1140 ἒ

305 1333 332 1355 (ζ
370 1328 380 1342 9
429 1328 442 1344 Ι
533 1333 547 1349 x
616 1335 626 1348 Q
806 1337 826 1345 Α
1107 1334 1118 1349 Ι
1320 1339 1340 1349 Α
1432 1334 1446 1350 Ι
1531 1337 1556 1352 ”
1678 1338 1691 1353 x
1774 1335 1788 1350 Ι

357 1350 447 1391 εμε,
474 1353 549 1381 και
587 1355 628 1382 οι
665 1338 901 1401 προφηται
936 1339 1253 1402 προεφητευον
1282 1358 1339 1403 τῃ
1372 1339 1526 1387 Βααλ·
1618 1359 1694 1387 και
1718 1343 1877 1399 παλιν,

84 1420 135 1495 {1¹2
148 1432 178 1454 x.
195 1432 243 1459 20,
304 1416 332 1438 ‘⁶
359 1413 424 1461 Οἱ
451 1414 541 1464 υἱοί
560 1437 651 1477 μου
677 1418 751 1465 καὶ
786 1415 845 1466 τά
878 1416 1097 1482 πρόβατά
1120 1441 1210 1481 μου
1237 1419 1318 1469 οὐκ
1343 1420 1474 1481 εἰσὶν,
1501 1420 1582 1470 οὐκ
1607 1419 1710 1470 ἔστι
1735 1419 1877 1473 τόπος

306 1500 332 1521 “
358 1496 438 1558 τῆς
473 1500 650 1561 σκηνῆς
680 1521 782 1561 μου,
815 1498 957 1553 τόπος
991 1504 1084 1550 τῶν
1115 1500 1310 1567 δέῤῥεών
1334 1523 1438 1564 μου.
1506 1500 1574 1551 ὅτι
1602 1504 1643 1552 οἱ
1668 1500 1876 1564 ποιμένες
1900 1525 1944 1562 15

304 1583 330 1604 ‘⁴
356 1577 722 1644 ἠφρονεύσαντο,
751 1583 824 1632 καὶ
859 1580 940 1632 τὸν
977 1582 1151 1649 Κύριον
1185 1584 1266 1634 οὐκ
1296 1582 1592 1652 ἐξεζήτησαν·
1635 1582 1710 1634 διὰ
1739 1590 1875 1636 τοῦτο

303 1665 330 1686 “
355 1660 437 1710 οὐκ
461 1661 674 1727 ἐνενόησε
698 1668 833 1714 πᾶσα
861 1664 888 1727 ἡ
916 1664 1046 1729 νομὴ,
1075 1666 1149 1716 καὶ
1176 1664 1654 1731 διεσκορπίσθησαν.”
1986 1605 1991 1738 1

1986 1739 1989 1755 Ι

240 1847 372 1889 12Ἐν
401 1851 623 1899 συμβόλοις
648 1852 901 1909 ἐπειρώτων,
923 1854 990 1894 καὶ
1015 1853 1059 1894 ἐν
1086 1853 1258 1910 ῥάβδοις
1286 1854 1426 1895 αὐτῶν
1453 1854 1718 1901 ἀΠήΠ-ελλον
1745 1854 1873 1909 αὐτῷ.

1984 1853 1995 1880 ιι

1983 1896 1995 1940 ‘l

262 1981 283 2007 e
374 1964 494 2014 Τίνα
525 1964 581 2029 δὴ
612 1966 786 2032 τρόπον
821 1969 1193 2020 καταλελοίπασι
1228 1968 1312 2032 μὲν
1341 1968 1423 2020 τὸν
1455 1968 1642 2035 Κύριον,
1674 1968 1870 2035 τετηρή-
1980 1920 1996 2104 ἐξ

1988 2061 1995 2089 z

1980 2106 1984 2134 ι

80 2051 198 2127 ῗὲξϊῗι
298 2067 410 2096 κασι
434 2046 482 2097 δὲ
508 2045 594 2111 τὴν
617 2050 846 2114 πορνείαν,
873 2051 1156 2115 καθίστησιν
1186 2051 1387 2118 ἐναργές.
1454 2050 1750 2117 συνθελητὴν
1780 2051 1872 2119 γὰρ
1893 2077 1941 2102 20
1988 2093 1993 2104 .

297 2133 392 2183 τοῖς
417 2130 738 2194 πλανωμένοις
764 2133 1010 2200 ἀποφαίνει
1035 2132 1117 2184 τὸν
1141 2134 1403 2198 παιδευτήν·
1445 2136 1520 2185 καὶ
1551 2133 1628 2187 οὓς
1656 2133 1714 2198 ἧν
1738 2132 1870 2197 εἰκὸς,

297 2215 487 2274 μᾶλλον
513 2212 560 2264 δὲ
585 2213 672 2278 ἤδη
697 2217 771 2265 καὶ
797 2216 1049 2280 ἀναγκαῖον
1075 2220 1170 2270 τοῖς
1202 2217 1337 2270 θείοις
1370 2214 1565 2267 ἕπεσθαι
1601 2214 1770 2280 νόμοις,
1795 2219 1871 2268 καὶ

298 2295 588 2362 ἀποκομίζειν
618 2300 680 2351 εἷς
710 2303 847 2348 τοῦτο
878 2297 983 2350 τοὺς
1019 2296 1386 2363 ὑπεζευγμένους,
1410 2298 1613 2362 τούτους,
1645 2300 1707 2352 ὡς
1737 2298 1870 2368 ἔφην,

296 2375 356 2426 τὰ
393 2379 474 2441 τῆς
511 2377 694 2443 πλάνης
729 2384 1024 2445 πληροῦντας
1063 2379 1337 2445 ἐγκλήματα
1379 2381 1611 2432 δείκνυσιν
1645 2382 1864 2447 ἐναργῶς.

1974 2218 1995 2473 &W

296 2455 444 2523 ᾔεσαν
468 2459 555 2523 μὲν
579 2459 671 2527 γὰρ
695 2461 812 2528 πρὸς
837 2461 1002 2516 αὐτούς
1027 2484 1145 2516 τινες
1167 2462 1416 2526 μανθάνειν
1434 2462 1684 2526 ἐθέλοντες,
1704 2465 1868 2532 φησὶν,
1889 2484 1937 2522 25

1980 2677 1985 2687 -
1972 2471 1992 2639 ἢ

98 2558 150 2592 75
172 2558 222 2591 A.
261 2540 398 2603 ειῆτοι
430 2541 489 2592 τὰ
522 2543 722 2607 ἐσόμενα
751 2542 907 2612 τυχὸν,
933 2544 1078 2610 ἤγουν
1101 2543 1159 2595 τὰ
1185 2549 1288 2596 καθ’
1316 2544 1516 2608 ἑαυτοὺς,
1545 2547 1619 2596 καὶ
1644 2547 1693 2597 ἐν
1718 2545 1785 2600 οἷς
1810 2543 1869 2596 ἂν

298 2619 384 2673 εἶεν
409 2622 437 2688 ὴ
465 2630 648 2691 καιροῖς,
674 2624 703 2691 ἢ
733 2626 1027 2693 πράγμασιν.
1093 2629 1134 2677 οἱ
1168 2626 1216 2678 δὲ
1248 2625 1354 2681 τοὺς
1392 2626 1676 2694 προσιόντας
1715 2628 1868 2682 αὐτοῖς
1968 2566 1976 2743 l

344 2770 421 2802 2-4.
447 2761 700 2807 ὣσπερ-οἶνον
716 2775 785 2798 om.
801 2763 847 2798 D.
943 2775 976 2809 9.
1002 2762 1317 2809 προσεμπεδοῦσιν]
1332 2764 1647 2808 προσεμπαιδοῦσιν
1659 2763 1748 2808 (sic)
1762 2764 1865 2800 Pont.
1968 2750 1985 2813 1-1

294 2809 646 2850 προσεμπαιδεύουσιν
662 2811 756 2845 Aub.
886 2821 938 2844 12.
965 2809 1112 2854 ἠσέβουν
1130 2811 1176 2845 D.
1194 2810 1371 2854 ἠσέβησαν
1388 2810 1480 2844 Edd.
1603 2820 1655 2856 15.
1682 2810 1805 2855 δέρεών
1822 2811 1865 2846 Β.
1966 2785 1971 2863 Ξ

295 2853 326 2885 οἱ
344 2861 563 2899 assumptum
581 2868 622 2890 ex
641 2857 733 2891 B.D.
833 2866 886 2902 17.
911 2856 1083 2903 ἐνενοὴσε]
1105 2857 1162 2892 Sic
1182 2858 1226 2891 D.
1246 2857 1365 2903 (239).
1383 2857 1502 2901 ἐνόησε
1519 2856 1611 2891 Edd.
1705 2858 1757 2892 18.
1785 2858 1864 2893 Hoc
1964 2866 1979 2930 i

297 2898 405 2934 schol.
422 2900 457 2933 in
483 2900 553 2936 duo
579 2902 737 2938 dividens
763 2904 809 2944 D,
826 2904 932 2938 verba
948 2905 1000 2938 καὶ
1018 2905 1052 2939 ἐν
1067 2904 1100 2948 ῥ.
1118 2905 1226 2939 αὐτῶν
1242 2905 1299 2938 ἀπ.
1318 2905 1406 2950 αὐτῷ
1424 2904 1480 2938 hic
1498 2905 1637 2939 omittit.
1686 2905 1794 2939 αὐτῶν
1810 2916 1864 2939 re·
1965 2900 1983 2948 f

295 2946 384 2979 tinui
400 2957 442 2980 ex
459 2946 540 2981 B.F.
554 2948 643 2983 Edd.
656 2949 876 2996 (Complut.)
923 2950 1158 2997 ἀπήγγελλον]
1177 2951 1393 2995 ἀπεκρίνοντο
1408 2950 1451 2985 In
1463 2963 1536 2996 mg.
1549 2965 1604 2997 γρ.
1646 2950 1865 2997 ἀπήγγελλον
1963 2952 1968 3002 ᾗ

295 2991 415 3026 eadem
431 3005 540 3028 manu
558 2995 599 3028 B.
787 3009 840 3043 19.
866 2998 905 3041 δὴ
923 3004 1142 3043 assumptum
1160 3010 1201 3032 ex
1221 2999 1267 3032 D.
1315 2999 1375 3042 μὲν
1390 3009 1460 3032 om.
1479 2997 1526 3032 D.
1703 3009 1756 3032 20.
1782 3013 1863 3033 συν-
1963 3006 1973 3054 f

1961 3083 1965 3114 ἰ

1960 3118 1964 3146 Y

295 3039 454 3083 εθελητὴν
472 3040 516 3074 D.
649 3053 702 3077 22.
729 3044 780 3077 καὶ
799 3056 894 3088 prlus
912 3056 981 3079 om.
1002 3045 1047 3079 D.
1192 3054 1247 3089 27.
1273 3047 1295 3089 ἤ
1309 3045 1404 3090 prius
1423 3051 1643 3090 assumptum
1661 3056 1703 3079 ex
1722 3044 1815 3080 B.D.

1956 3327 1970 3403 1·

1956 3410 1959 3434 Ι
