2021 3434
103 231 143 271 ii.
172 244 203 271 1.
704 231 775 272 IN
820 230 1055 272 IONAM.
1596 226 1678 265 579

101 339 219 390 κατὰ
257 339 310 391 τὸ
346 341 679 406 γεγραμμένον·
718 339 747 405 ἢ
779 341 846 394 τίς
880 339 937 390 ἂν
974 340 1108 400 εἰδείη
1147 337 1229 391 τὰς
1267 341 1358 387 τῶν
1396 332 1678 401 παραδόξων

101 422 264 483 ὁδούς;
305 421 334 486 ὴ
375 423 496 476 τίνος
543 423 666 476 ὅλως
704 424 786 473 οὐκ
824 420 881 472 ἂν
920 422 1252 488 ὑπερφέροιντο
1292 424 1398 469 νοῦν
1432 417 1490 468 τὰ
1529 416 1677 480 λόγου

101 504 296 567 δύναμιν
322 505 688 572 ὑπερτρε’χοντα;
732 503 995 570 ἐπισφαλὲς
1027 504 1108 553 οὖν
1141 502 1232 567 ἄρα
1257 502 1310 551 τὸ
1337 502 1566 561 ἀπιστεῖν,
1591 495 1677 548 κᾶν
1696 499 1722 539 d

101 585 144 635 εἴ
163 608 208 635 τι
233 590 327 636 τῶν
347 585 470 651 ἄγαν
496 586 702 637 ἐπέκεινα
728 585 875 651 λόγου
893 585 1014 638 Θεὸς
1030 583 1281 650 ἐργάζοιτο·
1321 579 1678 649 παραδεξόμεθα

60 675 81 713 5
102 666 150 718 δὲ
174 669 236 721 ὡς
263 667 433 731 ἀληθὲς
457 667 542 730 τὴν
566 667 757 732 ἄκαιρον
781 667 1042 735 ἐξιστάντες
1070 666 1301 727 βάσανον.

173 752 357 813 Χρῆναι
406 749 460 799 δε
506 752 627 815 φημι
677 751 758 812 τῆς
809 750 857 799 ἐν
905 752 1105 816 Χριστῷ
1153 746 1400 808 νοουμένης
1450 743 1680 796 διακονίας·

100 830 494 897 παραληφθέντος
532 834 594 883 εἰς
631 830 778 880 τύπον
815 835 898 880 τοῦ
935 829 1163 895 μακαρίου
1203 826 1481 894 Προφήτου,
1518 847 1673 890 προσ-

101 916 302 962 επειπεῖν
364 912 637 977 ἀναγκαίως,
702 911 771 962 ὅτι
833 911 1169 962 κεκινδύνευκεν
1224 910 1252 973 ἡ
1308 909 1546 970 σύμπασα
1604 909 1679 971 γῆ,

101 992 450 1061 κατεχειμάζετο
500 1016 559 1043 τα
609 993 892 1058 ἀνθρώπινα,
943 993 1190 1057 μονονουχὶ
1246 987 1680 1055 καταθρωσκόντων

37 1095 82 1120 10
101 1076 240 1139 αὐτῆς
278 1080 372 1126 τῶν
409 1078 491 1139 τῆς
526 1076 751 1140 ἁμαρτίας
791 1073 1020 1138 κυμάτων,
1053 1076 1201 1137 δεινῆς
1238 1095 1288 1123 τε
1327 1074 1402 1122 καὶ
1439 1069 1680 1140 ἀφορήτου

99 1156 469 1224 περικλυζούσης
502 1157 681 1221 ἡδονῆς,
714 1158 788 1207 καὶ
830 1159 892 1210 ὡς
929 1157 976 1206 ἐν
1007 1155 1136 1223 τάξει
1174 1154 1411 1207 κλύδωνος
1449 1152 1674 1220 κατεξαν-
1696 1173 1717 1199 e

101 1239 352 1303 ισταμένης
397 1243 482 1304 τῆς
534 1244 728 1307 φθορᾶς,
781 1240 855 1289 καὶ
903 1237 1180 1300 πνευμάτων
1224 1237 1400 1303 ἀγρίων
1443 1236 1675 1302 καταῤῥη-

101 1321 352 1387 γνυμένων,
398 1327 480 1372 τοῦ
530 1344 578 1371 τε
623 1320 850 1381 διαβόλου
900 1322 1020 1389 φημὶ
1064 1322 1139 1370 καὶ
1192 1324 1286 1370 τῶν
1335 1319 1408 1369 ὑπ’
1456 1318 1582 1386 αὐτῷ
1632 1339 1682 1367 τε

103 1406 176 1454 καὶ
207 1401 298 1454 σῦν
333 1404 457 1473 αὐτῷ
490 1402 729 1467 δυνάμεων
765 1407 998 1470 πονηρῶν.
1067 1402 1223 1466 ἐπειδὴ
1259 1401 1306 1452 δὲ
1340 1400 1455 1465 ἦμεν
1486 1401 1535 1450 ἐν
1568 1399 1676 1450 τού-

37 1502 82 1540 15
103 1509 209 1548 τοις,
252 1484 457 1550 ἠλέησεν
502 1487 527 1536 ὁ
566 1484 880 1550 Δημιουργὸς,
923 1484 1171 1551 πέπομφεν
1218 1484 1329 1548 ἡμῖν
1373 1485 1398 1534 ὁ
1442 1481 1563 1536 Θεὸς
1607 1484 1683 1532 καὶ

106 1567 272 1633 Πατὴρ
304 1567 361 1636 ἐξ
389 1569 587 1633 οὐρανοῦ
625 1566 707 1618 τὸν
743 1567 874 1628 Υιὸν,
913 1565 962 1620 ὃς
997 1569 1045 1617 ἐν
1080 1568 1221 1632 σαρκὶ
1255 1563 1475 1630 γεγονὼς,
1508 1566 1582 1614 καὶ
1621 1567 1683 1617 εἷς·

103 1654 193 1715 γῆν
220 1649 474 1717 ἀφιγμένος
507 1649 592 1713 τὴν
627 1649 982 1700 κινδυνεύουσαν
1007 1650 1082 1699 καὶ
1115 1647 1459 1715 χειμαζομένην,
1483 1649 1684 1710 καθῆκεν

101 1729 264 1782 ἑαυτὸν
301 1730 417 1782 ἑκὼν
452 1735 514 1785 εἶς
547 1729 764 1794 θάνατον,
796 1731 871 1781 ἵνα
905 1730 1067 1798 στήσῃ
1105 1730 1188 1781 τὸν
1226 1729 1458 1788 κλύδωνα,
1493 1731 1568 1778 καὶ
1606 1749 1722 1778 tce-a
1753 1738 1834 1774 377
1851 1737 1900 1771 Α-

104 1812 238 1880 πάσῃ
262 1812 347 1876 μὲν
384 1813 411 1876 ἡ
450 1812 693 1874 θάλασσα,
723 1812 1055 1874 κατευνασθειή
1087 1810 1135 1862 δὲ
1171 1814 1244 1861 καὶ
1282 1810 1336 1861 τὸ
1370 1816 1506 1871 κῦμα,
1534 1833 1678 1860 κατα·

38 1914 85 1938 20
106 1894 230 1963 λήξῃ
252 1894 299 1945 δὲ
325 1895 398 1945 καῖ
426 1896 451 1945 ὁ
471 1895 671 1945 κλύδων.
724 1895 1016 1957 σεσώσμεθα
1043 1893 1136 1959 γὰρ
1161 1895 1209 1944 ἐν
1234 1894 1420 1961 θανάτῳ
1446 1896 1678 1958 Χριστοῦ.

105 1980 179 2027 καὶ
207 1979 231 2027 ὁ
256 1976 339 2039 μὲν
366 1976 539 2044 χειμὼν
561 1975 904 2042 παρελήλακεν,
930 1977 955 2026 ὁ
987 1975 1116 2029 ὑετὸς
1151 1977 1376 2038 ἀπῆλθεν,
1408 1973 1467 2024 τὰ
1501 1973 1683 2036 κύματα

105 2058 479 2123 ἐστορέσθησαν,
525 2060 718 2109 λέλυται
762 2064 855 2108 τῶν
898 2057 1175 2121 πνευμάτων
1217 2058 1244 2121 ἡ
1288 2057 1385 2118 βία,
1425 2060 1590 2117 βαθεῖα
1635 2055 1683 2107 δὲ

106 2140 274 2192 λοιπὸν
307 2140 602 2206 ὑπέστρωται
636 2139 836 2206 γαλήνη,
872 2139 951 2190 καί
979 2141 1120 2202 ἐσμεν
1161 2141 1209 2190 ἐν
1248 2140 1412 2192 εὐδίαις
1446 2142 1544 2191 ταῖς
1580 2161 1686 2202 νοη-

105 2227 217 2285 ταῖς,
260 2226 474 2288 Χριστοῦ
512 2223 744 2275 παθόντος
788 2222 902 2288 ὑπὲρ
946 2223 1090 2286 ἡμῶν.
1155 2222 1269 2289 ε”χεις
1321 2244 1363 2271 τι
1414 2221 1590 2272 τούτων
1630 2221 1684 2272 τὸ

41 2325 87 2362 25
106 2303 445 2371 παραπλήσιον
489 2307 536 2355 ἐν
581 2306 896 2370 εὐαγγελικοῖς
944 2304 1306 2370 συγγράμμασι.
1377 2304 1552 2354 διέπλει
1599 2301 1684 2366 μὲν

0 2392 1 2397 ’
106 2385 197 2452 γάρ
227 2410 340 2438 ποτε
375 2391 468 2437 τῶν
502 2385 820 2437 Ἀποστόλων
857 2386 911 2437 τὸ
949 2385 1137 2453 σκάφος
1175 2385 1260 2449 τὴν
1295 2385 1569 2451 Τιβεριάδος
1600 2385 1683 2436 θά-
1700 2389 1726 2429 b

107 2475 317 2519 λασσαν.
401 2467 498 2519 εἶτα
547 2468 771 2535 ῥαγδαίου
822 2473 916 2521 τοῖς
968 2470 1135 2519 ὕδασιν
1184 2466 1497 2530 ἐμβεβηκότος
1547 2469 1683 2518 πνεύ-

107 2574 264 2614 ματος,
292 2550 540 2619 ἀφορήτως
572 2550 967 2618 κατεχειμάζοντο·
1011 2552 1083 2600 καὶ
1116 2549 1197 2600 τὸν
1227 2551 1301 2600 ε’πὶ
1339 2554 1433 2603 τοῖς
1467 2549 1684 2616 ἐσχάτοις

109 2633 318 2684 κίνδυνον
380 2632 695 2695 ὑπομένοντες,
763 2633 1043 2683 καθεύδοντα
1111 2630 1406 2682 διανύττουσι
1477 2631 1683 2682 συνόντα

44 2737 92 2773 30
110 2714 335 2781 Χριστὸν,
387 2713 637 2781 διαῤῥήδην
686 2713 1049 2779 ἀνακεκραγότες
1113 2720 1139 2742 “
1166 2712 1433 2764 Ἐπιστάτα
1495 2718 1678 2775 σῶσον,
1741 2706 1904 2791 ἓξὲξ]

160 2905 236 2939 1-3.
263 2896 343 2929 κατὰ
360 2896 398 2929 τὸ
416 2908 510 2940 γεγρ.
530 2894 595 2928 et*
579 2910 598 2937 η
616 2895 998 2940 τίνος-ὑπερτρέχοντα
1016 2907 1086 2930 om.
1107 2895 1148 2929 B.
1351 2905 1381 2940 7.
1407 2896 1569 2940 μακαρίου
1586 2896 1682 2931 deest

110 2939 146 2974 in
164 2941 255 2975 Edd.
469 2953 502 2986 9.
527 2943 565 2975 τὸ
583 2941 789 2985 ἀνθρώπινον
807 2942 898 2976 Edd.
1106 2953 1159 2977 10.
1185 2942 1268 2986 αὐτῇ
1286 2942 1645 2989 iid.13.u

110 2988 209 3022 αὐτόν
225 2988 282 3021 iid.
562 2999 613 3033 19.
641 3002 693 3021 και
711 2994 932 3034 assumptum
951 3000 991 3022 ex
1012 2988 1052 3022 B.
1326 3000 1379 3034 23
1406 2990 1570 3034 ἓστρωται
1589 2991 1681 3026 Edd.

112 3034 249 3070 εὐδείαις
266 3034 325 3069 iid.
516 3043 570 3079 27.
598 3035 711 3076 ἐκβεβ.
729 3034 789 3069 iid.

853 3103 971 3141 4E2
