2021 3434
105 188 159 230 xi.
182 203 221 242 9,
247 201 309 229 10.
539 187 612 228 IN
653 186 888 228 OSEAM.
948 185 1099 226 TOM.
1139 185 1218 225 VI.
1592 184 1674 224 237

104 297 159 349 δι’
192 297 257 349 ὧν
288 301 364 350 καὶ
396 299 818 366 προσκεκρούκασι.
882 299 957 349 καὶ
990 302 1101 348 ποῖα
1133 296 1279 348 ταῦτά
1312 298 1428 359 ἐστι,
1454 295 1508 346 δι’
1537 296 1677 346 αὐτοῦ

104 379 250 432 πάλιν
275 381 394 445 ἡμᾶς
426 387 509 432 τοῦ
541 380 789 449 προφήτου
818 379 1243 449 πεπληροφόρηκεν
1269 378 1405 432 Θεός.
1471 377 1560 445 ἔφη
1585 375 1677 442 γὰρ
1695 383 1721 423 b

105 464 153 513 ἐν
179 467 272 516 τοῖς
307 464 460 514 ὀπίσω
491 462 661 530 βραχὺ,
687 462 768 514 τόν
806 484 853 513 τε
877 461 1060 512 Ἰούδαν
1091 460 1229 512 αὑτὸν
1255 463 1328 511 καὶ
1360 459 1443 512 τὸν
1467 458 1678 527 Ἐφραὶμ

106 544 385 609 αἰτιώμενος,
412 552 439 574 “
458 547 551 596 Καὶ
584 545 838 596 ἐπελάθετο
870 541 1073 610 Ἰσραὴλ
1106 549 1187 594 τοῦ
1225 542 1509 607 ποιήσαντος
1540 541 1679 592 αὐτὸν
1740 558 1846 607 Sgpra

67 645 88 683 5
109 634 134 656 “
160 629 235 677 καὶ
265 625 537 695 ᾠκοδόμησε
568 626 744 690 τεμένη,
777 628 851 677 καὶ
882 625 1059 679 Ἰούδας
1089 625 1317 689 ἐπλήθυνε
1351 624 1510 677 πόλεις
1542 646 1681 675 τετει-
1740 612 1806 632 ml*
1830 609 1877 637 η’

108 715 136 738 “
160 707 401 776 χισμένας·
442 711 517 759 καὶ
557 710 809 759 ἀποστελῶ
853 714 947 774 πῦρ
986 709 1059 758 ἐπὶ
1097 706 1179 760 τὰς
1217 705 1378 760 πόλεις
1416 707 1569 767 αὑτοῦ,
1608 707 1683 756 καὶ

109 797 136 819 “
161 789 481 859 καταφάγεται
524 789 583 841 τὰ
631 790 819 853 θεμέλια
870 790 1065 840 αὐτῶν.”
1132 790 1156 839 ὁ
1198 787 1282 852 μὲν
1325 787 1418 853 γᾶρ
1458 787 1682 855 Ἐφραὶμ,

108 871 254 938 ἤγουν
289 873 313 922 ὁ
339 871 553 938 Ἰσραὴλ,
592 872 781 935 βωμοὺς
824 874 898 922 καὶ
936 871 1100 935 τεμένη
1139 869 1257 920 κατὰ
1295 869 1380 934 τὴν
1420 869 1685 934 Σαμάρειαν

109 959 202 1008 τοῖς
241 953 446 1007 εἰδώλοις
484 953 848 1018 ἀναδειμάμενοι,
874 953 1172 1004 κατώλισθον
1207 955 1268 1005 εἷς
1299 951 1582 1013 ἀπόστασιν,
1606 953 1686 1002 ἐπ-

50 1064 93 1088 10
111 1037 336 1089 ελάθοντο
374 1043 456 1088 τοῦ
491 1041 629 1100 Θεοῦ,
665 1041 739 1088 καὶ
773 1040 856 1101 τῆς
894 1041 956 1091 εἷς
994 1036 1134 1087 αὐτὸν
1173 1035 1359 1102 ἀγάπης
1397 1035 1450 1086 τὸ
1488 1035 1687 1101 γνήσιον

113 1118 296 1174 οὐδενὸς
335 1120 570 1188 ἀξιοῦντες
607 1119 770 1184 λόγου,
808 1117 1176 1186 παροτρύνοντες
1214 1117 1463 1169 διετέλουν·
1510 1119 1725 1171 Ἰούδαςο

113 1202 160 1255 δὲ
187 1203 264 1265 αὖ,
295 1203 439 1253 καίτοι
474 1200 747 1255 πεποιθότες
783 1203 856 1253 ἐπὶ
890 1206 956 1270 τῷ
981 1204 1104 1269 Θεῷ,
1134 1198 1252 1251 κατὰ
1284 1199 1390 1253 τοὺς
1422 1199 1598 1251 ἄνωθεν
1623 1200 1688 1251 ε”τι

113 1284 306 1353 χρόνους
343 1285 450 1351 παρ’
485 1285 626 1334 αὐτοῦ
664 1306 714 1334 τε
752 1286 828 1334 καὶ
867 1284 919 1334 δι’
956 1284 1096 1334 αὐτοῦ
1134 1282 1400 1349 σωζόμενοι,
1432 1282 1688 1348 κατέθηγον

115 1371 176 1421 εἷς
209 1366 368 1433 ὀργὰς,
393 1366 509 1418 κατὰ
543 1364 755 1418 πολλοῦς
789 1365 874 1429 μὲν
909 1367 984 1416 καὶ
1022 1366 1201 1431 ἑτέρους
1239 1363 1452 1431 τρόπους,
1475 1364 1691 1428 μάλιστα

49 1469 96 1508 15
117 1449 164 1501 δὲ
201 1450 256 1499 δι’
291 1448 390 1503 ἑνὸς
427 1448 608 1501 τούτου.
675 1451 798 1499 Θεοῦ
829 1447 922 1514 γὰρ
959 1446 1264 1512 ἠπειληκότος
1297 1447 1576 1515 ἐπιπέμψειν
1602 1448 1688 1498 αὐ-

116 1536 210 1585 τοῖς
261 1529 342 1583 τὸν
381 1531 644 1598 Ἀσσύριον
696 1532 983 1598 ἀφανιοῦντα
1032 1529 1117 1594 τὴν
1164 1533 1266 1595 γῆν,
1320 1529 1559 1596 ἀνετείχιζε
1609 1528 1692 1583 τὰς

118 1615 280 1665 ἑαυτοῦ
303 1612 476 1676 πόλεις,
504 1615 671 1678 οἰηθεὶς
697 1612 780 1675 ὅτι,
816 1611 903 1663 κᾶν
937 1616 974 1663 εἰ
1008 1613 1072 1676 μὴ
1107 1613 1330 1674 βούλοιτο
1357 1611 1490 1673 Θεὸς,
1517 1616 1574 1678 τῇ
1600 1616 1693 1662 τῶν

118 1696 303 1748 πόλεων
330 1696 524 1765 εὐτειχίᾳ
550 1695 832 1760 σωθήσεται,
853 1697 928 1746 καὶ
954 1697 1037 1758 τῆς
1061 1700 1143 1746 τοῦ
1168 1694 1435 1762 μαχομένου
1455 1693 1696 1760 περιέσται

120 1777 285 1846 χειρός.

55 1884 103 1908 20
196 1861 383 1911 Οὐκοῦν
420 1859 827 1926 ἐπαγγελλομένου
865 1863 989 1911 Θεοῦ
1027 1857 1086 1909 τὰ
1126 1858 1182 1927 ἐξ
1220 1858 1501 1924 ἡμερότητος
1540 1856 1740 1923 ἀγαθάᾶ

124 1944 197 1993 καὶ
236 1943 288 1992 οὐ
325 1942 519 2008 μετρίως
551 1940 968 2008 προσκεκρουκόσι,
996 1943 1070 1992 καὶ
1106 1942 1235 1992 αὐτοὶ
1270 1939 1438 1992 λοιπὸν
1464 1943 1505 1991 οἱ
1534 1939 1691 2006 σωζό-

123 2047 250 2088 μενοι
293 2028 387 2074 τῶν
430 2022 616 2075 ἀτόπων
660 2022 1006 2091 ἐγχειρημάτων
1048 2046 1097 2074 τε
1139 2024 1268 2086 ὁμοῦ,
1307 2025 1382 2074 καὶ
1424 2022 1579 2087 μέντοι
1623 2023 1698 2071 καὶ

123 2104 458 2168 βουλευμάτων
493 2106 868 2158 ἀποπαύσασθαί
903 2110 1039 2175 φασι.
1097 2108 1172 2156 καὶ
1211 2105 1266 2170 δὴ
1305 2107 1380 2156 καὶ
1418 2103 1577 2165 βοάτω
1615 2103 1699 2166 μὲν

0 2184 3 2272 ⁸!
123 2188 300 2242 Ἰούδας
326 2191 428 2239 Οὐκ
462 2187 765 2255 εἰσελεύσομαι
803 2194 860 2243 εἷς
895 2189 1039 2250 πόλιν,
1067 2188 1293 2250 τουτέστι,
1320 2192 1469 2254 τεῖχος
1504 2187 1578 2237 καὶ
1608 2185 1699 2254 ἔξω

1 2275 5 2322 ’ἶ
57 2292 105 2330 25
126 2269 262 2332 Θεόν,
290 2268 559 2338 ἀσφάλειαν
593 2269 851 2334 ποιήσομαι
887 2270 974 2334 τὴν
1011 2274 1073 2324 εἷς
1111 2270 1252 2321 αὐτὸν
1289 2270 1470 2331 ἐλπίδα,
1496 2267 1580 2332 τὴν
1618 2272 1701 2318 τοῦ

3 2339 6 2411 ξ
126 2350 360 2416 σώζοντος
404 2353 757 2416 ὑποδραμοῦμαι
800 2351 969 2421 δεξιὰν,
1022 2350 1160 2405 αὐτὸς
1202 2351 1389 2418 ἀρκέσει
1439 2353 1514 2401 καὶ
1563 2348 1703 2413 μόνος

3 2424 7 2458 ¹¹
127 2438 187 2488 εἷς
226 2435 464 2500 σωτηρίαν
501 2434 614 2496 ἐμοί·
675 2438 842 2484 εἰκαῖον
878 2433 1165 2499 ὁμολογήσω
1200 2435 1274 2484 καὶ
1313 2433 1554 2500 ἄχρηστον
1586 2456 1705 2483 παν-

127 2521 275 2570 τελῶς
326 2515 380 2567 τὸ
429 2519 716 2583 προσδοκᾶν,
757 2516 827 2566 ὅτι
869 2516 1080 2579 πολέμου
1129 2514 1214 2580 τὴν
1253 2518 1342 2581 γῆν
1387 2514 1705 2578 καταθέοντος,

8 2591 12 2667 ἱ
130 2598 357 2650 εἰσελθὼν
392 2602 453 2652 εἷς
487 2598 642 2660 πόλιν,
669 2596 968 2662 σωθήσομαι·
1011 2599 1177 2657 οὐκοῦν
1206 2600 1280 2648 οὐκ
1316 2596 1619 2665 εἰσελεύσομαι
1646 2603 1744 2653 sige

10 2679 13 2740 ξ
64 2702 112 2737 30
131 2682 271 2733 πόλιν·
322 2678 523 2747 Ἰσραὴλ
562 2678 608 2730 δὲ
646 2679 803 2742 πάλιν,
830 2680 974 2745 ἤγουν
1013 2680 1037 2729 ὁ
1071 2679 1295 2746 Ἐφραὶμ,
1322 2680 1619 2748 ἀναφωνείτω
1650 2678 1704 2731 τὸ

12 2748 16 2850 ξ
133 2763 304 2830 ἕτερον·
345 2762 399 2814 τὸ
427 2763 481 2814 δέ
499 2763 614 2824 ἐστι,
642 2761 695 2812 τὸ
714 2762 895 2814 Ὀπίσω
924 2767 1070 2832 Κυρίου
1101 2761 1381 2831 πορεύσομαι.
1435 2762 1706 2813 ἀποπεπαύ-

14 2867 17 2917 ῃ
133 2868 292 2909 σομαι,
334 2846 468 2914 φησὶ,
513 2848 607 2894 τῶν
652 2843 856 2912 ἀρχαίων
894 2841 1190 2906 αἰτιαμάτων,
1231 2842 1398 2895 λοιπὸν
1433 2849 1529 2897 τοῖς
1571 2844 1707 2899 θείοις

182 2962 214 2986 2.
238 2949 559 2996 πεπληροφόρηκεν]
578 2954 613 2990 -1-
630 2952 647 2983 ὁ
667 2949 758 2984 Edd.
939 2949 971 2983 6.
997 2949 1051 2984 ἐπὶ
1067 2948 1171 2984 habet
1190 2949 1234 2983 D.
1428 2961 1480 2984 12.
1506 2949 1554 2985 ἔτι
1571 2961 1641 2985 om.
1662 2950 1708 2984 D.

138 3009 192 3040 24.
219 2999 271 3032 καὶ
289 3004 509 3043 assumptum
528 3009 568 3031 ex
592 2997 637 3031 D.
