2021 3434
136 228 191 271 vi.
216 242 254 280 1,
276 243 316 273 2.
526 230 603 272 IN
642 230 1032 273 MICHAEAM.
1090 230 1241 273 TOM.
1276 230 1338 271 II.
1627 230 1707 270 691

0 356 2 406 g
131 342 249 406 δρᾶν
280 339 474 392 ἑλέσθαι
503 340 558 392 τὸ
595 339 788 408 ἀγαθὸν,
825 339 943 408 πρὸς
981 344 1170 405 πολλῆς
1211 341 1321 406 ἡμῖν
1355 340 1488 391 ἔσται
1525 337 1706 405 ζημίας,

130 423 206 472 καὶ
249 427 430 489 πικροῖς
471 423 621 488 ἐνίησι
665 423 839 477 πόνοις.
902 423 986 474 θεά
1024 422 1074 474 δὲ
1118 422 1243 476 ὅπως
1286 424 1362 474 καὶ
1405 423 1533 476 δίκας
1570 425 1711 472 αἰτῶν

129 508 226 555 τῶν
258 504 594 571 ἡμαρτημένων
625 504 808 569 ὀνίνησι
838 504 973 559 Θεός.
1040 504 1334 556 ἀπαλλάττει
1372 503 1466 570 γὰρ
1503 501 1586 555 τὸν
1612 505 1711 554 Ἰσ-

128 584 254 652 ραὴλ
279 585 491 651 βεβήλου
521 609 570 638 τε
601 588 676 638 καὶ
713 590 946 653 βδελυρᾶς
980 587 1378 652 εἰδωλολατρείας,
1405 589 1480 637 καὶ
1507 586 1711 637 ἀνοσίων

87 687 110 726 5
130 667 494 735 ἐγχειρημάτων,
536 669 826 737 φαρμακείας
859 671 936 720 καὶ
975 668 1363 737 ψευδομαντείας,
1403 672 1593 731 βωμῶν,
1631 691 1705 719 τε-

127 754 298 812 μενῶν,
338 753 530 812 θυσιῶν,
566 753 642 800 καὶ
685 755 768 801 τοῦ
807 755 1089 816 προσκυνεῖν
1126 755 1223 804 τοῖς
1260 750 1411 816 ἔργοις
1451 754 1546 801 τῶν
1584 749 1712 800 ἰδίων

127 835 312 898 χειρῶν,
369 832 535 882 οὐκοῦν
571 833 653 884 οὐκ
691 831 916 897 ἀνόνητον
953 831 1007 883 τὸ
1037 831 1355 895 παιδεύεσθαι,
1397 838 1423 861 ‘⁶
1440 831 1569 896 πλὴν
1595 835 1632 882 εἰ
1662 833 1711 882 ἐν
1771 836 1868 919 ἓξὲξ·

129 919 156 942 “
175 913 327 979 κρίσει
356 913 551 980 γένοιτο,
578 915 654 965 καὶ
683 913 749 979 μὴ
785 915 835 965 ἐν
870 915 1051 984 θυμῷ,”
1077 913 1197 965 κατὰ
1226 913 1311 979 τὴν
1341 919 1424 965 τοῦ
1461 912 1710 982 προφήτου
1727 922 1754 963 b

3 1052 4 1056 Ἰ
171 1018 309 1060 ωνην.

0 1060 13 1154 ἓ
62 999 167 1129 ιοφ
203 1081 261 1128 Εὶ
292 1075 342 1128 δὲ
380 1075 436 1142 δή
475 1100 544 1131 τις
581 1077 712 1144 λέγοι
746 1081 988 1142 συμβῆναι
1014 1080 1146 1129 ταυτὶ
1169 1082 1265 1132 τοῖς
1290 1077 1528 1128 Ἰουδαίων
1551 1074 1713 1140 δήμοις

0 1159 15 1224 ξ]
127 1158 577 1230 ἐμπεπαρῳνηκόσιν
617 1164 680 1214 εἷς
719 1159 949 1226 Χριστὸν,
990 1161 1077 1227 οὐχ
1115 1158 1378 1226 ἁμαρτήσει
1419 1158 1620 1212 διανοίας
1657 1157 1712 1210 τὸ

128 1239 248 1295 εἰκὸς
286 1241 486 1310 ἐχούσης
517 1242 590 1311 ἐφ’
627 1243 807 1306 ἑαυτῆς.
873 1244 949 1293 ,καὶ
985 1241 1078 1308 γάρ
1116 1243 1246 1292 ἐστιν
1281 1239 1467 1304 ἀληθὲς,
1499 1242 1561 1294 ὡς
1598 1239 1712 1307 ἠρή-

127 1346 306 1387 μωνται
342 1322 426 1388 μὲν
463 1327 511 1375 αἱ
545 1325 653 1392 παρ’
689 1325 843 1378 αὐτοῖς
873 1323 1049 1387 πόλεις,
1083 1322 1309 1375 ἀπόλωλε
1342 1322 1389 1373 δὲ
1424 1324 1498 1374 καὶ
1532 1326 1628 1374 πᾶν
1657 1322 1712 1373 τὸ

128 1404 334 1473 μάχιμον
358 1405 490 1471 γε’νος
515 1411 616 1460 ταῖς
639 1406 886 1470 Ῥωμαίων
909 1408 1046 1474 χερσὶ
1073 1404 1423 1467 δαπανώμενον.
1490 1406 1564 1455 καὶ
1589 1403 1713 1472 τάχα

62 1508 110 1548 15
128 1510 221 1538 που
257 1490 340 1552 τῆς
377 1487 573 1556 ἀρχαίας
610 1488 782 1554 ἐκείνης
820 1488 1206 1554 εἶδωλολατρείας
1243 1485 1490 1555 ἐξῄτηνται
1524 1484 1712 1552 λόγους,

0 1508 22 1679 W
129 1572 167 1620 εἱ
199 1571 276 1620 καὶ
308 1568 435 1634 ἦσαν
468 1571 576 1637 παρ’
605 1571 768 1624 αὐτοῖς
790 1574 831 1622 οἱ
867 1574 1150 1636 προσκυνεῖν
1175 1569 1240 1620 ε”τι
1271 1572 1329 1637 τῇ
1356 1568 1503 1619 κτίσει
1528 1567 1706 1629 βουλό-

0 1579 6 1643 ε

0 1644 10 1763 ί

128 1673 258 1715 μενοι
298 1653 374 1702 καὶ
415 1656 639 1718 γοητειῶν
683 1651 957 1716 ἁπτόμενοι.
1032 1656 1169 1720 φιλεῖ
1212 1649 1305 1717 γάρ
1349 1673 1449 1704 πως
1499 1651 1567 1701 ἀεὶ
1615 1654 1751 1703 τοῖςο

128 1735 486 1800 εἰδωλολατρεῖν
510 1734 752 1802 ᾑρημένοις
787 1732 983 1786 ἕπεσθαι
1013 1735 1160 1796 ταυτὶ,
1187 1734 1261 1783 καὶ
1296 1731 1428 1783 οὐδέν
1464 1733 1567 1783 ἐστι
1599 1732 1709 1799 παρ’

127 1816 283 1870 αὐτοῖς
307 1820 403 1867 τῶν
428 1815 552 1882 οἵγαν
574 1815 925 1879 ἐκτοπωτάτων,
953 1815 977 1867 ὃ
1004 1815 1196 1884 φαύλην
1221 1815 1314 1883 ἔχει
1337 1813 1424 1879 τὴν
1450 1813 1610 1883 δόξαν.

197 2110 290 2168 ὄρΗ,
317 2111 387 2152 καὶ
412 2111 723 2154 ἀκουσάτωσαν
749 2110 788 2152 οἱ
823 2111 964 2162 βουνοί
999 2114 1151 2168 φωνιῖιο
1183 2127 1272 2154 σου.
1329 2112 1541 2153 ἀκούσατε
1568 2111 1708 2161 βουνοί
1731 2125 1751 2149 2

0 1730 27 1964 {El

0 1976 29 2107 A!
61 2027 358 2070 2οἈκούσατε
397 2027 447 2069 ὃι-ἰ
486 2029 513 2070 ἅ
549 2028 572 2071 ὁ
614 2028 761 2085 Κύριος
798 2024 915 2070 εἶπεν
941 2029 1172 2071 ἈνάστΗθι
1208 2028 1277 2070 καὶ
1318 2028 1483 2085 κρίθι-ιτι
1517 2027 1624 2085 Πρὸς
1657 2025 1708 2069 τὰ
1733 2029 1833 2079 Κεφ.
1857 2024 1905 2066 ς·’.

29 2226 32 2267 ἶ
196 2193 274 2235 τὴν
301 2193 434 2251 κρίσιν
464 2199 537 2236 τοῦ
577 2194 739 2252 Κυρίου,
767 2194 835 2236 καὶ
872 2193 914 2236 αἱ
949 2196 1165 2252 φάραΠ-εε
1203 2197 1375 2244 θεμέλια
1413 2198 1488 2236 τῆς
1526 2198 1613 2246 rste,
1645 2196 1711 2237 ὅτι

30 2278 33 2302 ι

199 2276 332 2334 κρίσις
364 2279 425 2332 τῷ
454 2277 591 2335 Κυρίῳ
622 2277 730 2336 Πρὸς
765 2278 836 2321 τὸν
872 2279 978 2320 λαὸν
1015 2279 1160 2330 αὐτοῦ,
1192 2278 1260 2320 καὶ
1296 2278 1402 2327 μετὰ
1439 2282 1512 2320 τοῦ
1532 2278 1709 2335 Ἰσραὴλ
1729 2274 1758 2315 (l

33 2409 35 2416 y
200 2360 557 2417 ὃιελεΓχθήσεται.

33 2430 36 2454 ί

12 2463 37 2525 ·,ί
66 2488 116 2527 25
207 2468 537 2537 Ἐντρεπτικὸς
578 2469 662 2534 μὲν
706 2471 732 2520 ὁ
777 2468 935 2536 λόγος,
979 2471 1056 2520 καὶ
1099 2471 1235 2521 οἱονεὶ
1278 2469 1591 2536 κατακέκραγε
1631 2472 1714 2534 τῆς

27 2629 33 2663 3
184 2633 217 2656 2.
243 2622 296 2656 καὶ
311 2624 444 2668 πικροῖς
460 2622 568 2667 ἐνίησι
584 2623 699 2658 πόνοις
716 2633 785 2656 om.
805 2621 849 2656 B.
1000 2632 1034 2666 3.
1059 2625 1125 2657 τῶν
1141 2621 1237 2656 deest
1253 2622 1290 2656 in
1307 2621 1400 2657 Edd.
1554 2635 1588 2665 4.
1616 2622 1712 2657 Haec

134 2668 287 2713 βεβήλου
303 2684 339 2703 τε
357 2670 410 2703 καὶ
427 2675 460 2703 et
477 2672 530 2703 καὶ
547 2669 1006 2713 ἀνοσίων-ψευδομαντείας
1023 2675 1242 2703 accesserunt
1259 2681 1300 2703 ex
1318 2670 1362 2703 A.
1515 2679 1548 2714 5.
1574 2669 1711 2710 θυσιῶν,

135 2719 280 2760 τεμενῶν
295 2716 433 2750 inverso
450 2716 570 2750 ordine
588 2717 632 2750 A.
739 2716 771 2750 6.
798 2715 890 2749 ἰδίων
905 2727 974 2749 om.
993 2715 1037 2749 A.
1134 2725 1164 2760 7.
1134 2714 1229 2760 7εἷ]
1249 2719 1286 2756 -Ι-
1304 2717 1357 2749 καὶ
1375 2715 1466 2750 Edd
1485 2716 1603 2750 invitis
1621 2716 1664 2750 A.
1670 2717 1712 2751 Β.

140 2773 194 2797 10.
223 2764 391 2807 συμβῆναι
408 2764 502 2797 ταυτὶ
516 2764 559 2797 A.
572 2765 676 2796 ταῦτα
692 2774 755 2806 pro
772 2762 868 2796 ταυτὶ
887 2761 929 2795 Β.
948 2761 1040 2795 Edd.
1054 2767 1133 2795 ante
1147 2764 1315 2806 συμβῆναι
1330 2769 1461 2807 transp.
1476 2763 1568 2796 Edd.
1628 2762 1714 2797 'Iov-

137 2809 239 2843 δαίων
257 2808 372 2853 δήμοις
387 2810 432 2844 A.
449 2809 622 2844 Ἰουδαίοις
640 2808 733 2843 Edd.
914 2819 966 2842 11.
993 2807 1174 2854 ἐμπεπαρ.]
1196 2808 1252 2843 Sic
1270 2808 1374 2843 edldi.
1393 2808 1714 2855 ἐμπεπαρῳνήκασιν

138 2856 220 2899 (Sic)
237 2855 281 2890 A.
297 2858 574 2903 πεπαρῳνηκόσιν
590 2856 649 2890 iid.
698 2854 946 2900 διανοίας-αρ’
965 2856 1082 2898 ἑαυτῆς
1098 2855 1143 2890 A.
1161 2857 1219 2899 τῆς
1234 2855 1391 2899 ἀληθείας
1408 2855 1468 2889 iid.
1598 2867 1650 2901 13.
1675 2858 1714 2890 τὸ

138 2909 361 2947 assumptum
377 2915 419 2937 ex
436 2903 481 2938 A.
647 2911 699 2947 15.
726 2902 850 2945 ἐκείνης
866 2905 1088 2946 assumptum
1106 2914 1147 2935 ex
1164 2902 1208 2935 A.
1371 2902 1422 2936 16.
1448 2905 1716 2946 προσκυνοῦντες

138 2961 203 2993 pro
219 2951 420 2993 προσκυνεῖν
437 2956 470 2984 et
486 2951 689 2994 βουλόμενοι
706 2950 751 2983 A.
972 2959 1026 2982 20.
1050 2949 1148 2982 πεδία
1165 2960 1227 2993 plo
1246 2947 1318 2992 δὴ
1302 2964 1323 2983 α
1342 2949 1383 2983 Β.
1403 2949 1524 2994 (153.)
1590 2949 1716 2984 Statim

139 2997 160 3029 ὁ
176 3007 246 3029 om.
268 2995 305 3030 F.
323 2998 396 3041 (51.
414 2997 473 3039 al.)
857 3006 912 3030 21.
937 2996 1052 3039 φωνῆς
1069 3010 1134 3030 σου
1151 2994 1315 3031 ἀκουσατε
1332 2996 1449 3037 βουνοὶ
1467 3008 1537 3031 om.
1555 2996 1598 3030 A.
1617 2996 1715 3042 (62.)

143 3052 199 3087 25.
224 3041 298 3088 τῆς]
322 3047 358 3083 -ff-
379 3046 445 3077 τῶν
463 3042 554 3077 Edd.
572 3042 687 3077 invitis
705 3041 796 3077 ΑΒ.

876 3112 992 3151 4T2
