2021 3434
92 1605 147 1637 Ps.
164 1605 244 1635 xlix.
273 1609 295 1636 C

96 1660 144 1688 14,
165 1659 213 1689 15.

324 187 408 228 472
695 188 743 228 Β.
782 188 1057 229 CYRILLI
1099 190 1479 232 ALEXANDR.
1682 206 1719 231 V.
1745 202 1892 243 25—27.

323 294 478 353 μέλος.
545 295 614 346 ὅτι
665 295 713 346 δὲ
763 301 836 348 καὶ
885 304 1031 349 ταῦτα
1079 301 1331 365 γεγόνασιν
1369 303 1621 364 ’Ῑουδαικῆς
1670 301 1896 359 ἀβουλίας

323 375 569 440 εὑρήματα,
605 377 804 445 δέδειχεν
845 381 986 431 εἰπών
1023 384 1206 448 Ψαλμὲν
1246 382 1429 451 ὀργάνων
1474 402 1564 433 σου·
1622 382 1764 444 μόνον
1802 381 1895 448 γὰρ

322 458 428 525 οὐχί
455 463 605 527 φησιν
638 461 743 511 Οὐκ
781 463 916 525 ε’μῶν·
959 463 1049 531 ἔξω
1083 463 1175 530 γὰρ
1211 467 1354 527 νόμου
1384 463 1437 514 τὸ
1473 467 1643 531 χρῆμα,
1680 466 1754 514 καὶ
1790 466 1894 528 περὶ

319 540 496 590 τούτων
530 540 662 592 οὐδὲν
695 543 957 607 λελάληκεν
997 546 1021 595 ὁ
1060 549 1288 609 Μωυσῆς.
1357 547 1521 597 οὐκοῦν
1560 546 1612 596 οὐ
1649 553 1892 610 παρακλη-

319 621 529 685 θήσομαί
568 632 731 692 φησιν,
772 626 874 676 οὐδὲ
911 631 1011 680 ταῖς
1050 626 1103 676 δι’
1151 628 1331 695 ὁργάνων
1371 629 1571 695 εὐηχίαις
1610 626 1893 692 ἀποκρούσει
1914 643 1936 679 5

315 701 374 752 τὰ
403 703 693 769 ἐγκλήματα·
736 708 846 757 ἀλλ’
875 710 932 762 ὡς
966 705 1070 778 ὕδωρ
1111 707 1423 770 κυλισθήσεταῖ
1445 732 1535 773 μου
1560 708 1605 760 τὸ
1643 711 1793 777 κρῖμα,
1819 711 1895 759 καὶ

313 784 342 848 ἡ
376 786 485 852 παρ’
528 787 639 850 ἐμοῦ
682 788 903 852 γενομένη
950 788 1209 853 δικαιοσύνη,
1255 790 1509 853 τουτέστιν,
1554 791 1582 854 ἡ
1622 791 1727 841 καθ’
1767 791 1895 852 ὑμῶν

315 869 467 919 δικαία
500 868 668 920 λοιπὸν
703 870 946 939 ἀπόφασις
984 874 1041 926 ὡς
1077 874 1332 943 χειμάρῥους
1367 873 1544 933 ἄβατος
1579 873 1727 933 ἔσται,
1754 894 1892 922 κατα-

269 957 296 998 b
315 950 475 1016 σύρων
513 951 730 1015 δηλονότι
768 952 827 1003 τὰ
865 955 1267 1019 παρεμπίπτοντα,
1295 956 1368 1005 καὶ
1402 952 1671 1023 φειδόμενος
1697 953 1893 1007 οὐδενός.

313 1033 712 1100 καταῤῥήγνυνται
743 1034 835 1101 γὰρ
869 1040 962 1086 τῶν
993 1036 1114 1101 ὁρῶν
1139 1038 1372 1103 ῥαγδαίως
1398 1040 1440 1087 οἱ
1464 1037 1718 1103 χείμαῤῥοι.
1773 1036 1894 1086 οὕτω
1917 1059 1964 1084 10

313 1114 388 1164 καὶ
423 1115 450 1178 ἡ
489 1119 586 1166 θεῖα
621 1118 799 1184 ψῆφος,
836 1122 872 1168 εἰ
911 1120 967 1181 δὴ
1005 1118 1184 1183 γένοιτο
1221 1119 1338 1169 κατά
1376 1141 1528 1181 τινων,
1567 1115 1672 1186 ὕδωρ
1710 1116 1895 1185 ἄμαχον

313 1197 388 1246 καὶ
413 1199 671 1268 χειμαίρῥους
696 1200 1102 1265 ἀνανταγώνιστος
1127 1202 1272 1262 ἔσται,
1300 1202 1373 1251 καὶ
1400 1201 1555 1267 ἕτερον
1578 1199 1723 1250 οὐδέν.

382 1281 638 1346 Πανταχοῦ
662 1286 909 1347 τοιγαροῦν
931 1280 1166 1349 χρήσιμόν
1200 1306 1249 1333 τε
1287 1285 1359 1333 καὶ
1389 1284 1642 1347 ἀναγκαῖον
1667 1280 1720 1332 τὸ
1750 1303 1892 1345 μετα-

317 1365 435 1411 νοεῖν
477 1362 702 1429 φαίνεται,
744 1365 818 1413 καὶ
863 1368 961 1416 ταῖς
1012 1367 1074 1417 εἷς
1123 1363 1175 1414 τὸ
1218 1364 1404 1426 ἄμεινον
1449 1367 1727 1430 ἀναδρομαῖς
1769 1365 1891 1414 ἀπο-

315 1441 566 1508 κρούεσθαι
601 1442 685 1507 τὴν
723 1443 882 1510 ὀργὴν,
921 1445 1003 1496 οὐκ
1041 1446 1283 1512 ἄχρηστον
1321 1450 1565 1499 παντελῶς
1604 1449 1679 1496 καὶ
1717 1447 1892 1512 ἀτρανῆ
1916 1470 1963 1508 15

315 1523 476 1591 φωνὴν
506 1525 653 1578 ἱέντας
679 1529 804 1594 Θεῷ,
833 1527 942 1578 ἀλλ’
972 1527 1028 1595 ἐξ
1061 1530 1238 1592 ἀγαθῆς
1277 1528 1475 1582 διανοίας
1507 1527 1666 1595 σοφὸν
1704 1530 1893 1592 ἀληθῶς

314 1608 388 1656 καὶ
415 1607 642 1672 εὔρυθμον
669 1608 954 1675 ἀνηχοῦντας
979 1607 1140 1671 μέλος.
1184 1616 1210 1638 “
1232 1612 1399 1661 Θῦσον
1425 1609 1531 1676 γὰρ,
1559 1612 1694 1676 φησὶ,
1722 1610 1893 1661 θυσίαν

314 1695 340 1717 “
367 1689 597 1751 αἰνέσεως,
623 1691 698 1739 καὶ
726 1690 898 1744 ἀπόδος
929 1694 995 1760 τῷ
1021 1692 1247 1761 ’Υψίστῳ
1274 1690 1355 1746 τὰς
1382 1691 1518 1759 εὐχάς
1544 1712 1650 1742 σου·
1694 1694 1769 1742 καὶ
1795 1694 1892 1744 ἐπι-

313 1776 341 1798 “
366 1768 569 1821 κάλεσαί
587 1794 644 1834 με
675 1773 722 1821 ἐν
745 1772 892 1842 ἡμέρᾳ
931 1772 1141 1841 θλίψεως
1181 1797 1286 1837 σου,
1326 1776 1400 1825 καὶ
1433 1774 1686 1843 ἐξελοῦμαί
1720 1797 1777 1825 σε
1816 1776 1891 1825 καὶ

313 1859 340 1882 “
365 1851 581 1921 δοξάσεις
607 1852 709 1916 με.”
1485 1893 1490 1895 »
1912 1869 1961 1894 20

246 2071 293 2107 25
314 2062 385 2103 ΛΛὲι
421 2065 578 2118 σφαΓια
610 2064 678 2104 καί
709 2062 853 2105 Θυσίας
887 2065 1202 2120 ΠροσΗνὲΓκατε
1227 2079 1296 2112 μοι
1331 2066 1647 2121 τεσσαράκοντα
1672 2065 1746 2106 ἔτι-ι
1773 2060 1889 2106 οἶκος

247 2144 293 2178 26
376 2146 550 2202 Ἰσραὴλ
587 2146 631 2186 ἐν
667 2149 718 2203 τιξι
754 2146 900 2202 ἐρήμῳ
923 2148 1033 2194 λεΓει
1073 2146 1231 2203 Κύριος,
1265 2148 1332 2187 καί
1365 2147 1594 2197 ἀνελάβετε
1626 2148 1702 2188 τήν
1732 2149 1888 2189 σκι-ινι-ἰν

380 2232 452 2270 τοῦ
475 2229 626 2286 ΛΛολὸχ
662 2230 730 2271 καὶ
760 2230 808 2271 τὸ
842 2230 996 2287 ἄστρον
1022 2233 1094 2271 τοῦ
1125 2233 1220 2272 θεοῦ
1245 2231 1362 2279 ὑμῶν
1383 2229 1582 2287 Ῥαιφὰν,
1609 2231 1707 2272 τοὺς
1732 2234 1890 2273 τύπους

247 2332 292 2370 27
383 2313 523 2353 αὐτῶν
566 2314 638 2354 οὓς
681 2314 910 2355 ἐποιήσατε
951 2311 1128 2355 ἑαυτοῖς·
1186 2314 1254 2354 καὶ
1295 2315 1497 2362 μετοικιῶ
1539 2315 1644 2363 ὑμᾶς
1689 2315 1887 2357 ἐπέκεινα

380 2396 618 2448 Δαμασκοῦ,
645 2398 756 2444 λὲΓει
785 2397 931 2454 Κύριος
957 2398 979 2439 ὁ
1007 2396 1113 2439 Θεὸς
1139 2397 1161 2439 ὁ
1188 2399 1499 2454 Παντοκράτωρ
1525 2398 1659 2447 ὄνομα
1687 2399 1818 2453 αὐτῷ.
1909 2413 1956 2451 25

271 2472 297 2512 d
389 2512 484 2564 Διά
517 2518 608 2564 τῶν
643 2515 808 2580 ἀρτίως
851 2514 1216 2580 ἡρμηνευμένων,
1260 2515 1380 2569 Θεὸς
1423 2514 1479 2580 ἦν
1517 2517 1542 2567 ὁ
1581 2517 1733 2581 λε’γων
1770 2514 1887 2582 πρὸς

362 2674 393 2698 2.
418 2664 582 2709 εὑρέματα
600 2665 643 2699 Β.
691 2667 792 2708 μόνον
808 2666 873 2711 γὰρ
891 2664 970 2711 οὐχι
987 2666 1028 2701 Β.
1045 2681 1225 2711 μονονουχι
1242 2668 1307 2711 γάρ
1325 2665 1415 2700 Edd.
1434 2668 1499 2711 γὰρ
1518 2678 1586 2701 om.
1604 2667 1648 2701 A.
1748 2678 1781 2711 3.
1807 2667 1886 2710 ἐμὸν

314 2710 406 2745 Edd.
501 2724 534 2754 4.
556 2713 861 2757 παρακληθήσομαί
877 2715 986 2757 φησιν
1003 2714 1046 2747 Α.
1063 2713 1360 2758 παρακληθὴσεται
1379 2713 1421 2748 Β.
1436 2713 1527 2747 Edd.
1623 2723 1657 2759 5.
1682 2713 1886 2758 ἀποκρούσει

312 2757 416 2792 habet
434 2758 475 2791 A.
720 2760 752 2794 8.
778 2759 959 2805 χειμαῤῥος
976 2761 1019 2794 A.
1037 2759 1095 2805 (ut
1114 2760 1248 2805 supra.)
1496 2771 1548 2794 12.
1574 2759 1822 2805 ἅνταγώνιστον
1839 2761 1884 2794 Α.

316 2815 370 2848 13.
395 2806 545 2850 πανταχῆ
564 2806 606 2840 A.
775 2818 827 2851 15.
853 2806 914 2851 ἀτρ
893 2808 975 2851 ρανῆ
992 2807 1122 2841 habent
1138 2808 1182 2841 A.
1188 2807 1229 2841 B.
1400 2806 1451 2841 16.
1479 2807 1646 2851 δυνάμεως
1663 2819 1726 2851 pro
1742 2806 1886 2841 διανοιας

314 2849 405 2884 Edd.
423 2852 699 2897 repugnantibus
717 2854 759 2887 A.
766 2853 808 2887 Β.
1071 2854 1134 2887 18-
1112 2864 1191 2888 2-0.
1218 2854 1547 2897 ἀπόδος-δοξάσης
1563 2853 1621 2899 με]
1641 2854 1682 2888 τὰ
1699 2854 1775 2897 ἑξῆς
1793 2852 1883 2887 Edd.

315 2906 369 2951 21.
400 2900 653 2942 τεσσαράκοντα
669 2900 725 2943 ἕτη
742 2899 995 2945 προσηνέγκατέ
1011 2915 1067 2944 μοι
1085 2901 1153 2934 inv.
1173 2900 1293 2934 ordlne
1312 2900 1402 2934 Edd.
1712 2911 1766 2934 22.
1792 2899 1827 2933 ἐν
1843 2902 1882 2942 τῇ

313 2941 423 2987 ἐρήμῳ
440 2955 509 2977 om.
528 2947 571 2979 A.
591 2946 685 2989 (240.
690 2948 701 2988 )
720 2954 797 2991 post
815 2947 934 2982 θυσίας
957 2959 993 2980 ln
1019 2959 1090 2991 mg.
1110 2946 1189 2980 add.
1210 2947 1251 2980 B.
1320 2947 1415 2981 Haec
1441 2946 1533 2991 λεγει
1560 2946 1681 2990 Κύριος
1705 2952 1884 2990 assumpta

314 3000 353 3021 ex
372 2989 460 3023 A..B
479 2990 619 3034 (Alex.)
843 3004 897 3038 25.
924 2995 1016 3028 dalt.
1036 3005 1104 3028 om.
1125 2994 1160 3027 F.
1182 2993 1271 3028 Edd.
1291 2993 1389 3038 (130,
1410 2994 1487 3033 229,
1506 2993 1605 3038 311.)

1992 2886 2004 3156 “⁴'‘*-·-—·-·-·—--v
1996 2853 2002 2879 ι-
2004 2811 2005 2816 Α

1988 3265 1994 3327 .-.-
1988 3172 1996 3249 ,-.-,-
