2021 3434
123 209 164 250 ii.
182 223 223 263 4,
245 222 283 265 5.
514 213 588 254 IN
630 213 1016 255 MICHAEAM.
1077 212 1227 254 TOM.
1266 211 1304 252 Ι.
1613 210 1696 249 629

124 327 151 350 “
175 324 389 391 σεαυτῷς
429 327 466 375 εἰ
501 324 851 389 ἀναστήσονται
890 327 965 376 καὶ
998 324 1224 375 σώσουσί
1257 344 1315 372 σε
1354 322 1402 372 ἐν
1441 322 1584 388 καιρῷ
1616 319 1699 381 Τῆς

123 409 150 432 “
175 403 423 458 κακώσεώς
475 429 566 458 σου
586 408 628 469 ;”
682 407 813 457 ἀλλὰ
859 411 960 460 πῶς
1004 405 1061 456 ἂν
1105 405 1284 471 ἑτέρους
1336 402 1612 462 ἐκσώσειαν,
1657 397 1700 449 οῗ

121 485 312 536 πάθοιεν
349 485 407 537 ἂν
444 489 647 542 εὐκόλως
684 493 780 540 πᾶν
816 488 934 540 ὅσον
970 511 1039 542 τις
1082 485 1237 538 ’έλοιτο
1281 488 1426 552 δρᾶν;
1473 485 1565 534 εἰσὶ
1607 480 1699 548 γάρ

122 571 240 617 εἰσιν
277 568 434 634 “e'joya
471 575 638 637 χειρῶν
672 570 947 637 ἀνθρώπων,
984 570 1208 636 ἀργύριον
1242 571 1317 619 καὶ
1354 565 1592 635 χρυσίον,”
1626 565 1923 639 καῖἆξζζοῖᾔῑ·

81 649 254 703 5λίθος
294 653 369 700 καὶ
404 651 541 719 ξύλα,
584 652 720 720 κωφὴ
763 656 837 703 καὶ
876 653 1158 715 ἀναίσθητος
1198 652 1303 715 ὕλη.
1371 648 1606 717 ψαλλέτω
1644 645 1701 709 δὴ

121 730 203 780 οὖν
226 732 251 781 ὁ
278 733 529 787 θεσπέσιος
556 736 729 785 Δαυείδ
755 742 782 763 “
801 735 993 796 ρὈμοιοι
1029 734 1182 787 αὐτοῖς
1214 732 1421 798 γένοιντο
1452 729 1623 782 πάντες
1659 731 1701 778 οἱ
1763 745 1815 776 Ib.
1838 745 1884 776 16.

121 819 149 840 ⁴⁶
174 818 411 868 ποιοῦντες
436 815 553 865 αὐτὰ
577 819 650 866 καὶ
676 816 844 869 πάντες
872 820 913 867 οἱ
938 814 1210 868 πεποιθότες
1236 815 1303 864 ἐπ’
1333 812 1532 866 αὐτοῖς.”

124 997 174 1040 Οἱ
203 1001 324 1057 ἀΓροί
361 1002 478 1050 ὑμῶν
516 1002 866 1060 ὃιεμετρέιθμσαν·
907 1003 974 1045 διὰ
1001 1007 1128 1044 τοῦτο
1161 1002 1237 1043 οὐκ
1275 1002 1393 1043 ἔσται
1427 1014 1492 1042 σοι
1532 999 1702 1048 βάλλων
1725 1008 1746 1046 5

190 1084 371 1140 σχοινίον
408 1085 453 1127 ἐν
493 1088 651 1143 κλήρῳ.

58 1209 106 1234 10
197 1192 411 1259 Φανεράν
435 1199 630 1245 ποιεῖται
663 1200 756 1246 τῶν
787 1194 1035 1262 εἰρημένων
1060 1193 1145 1258 τὴν
1172 1193 1379 1255 δύναμιν.
1445 1190 1705 1255 ἀπόκληροι

124 1274 216 1341 γὰρ
253 1276 482 1341 γεγόνατέ
522 1286 658 1344 φησι,
698 1279 772 1328 καὶ
816 1276 1081 1346 μεμέτρηται
1124 1276 1207 1340 μὲν
1249 1274 1307 1326 τὰ
1352 1276 1480 1337 ὑμῶν
1519 1272 1745 1339 ἑτέροις,θ

123 1359 202 1407 σοὶ
227 1356 275 1407 δὲ
300 1359 382 1408 οὐκ
408 1358 564 1427 ἔξεστι
590 1364 888 1426 καταμετρεῖν
914 1358 973 1409 τὰ
999 1359 1081 1409 σά.
1150 1357 1443 1409 πεπονθότας
1483 1355 1531 1406 δὲ
1569 1361 1707 1406 τοῦτο

11 1434 19 1488 :3
123 1439 242 1490 κατὰ
271 1439 353 1490 τὸν
389 1444 470 1505 τῆς
507 1442 749 1505 ἐπιδημίας
776 1440 935 1508 καιρὸν
961 1443 1036 1492 καὶ
1061 1440 1166 1494 τοὺς
1191 1439 1422 1506 ἀλαζόνας
1448 1436 1708 1503 εὑρήσομεν

123 1522 390 1577 Ἰουδαίους.
454 1523 880 1590 ἐμπαροινήσαντες
919 1523 1012 1590 γὰρ
1046 1527 1113 1592 τῷ
1150 1525 1350 1590 Χριστῷ
1388 1524 1482 1571 τῶν
1520 1521 1708 1584 ἐκνεμη-

61 1614 106 1653 15
126 1603 298 1655 θέντων
324 1606 477 1659 αὐτοῖς
511 1605 789 1657 ἀπώλισθον
814 1605 1017 1672 κλήρων.
1085 1604 1142 1670 ἧν
1166 1604 1250 1668 μὲν
1275 1603 1366 1670 γὰρ
1392 1601 1708 1668 πρωτότοκος,

125 1689 201 1737 καὶ
225 1688 377 1738 αὐτῶν
408 1685 526 1738 εἷναί
553 1693 674 1756 φησι
712 1687 795 1742 τὰς
829 1688 1113 1753 ἐπαγγελίας
1138 1688 1162 1738 ὁ
1189 1685 1470 1755 σοφώτατος
1499 1687 1708 1745 Παῦλος,
1770 1693 1864 1724 Rom.
1886 1693 1930 1724 ix.

126 1769 278 1819 αὐτῶν
308 1767 415 1822 τοὺς
439 1768 658 1835 πατέρας,
691 1771 765 1820 καὶ
791 1769 847 1838 ἐξ
870 1771 1021 1820 αὐτῶν
1047 1769 1100 1820 τὸ
1137 1767 1256 1819 κατὰ
1289 1766 1446 1833 σάρκα
1471 1764 1704 1832 Χριστόν.
1770 1751 1800 1777 4’
1818 1747 1846 1778 δ’

125 1850 388 1902 ἐκπέπτωκε
423 1850 470 1901 δὲ
502 1854 584 1914 τῆς
618 1853 806 1904 ἐλπίδος
832 1853 906 1901 καὶ
937 1854 1019 1914 τῆς
1046 1855 1106 1904 εἷς
1133 1855 1269 1900 τοῦτο
1296 1849 1456 1913 πάσης
1479 1847 1704 1900 εὐκλείας·

127 1931 382 1999 εἶσέφρησε
420 1933 468 1983 δὲ
499 1938 593 1983 τῶν
630 1936 775 1984 ἐθνῶν
808 1934 835 1996 ἡ
874 1932 1058 1997 πληθὺς
1093 1933 1167 1982 καὶ
1202 1935 1263 1984 εἰς
1297 1930 1379 1981 τὸν
1417 1930 1599 1980 ἐκείνων
1629 1929 1709 1978 ἀν-

64 2037 112 2063 20
127 2015 299 2078 τανέβη
341 2018 532 2080 κλῆρον·
577 2016 729 2065 αὐτῶν
771 2014 864 2082 γὰρ
902 2013 1158 2080 γεγόνασιν
1204 2017 1250 2064 αὶ
1294 2012 1587 2078 ἐπαγγελίαι,
1628 2011 1746 2060 oth-a
1771 2027 1861 2062 408
1879 2028 1928 2062 A.

72 2133 76 2137 .
128 2101 222 2148 τῶν
270 2098 294 2147 ὁ
344 2096 568 2163 Χριστὸς,
608 2098 761 2147 αὐτῶν
809 2101 850 2148 οὶ
899 2096 1108 2163 πατέρες·
1166 2096 1303 2147 τέκνα
1346 2093 1709 2162 χρηματίζουσιν

127 2177 366 2244 Ἀβραὰμ,
396 2183 849 2231 κατακολουθοῦντες
876 2183 1007 2231 66τοῖς
1041 2178 1192 2245 ἰ’χνεσι
1226 2179 1308 2241 τῆς
1345 2179 1392 2226 ἐν
1418 2175 1710 2243 ἀκροβυστίᾳ
1769 2181 1865 2256 Rom.
1886 2183 1929 2215 iv.

129 2268 157 2289 “
181 2261 410 2314 πίστεως”
428 2262 582 2311 αὐτοῦ·
624 2268 652 2290 “
673 2262 748 2312 Οὐ
774 2259 866 2326 γὰρ
892 2259 1062 2313 πάντες
1088 2263 1129 2310 οὶ
1155 2259 1208 2327 ἐξ
1227 2258 1441 2326 Ἰσραὴλ,
1467 2257 1593 2308 οὗτοι
1611 2258 1711 2306 Ἰσ-
1771 2251 1822 2305 1ιῇ
1841 2276 1886 2306 ix.

131 2349 158 2372 ‘⁶
182 2342 322 2408 ραὴλ,
350 2342 452 2393 οὐδὲ
487 2342 558 2393 ὅτι
591 2344 683 2393 εἰσὶ
716 2343 907 2407 σπέρμα
930 2341 1170 2408 εΑβραδιμ,
1197 2340 1369 2395 πάντες
1402 2340 1552 2401 τέκνα,
1580 2337 1711 2389 ἀλλὰ
1772 2320 1801 2356 6,
1820 2325 1848 2360 7'
1869 2320 1898 2350 8.

223 2423 236 2441 X
321 2423 333 2440 Ι
491 2427 508 2436 ⁶

66 2431 159 2478 ²5⁶⁴
184 2447 243 2476 τα
279 2446 418 2475 τεκνα
453 2447 536 2488 της
577 2426 875 2490 ἐπαγγελίας,
913 2430 1060 2474 ταῦτα
1104 2422 1336 2489 λογίζεται
1374 2426 1435 2475 εἷς
1473 2419 1708 2487 σπέρμα.”

183 2576 212 2598 1.
238 2563 481 2608 ἀναστήτωσαν
497 2575 559 2609 pro
577 2563 605 2597 εἷ
622 2562 870 2606 ἀναστήσονται
888 2563 931 2597 Α.
1203 2572 1233 2595 2.
1261 2559 1465 2605 ἐκσώσειαν]
1486 2561 1650 2594 σώσωσιν
1669 2559 1712 2593 Β.

136 2610 262 2645 Statim
279 2610 310 2645 οἳ
327 2622 396 2645 om.
416 2613 459 2645 A.
678 2624 711 2652 4.
737 2611 827 2644 λίθοι
845 2622 908 2655 pro
927 2611 978 2643 καὶ
997 2609 1092 2644 λίθος
1111 2609 1152 2642 Α.
1366 2618 1398 2650 5.
1425 2608 1461 2641 δέ
1480 2619 1542 2651 pro
1560 2607 1599 2650 δὴ
1619 2605 1713 2640 Edd.

135 2658 260 2692 Statim
278 2657 336 2692 οὖν
352 2664 573 2702 assumptum
591 2669 633 2691 ex
653 2657 693 2691 B.
928 2656 961 2690 6.
988 2658 1107 2691 πάντες
1125 2655 1268 2689 accessit
1284 2666 1325 2688 ex
1345 2655 1388 2688 A.
1407 2654 1451 2688 cf.
1470 2665 1575 2698 supra
1596 2654 1660 2686 180
1677 2652 1713 2687 b.

134 2711 168 2738 et
184 2705 220 2738 in
238 2704 299 2738 Es.
317 2714 385 2749 513
403 2716 432 2738 c.
739 2704 771 2737 8.
799 2702 1065 2747 διεμετρὴθησαν
1083 2702 1173 2736 Α.Β.
1194 2703 1308 2743 (Alex.
1329 2700 1431 2744 XII.)
1450 2699 1716 2744 διεμερίσθησαν

136 2751 228 2786 Edd.
241 2751 354 2794 (vat.)
403 2765 460 2785 σοι
478 2750 573 2784 deest
590 2751 625 2784 in
637 2750 722 2784 A.F.
738 2749 829 2784 Edd.
844 2749 951 2795 (153)
966 2750 1075 2783 invito
1090 2749 1132 2783 B.
1184 2748 1308 2782 Statim
1327 2749 1345 2781 ὁ
1362 2747 1442 2781 add.
1456 2747 1494 2781 F.
1509 2746 1601 2781 Edd.
1616 2746 1715 2791 (Co.)

140 2809 192 2832 10.
219 2796 372 2843 δύναμιν]
393 2797 542 2841 δήλωσιν
559 2799 602 2831 A.
834 2808 845 2830 Ι
857 2808 886 2830 Ι.
911 2798 1110 2840 μεμέτρηται
1128 2796 1171 2828 A.
1189 2794 1416 2839 μεμετρήκασι
1435 2793 1477 2828 Β.
1493 2792 1715 2837 μεμέτρηνται

137 2844 230 2879 Edd.
280 2846 406 2878 Statim
423 2846 463 2878 τὰ
480 2845 570 2888 ὑμῶν
587 2844 712 2887 ἑτέροις
729 2843 772 2877 Α.
790 2843 850 2886 τὴν
868 2843 957 2887 ὑμῶν
971 2842 1081 2887 ἕτεροι
1101 2841 1189 2876 Edd.
1521 2851 1573 2874 12.
1600 2841 1714 2884 ἔξεστι

139 2893 353 2935 καταμετρεῖν
370 2891 413 2925 A.
432 2891 568 2934 ἐξέσται
584 2892 716 2935 μετρεῖν
734 2889 825 2923 Edd.
1053 2900 1105 2934 13.
1131 2889 1184 2922 καὶ
1202 2899 1271 2922 om.
1290 2888 1333 2922 A.
1384 2886 1510 2922 Statim
1528 2885 1716 2930 εὑρήσομεν

139 2939 215 2974 τοὺς
230 2938 326 2980 ἀλαζ.
345 2938 416 2971 inv.
434 2938 509 2973 ord.
528 2940 572 2971 A.
779 2947 831 2978 15.
856 2935 917 2979 μὲν
934 2943 1154 2981 assumptum
1173 2947 1213 2969 ex
1232 2936 1275 2968 A.
1480 2945 1532 2978 19.
1560 2934 1596 2967 δέ
1613 2939 1646 2967 et
1662 2934 1716 2966 καὶ

141 2991 320 3029 assumpta
336 2996 376 3018 ex
395 2985 486 3019 A.B.
536 2981 716 3028 ἀντανέβη]
736 2983 977 3026 ἀντεισβέβηκε
996 2983 1039 3017 Β.
1373 2991 1427 3015 21.
1454 2979 1569 3025 fc‘xua]
1592 2984 1629 3021 -ff-
1649 2981 1716 3026 γὰρ

142 3031 233 3065 Edd.
253 3031 362 3066 invito
373 3031 422 3065 Α.
577 3041 631 3072 24.
657 3032 777 3065 πάντες
794 3030 891 3064 τέκνα
910 3029 1035 3064 desunt
1053 3030 1087 3064 in
1107 3028 1199 3063 Edd.
1344 3037 1396 3074 25.
1424 3027 1469 3064 εἷς
1486 3039 1556 3062 om.
1574 3028 1616 3062 A.
