2021 3434
0 2261 1 2282 ι

0 2326 2 2397 ἱ

0 2409 3 2428 ι

1 2451 3 2487 ί

2 2586 5 2655 ῑ

2 2667 6 2716 ¹.

116 162 185 204 xii.
209 163 247 204 6.
568 164 638 205 IN
678 164 914 205 OSEAM.
974 162 1124 204 TOM.
1165 161 1246 202 VI.
1600 157 1684 196 249

114 273 289 338 τρίβον,
331 275 406 325 καὶ
455 275 702 339 ἀγαπῆσαι
753 278 939 342 φρονεῖν
987 270 1018 324 ἃ
1066 275 1144 335 δεῖ,
1192 264 1549 337 περιγενήσεταῖ
1594 286 1686 314 σου

113 354 265 420 πάντη
306 379 355 407 τε
395 358 469 406 καὶ
509 355 696 410 πάντως
737 356 766 420 ἡ
806 355 998 424 μάστιξ,
1042 352 1297 418 μεταθήσει
1340 352 1525 417 γοργῶς
1568 344 1686 412 πρὸς

114 435 200 500 τὴν
238 443 320 488 τοῦ
364 437 688 505 συμφέροντος
727 437 904 504 αἵρεσίν
953 460 1001 488 τε
1042 439 1118 487 καὶ
1157 439 1352 500 γνῶσιν.
1421 431 1552 482 ταυτὶ
1603 427 1687 492 μὲν

115 518 196 568 οὖν
229 518 350 582 ἡμῖν,
388 518 597 585 καθάπερ
636 518 972 582 ὑπολαμβάνω,
1006 515 1372 580 κατασημήνειεν
1410 511 1465 564 ἂν
1503 510 1687 564 εἰκότως

72 610 95 648 5
115 598 168 650 τὸ
207 605 295 651 Καὶ
336 598 388 651 σῖ]
427 601 464 651 ἐν
497 607 595 670 Θεῷ
630 625 704 651 σου
737 598 1038 669 ἐπιστρέψας,
1071 596 1268 662 ἀπειλὴν
1306 596 1425 663 ἕχον,
1455 596 1516 648 ὡς
1554 593 1685 662 ἔφην,

114 686 342 747 χρησταῖς
374 681 695 748 ὑποσχέσεσιν
726 682 775 731 εὖ
799 680 933 744 μάλα
957 678 1311 743 κεκερασμένην.
1374 675 1471 727 εἶτα
1505 673 1687 737 λοιπὸν,

116 766 177 816 ὡς
202 764 290 828 ἤδη
315 763 650 832 μαστιῷμένῳ,
673 764 747 813 καὶ
785 764 833 813 ἐν
871 763 995 831 αὐτῷ
1032 759 1246 828 γεγονότι
1283 761 1350 828 τῷ
1379 757 1687 821 πλήττεσθαι,

115 844 235 899 Θεὸς
268 847 493 913 ἐπιφωνεῖ
516 844 672 896 ’Ἔλεον
710 849 787 896 καὶ
826 847 964 914 κρῖμα
999 841 1254 913 φυλάσσου,
1284 845 1360 892 καὶ
1400 840 1552 909 ἕγγιζε
1582 838 1690 907 πρὶς

116 927 180 979 τὶν
218 928 324 979 Θεόν
362 951 436 978 σου
471 924 730 982 διαπαντός.
796 925 957 993 ὥσπερ
992 923 1084 991 γὰρ
1116 924 1158 974 εἴ
1185 947 1254 977 τις
1280 921 1513 984 δεσπότης
1539 920 1728 987 οἷκέτῃο

54 1033 99 1058 ιο
116 1008 440 1078 παιδευομένῳ,
475 1011 551 1059 καὶ
585 1011 633 1059 ἐν
677 1009 802 1078 αὐτῷ
845 1011 912 1077 τῷ
954 1005 1263 1072 μαστίζεσθαι
1297 1002 1524 1070 γεγονότι,
1559 1001 1691 1067 λε’γοι

116 1090 231 1156 μετὰ
270 1093 454 1159 φειδοῦς
497 1114 546 1142 τε
584 1088 680 1154 ἅμα
724 1092 799 1141 καὶ
837 1087 1199 1156 ἀγανακτήσεως
1239 1087 1453 1155 Σώφρων
1492 1085 1576 1135 ε”σο
1616 1086 1692 1134 καὶ

117 1173 336 1238 εὐπειθὴς,
378 1177 452 1224 καὶ
495 1172 559 1237 μὴ
598 1171 878 1241 καταφρόνει
917 1173 1206 1222 δεσποτικῶν
1243 1167 1562 1231 ἐνταλμάτων·
1611 1166 1694 1218 τὸν

118 1255 256 1307 αὑτὸν
294 1253 418 1320 οἶμαι
449 1254 625 1321 τρόπον
663 1257 738 1305 καὶ
777 1254 802 1304 ὁ
840 1257 933 1304 τῶν
965 1252 1091 1303 ὅλων
1128 1250 1247 1305 Θεὸς
1278 1249 1548 1319 τυπτομένῳ
1587 1248 1694 1315 τρό-

118 1361 208 1390 πον
251 1337 354 1389 τινὰ
396 1341 461 1407 τῷ
503 1336 728 1405 Ἐφραὶμ,
773 1336 849 1387 καὶ
895 1339 995 1389 ταῖς
1041 1340 1124 1386 τοῦ
1172 1333 1381 1398 πολέμου
1424 1336 1692 1400 συμφοραῖς

54 1435 99 1474 15
118 1419 477 1489 ἐκπαιδευομένῳ
512 1420 662 1488 φησίν
676 1417 830 1470 ’Ἔλεον
867 1423 945 1469 καὶ
981 1420 1121 1486 κρῖμα
1153 1417 1406 1486 φυλάσσου,
1436 1420 1512 1467 καὶ
1541 1414 1693 1484 ἕγγιζε

119 1502 222 1573 πρὶς
264 1501 346 1554 τὸν
388 1503 493 1554 Θεόν
535 1526 612 1553 σου
655 1499 914 1555 διαπαντός.
986 1499 1144 1563 ὅμοιον
1185 1500 1246 1553 ὡς
1290 1502 1326 1549 εἰ
1377 1497 1507 1563 λέγοι
1551 1495 1695 1563 τυχόν

119 1583 306 1649 Ταύτης
330 1585 461 1635 ἕνεκα
492 1587 574 1648 τῆς
608 1584 754 1637 αἰτίας
779 1583 880 1633 ἰ’σθι
904 1579 1239 1646 πληττόμενος,
1267 1579 1338 1632 ὅτι
1371 1579 1435 1644 μὴ
1467 1577 1693 1648 ἐφυλάξω

119 1666 234 1732 μηδὲ
268 1668 510 1731 τετίμηκας
538 1665 598 1717 τὰ
632 1667 731 1730 ἐμοὶ
771 1665 891 1734 φίλα
928 1666 1004 1716 καὶ
1041 1664 1337 1730 ἠγαπημένα.
1404 1661 1458 1714 τὸ
1496 1660 1580 1726 μὲν
1613 1661 1739 1712 οὖνᾶ

121 1749 239 1804 ἕλεος
276 1748 360 1813 τὴν
398 1748 587 1814 ἀγάπην
621 1752 768 1813 δηλοῖ·
815 1746 975 1814 ἀγάπη
1010 1747 1058 1798 δὲ
1096 1745 1240 1811 νόμου
1277 1744 1538 1812 πλήρωσις,
1567 1747 1695 1813 “chss

54 1848 102 1873 20
121 1838 147 1860 ‘⁶
173 1830 265 1898 γὰρ
290 1832 499 1895 πλησίον
526 1829 667 1882 κακὸν
692 1832 773 1882 οὐκ
800 1828 1075 1896 ἐργάζεταιῖ
1105 1828 1223 1880 κατὰ
1249 1827 1335 1893 τὴν
1360 1832 1443 1879 τοῦ
1467 1826 1696 1893 μακαρίου

122 1913 320 1964 Παύλου
354 1912 528 1982 φωνήν.
591 1913 645 1964 τὸ
683 1913 730 1964 δὲ
771 1917 909 1982 κρῖμα
947 1911 1033 1976 τὴν
1071 1911 1441 1978 δικαιοπραγίαν,
1475 1908 1577 1973 ἤτοι
1611 1909 1697 1972 τὴν

119 1995 432 2060 δικαιοσύνην,
476 1998 551 2047 καὶ
590 1994 675 2060 τὴν
718 2001 800 2046 τοῦ
845 1995 968 2046 θείου
1015 1994 1236 2058 νεύματος
1277 1992 1489 2060 τήρησιν.
1557 1993 1696 2061 κρῖμα

118 2076 211 2144 γὰρ
238 2079 262 2128 ὁ
289 2076 426 2142 νόμος
451 2077 722 2143 ὠνόμασται
746 2077 875 2144 παρά
901 2099 954 2142 γε
981 2081 1038 2144 τῇ
1065 2075 1362 2145 θεοπνεύστῳ
1396 2077 1573 2142 γραφῇ.
1640 2071 1695 2124 τὸ

121 2159 170 2210 δὲ
210 2161 398 2231 ἐγγίζειν
437 2166 536 2231 Θεῷ
579 2157 822 2214 δῖοιποιντές
868 2157 1176 2227 ὑπεμφήνειεν
1220 2156 1277 2208 ἂν
1320 2156 1405 2221 τὴν
1449 2161 1511 2209 εἷς
1556 2154 1697 2206 αὐτὸν

0 2249 1 2255 ’
54 2262 103 2302 25
121 2243 323 2308 γνησίαν
347 2245 429 2306 τῆς
454 2242 655 2295 διανοίας
685 2241 850 2310 ἕφεσίν
887 2263 936 2291 τε
970 2242 1046 2291 καὶ
1082 2239 1245 2307 ῥοπὴν,
1271 2241 1345 2290 καὶ
1372 2237 1426 2290 τὸ
1452 2235 1516 2302 μὴ
1543 2260 1696 2304 προσ-
1713 2263 1735 2289 e

122 2328 304 2375 κεῖσθαι
338 2329 492 2390 φιλεῖν
518 2324 686 2390 ἑτέροις
711 2328 805 2376 τοῖς
831 2323 913 2373 οὐκ
939 2323 1046 2373 οὖσι
1073 2327 1203 2384 θεοῖς,
1225 2320 1252 2385 ἦ
1280 2325 1338 2389 τῇ
1364 2322 1512 2372 κτίσει
1538 2318 1694 2387 τυχὸν,

122 2405 268 2471 ἤγουν
308 2405 469 2474 ξύλοις
508 2428 558 2456 τε
596 2406 672 2456 καὶ
715 2406 877 2459 λίθοις.
939 2406 1086 2470 ἐγγιεῖ
1125 2403 1172 2455 δὲ
1219 2407 1328 2472 Θεῷ
1372 2404 1448 2454 καὶ
1487 2401 1697 2466 πλησίον

123 2487 257 2539 ἔσται
306 2486 424 2538 κατὰ
465 2486 687 2549 διάθεσιν,
733 2489 807 2537 καὶ
852 2487 876 2536 ὁ
921 2486 1155 2555 πράξεσιν
1205 2488 1401 2551 ἀγαθαῖς
1448 2484 1698 2550 ε’μπρέπειν

125 2568 268 2632 εἰδὼς,
294 2571 369 2620 καὶ
399 2567 737 2636 ἀπαράφθορον
770 2570 817 2618 ἐν
848 2569 995 2637 ἑαυτῷ
1025 2566 1234 2634 τηρήσας
1260 2566 1344 2630 τὴν
1369 2567 1546 2618 πίστιν.
1610 2590 1690 2631 με-

58 2674 108 2710 3ο
125 2656 334 2713 σολαβεῖ
358 2651 451 2718 γὰρ
484 2648 718 2704 πολλάκις
751 2650 779 2713 ἡ
815 2650 1029 2716 ἁμαρτία,
1062 2652 1135 2700 καὶ
1162 2649 1370 2715 διίστησι
1397 2652 1536 2701 Θεοῦ.
1578 2649 1697 2700 κατὰ

175 2829 206 2852 2.
232 2816 375 2862 μάστιξ]
392 2821 428 2858 -†-
444 2816 496 2851 καὶ
514 2815 606 2850 Edd.
623 2815 739 2849 invitis
760 2814 853 2849 B.D.
1244 2824 1344 2861 7-10.
1369 2815 1426 2851 Ab
1443 2816 1530 2862 αὐτῷ
1547 2815 1590 2851 ad
1607 2817 1696 2850 αὐτῶ

129 2864 278 2899 transilit
295 2864 342 2898 D.
646 2873 699 2896 10.
724 2864 770 2908 τῷ
788 2867 1010 2906 assumptum
1027 2874 1068 2896 ex
1087 2862 1180 2897 B.D.
1487 2863 1539 2898 16.
1566 2852 1696 2909 iz'paeotov]

132 2917 169 2952 -1-
190 2912 225 2945 δὲ
246 2911 290 2945 D.
553 2920 607 2943 22.
633 2908 791 2953 νεύματος
810 2909 856 2942 D.
873 2908 1087 2953 βουλήματος
1104 2922 1174 2955 mg.
1192 2924 1247 2956 γρ.
1269 2911 1370 2955 νόμου
1389 2910 1430 2945 Β.
1450 2912 1553 2955 νόμου
1569 2911 1696 2955 βουλή-

129 2973 231 3003 ματος
250 2957 340 2992 Edd.
531 2967 585 2999 24.
611 2954 850 3001 ὑπεμφήνειεν]
870 2955 1038 3000 ὑπέφηνεν
1054 2956 1113 2991 iid.

187 3025 279 3054 von.
302 3026 331 3052 1.
884 3023 911 3050 K
933 3011 960 3050 k

1755 1757 1851 1787 Rom.

1755 1801 1822 1832 xiii.
1844 1810 1891 1832 10.
