2021 3434
143 171 183 213 ii.
207 186 245 227 3,
266 188 306 225 4.
600 181 673 221 IN
714 183 988 226 JOELEM.
1048 186 1194 227 TOM.
1226 188 1259 228 Ι.
1624 191 1703 229 315

207 295 446 351 ἀναλίσκον,
482 302 549 343 καί
584 305 634 345 τὰ
669 306 806 348 ὀπίσω
843 308 970 349 αὐτοῦ
1004 310 1274 359 ἀναπτομένκ
1302 313 1423 367 φλόξ·
1473 313 1532 353 ὡς
1570 314 1705 369 Παρά-

206 377 343 422 ὃεισοε
368 390 530 441 τρυφῆς
557 387 580 428 ἡ
609 391 656 435 Γεῖ
687 390 769 447 Πρὸ
802 392 1034 448 Προσώπου
1061 396 1200 445 αὑτοῦ,
1229 395 1297 436 καὶ
1329 396 1378 437 τὰ
1405 396 1542 439 ὀπίσω
1574 397 1700 438 αὐτοῦ
1721 411 1742 437 e

205 462 350 506 Πεδίον
376 466 629 523 ἀφανισμοῦ,
658 473 726 513 καί
751 473 1069 531 ἀνασωζόμενοο
1096 478 1169 518 οὐκ
1196 479 1306 520 ἔστιν
1333 480 1461 534 αὐτῷ.

202 577 374 648 ’χΟρθρον
399 581 538 634 ε”οικεν
563 587 814 638 ἀποκαλεῖν
840 588 868 652 ἢ
895 589 978 653 τὴν
1004 592 1052 641 ἐν
1077 591 1230 661 ὄρθρῳ
1256 593 1442 659 δρόσον,
1468 593 1497 657 ἢ
1523 594 1703 645 ἐπειδᾶν

95 677 117 714 5
137 657 260 713 ὅλως
301 664 576 731 καταχεήται
625 672 718 718 τῶν
757 669 862 737 ὀρῶν,
911 673 1108 739 ἀφίησιν
1159 674 1288 725 οὐδὲν
1325 680 1418 726 τῶν
1462 678 1508 726 ἐν
1550 677 1702 729 αὐτοῖς

135 741 492 796 ἀκατάδευστον·
531 748 676 813 ἤγουν
705 749 788 804 τὰς
821 752 1010 817 πρώτας
1047 755 1181 817 ἡλίου
1213 756 1377 819 βολὰς,
1405 760 1479 808 καὶ
1504 765 1586 808 τοῦ
1619 761 1701 822 τῆς

134 821 304 887 ἡμέρας
345 826 501 893 φωτὸς
541 827 627 893 τὴν
668 831 800 885 εὐθύς
837 855 886 883 τε
929 836 1004 884 καὶ
1049 838 1096 886 ἐν
1134 838 1296 904 ἀρχαῖς
1340 839 1631 907 ἀνάλαμψιν,
1671 840 1700 904 ἢ

133 908 233 958 ταῖς
269 910 363 956 τῶν
400 907 512 978 ὀρέων
545 917 769 981 κορυφαῖς
803 916 877 965 καὶ
906 915 998 981 πρό
1031 940 1085 982 γε
1123 923 1216 968 τῶν
1254 919 1418 970 ἄλλων
1454 925 1700 990 μονονουχὶ

132 987 207 1035 καὶ
248 987 541 1054 ἐνευρύνεται,
583 995 657 1043 καὶ
695 998 1004 1062 κατερυθαίνει
1047 999 1259 1058 βουνούς.
1326 1003 1470 1056 οὕτως
1508 1003 1740 1055 ε”ο-εσθαιΙὶι
1769 1015 1844 1048 215
1866 1014 1915 1048 Α·

67 1093 113 1118 10
132 1071 281 1136 φησιν
306 1070 381 1121 ἐπὶ
410 1072 470 1123 r&
498 1074 560 1143 ὄρη
588 1074 669 1126 τὸν
700 1078 809 1129 λαῖον
831 1077 913 1129 τὸν
941 1081 1121 1149 ἱσχυρὶν,
1147 1083 1334 1148 ἀκρίδας
1360 1084 1514 1152 τυχὸν,
1541 1085 1699 1151 ἤγουν,

131 1149 187 1218 ἐξ
219 1150 487 1217 ὁμοιότητος
520 1159 602 1220 τῆς
637 1159 715 1209 ἀπ’
744 1160 909 1223 αὐτῶν,
936 1160 1019 1212 τὸν
1042 1163 1307 1230 Ἀσσύριον
1339 1169 1400 1219 ὡς
1438 1169 1486 1217 ἐν
1522 1169 1704 1232 πληθύϊ

131 1232 375 1296 νοούμενον
401 1237 725 1309 ἀπαραβλήτῳ
750 1241 930 1293 λοιπόν·
977 1244 1119 1312 ’ὅμοιος
1151 1245 1243 1313 γὰρ
1279 1252 1400 1319 αὐτῷ
1431 1252 1580 1318 φησὶν
1607 1251 1699 1302 οὔτε

128 1312 296 1380 γέγονεν
329 1317 422 1368 ἀπὶ
457 1321 528 1370 τοῦ
562 1321 725 1385 οιὶὦνος,
754 1322 846 1374 οὔτε
876 1323 969 1388 μὴν
997 1326 1129 1377 ἔσται
1155 1329 1280 1382 ποτέ.
1343 1330 1496 1395 ἐπειδὴ
1522 1332 1569 1383 δὲ
1598 1339 1698 1387 ταῖς

128 1400 220 1447 τῶν
245 1398 443 1464 ἀκρίδων
468 1402 692 1464 ἐμβολαῖς
717 1407 976 1458 δαπανᾶται
1001 1407 1086 1471 μὲν
1109 1407 1163 1461 τὸ
1193 1414 1520 1477 παρεμπίπτον
1551 1414 1694 1478 εὐθὺς,

65 1496 108 1534 15
127 1481 164 1528 εἱ
190 1477 237 1529 δὲ
262 1479 410 1544 δήπου
432 1505 476 1533 τι
500 1487 575 1535 καὶ
599 1487 895 1555 περιλειφθὲν
919 1494 1050 1558 τυχῇ,
1077 1491 1214 1558 ἔργον
1238 1494 1339 1545 ἐστὶ
1368 1497 1443 1546 καὶ
1466 1495 1577 1548 αὐτὸ
1603 1502 1696 1548 τῶν

126 1561 359 1625 ἑπομένων
401 1569 502 1619 ταῖς
543 1566 764 1633 πρώταις·
817 1572 900 1640 πῦρ
944 1576 1186 1625 ἀναλίσκον
1230 1575 1321 1644 ε”φη
1365 1577 1425 1628 r&
1464 1578 1695 1650 ἔμπροσθεν

126 1645 265 1706 αὐτοῦ,
291 1645 454 1713 φλόγα,
481 1646 528 1697 δὲ
554 1649 848 1719 ἀναπτομένην
872 1651 930 1702 τὰ
961 1653 1155 1706 κατόπιν
1179 1658 1253 1707 καὶ
1277 1656 1491 1722 ἑπόμενα.
1557 1667 1694 1713 τοῦτο
1712 1666 1738 1706 b

125 1723 173 1775 δὲ
220 1725 331 1777 αὐτὸ
384 1726 595 1794 δράσειεν
644 1730 700 1781 ἂν
750 1729 879 1796 οἶμαί
923 1758 1014 1787 που
1063 1739 1137 1788 καὶ
1186 1741 1423 1803 πολεμίων
1470 1742 1688 1808 στρατός.

124 1805 318 1875 ἕψονται
352 1808 445 1876 γὰρ
477 1811 664 1867 πάντως
698 1819 797 1869 ταῖς
829 1820 922 1867 τῶν
961 1819 1251 1886 φθασάντων
1276 1823 1550 1891 ἀγερωχιάις
1577 1827 1692 1887 ὁμοῦ

59 1913 106 1938 20
123 1890 197 1939 καὶ
239 1891 465 1959 ἀφειδιάις
510 1895 585 1945 καὶ
623 1899 665 1945 οὶ
702 1896 898 1949 κατόπιν
936 1899 1078 1954 ἰόντες
1115 1903 1286 1971 βραχύ·
1331 1905 1606 1970 ποιήσονται
1644 1908 1692 1959 δὲ

122 1969 206 2035 τὴν
237 1975 327 2038 γῆν
357 1976 419 2028 ὡς
448 1975 606 2045 τρυφῆς
642 1976 919 2048 παράδεισον,
958 1981 1104 2048 ἄρδην
1138 1987 1469 2052 ἀποκείροντες,
1508 1991 1582 2039 καὶ
1621 1992 1691 2040 ε’ν-

121 2059 457 2110 σπαταλῶντες
481 2062 576 2111 τοῖς
599 2060 953 2126 εὑρισκομένοις.
1020 2065 1109 2132 ἔχει
1136 2067 1183 2118 δὲ
1214 2068 1267 2118 τὸ
1301 2069 1471 2132 ἀληθὲς
1495 2072 1519 2120 ὁ
1546 2071 1688 2137 λόγος

122 2137 196 2186 καὶ
222 2137 291 2188 ἐπ’
319 2138 459 2202 αὐτῆς
485 2143 519 2190 εἰ
548 2140 733 2209 φέροιτο
758 2147 839 2208 τῆς
860 2147 1055 2212 ἀκρίδος.

115 2370 196 2412 ‘Qc
230 2374 375 2430 ὅρασις
410 2376 551 2417 ἵππων
584 2378 607 2418 ἐι
646 2379 792 2436 ὅρασις
835 2381 987 2432 αὐτῶν,
1026 2384 1092 2424 καὶ
1132 2385 1191 2424 ὡς
1235 2383 1372 2426 ἱππεῖς
1410 2387 1522 2427 οὕτω
1560 2399 1727 2432 κατα-4

167 2530 198 2553 2.
223 2520 334 2555 ὀπίσω
354 2521 395 2556 Β.
414 2522 532 2566 (XII.)
551 2523 693 2559 ὄπισθεν
711 2525 802 2561 Edd.
821 2527 928 2570 (A.V.
947 2530 982 2571 Ν)
1247 2544 1279 2577 3.
1306 2533 1363 2566 οὐκ
1380 2534 1474 2568 ἔστιν
1494 2535 1534 2568 Β.
1555 2535 1685 2582 (Alex.)

118 2565 178 2599 οὐκ
195 2566 290 2601 ἕσται
310 2567 399 2601 Edd.
418 2568 538 2613 (Vat.)
680 2583 713 2614 4.
739 2572 845 2607 ἔοικεν
861 2574 1042 2610 ἀποκαλεῖν
1058 2576 1124 2611 hoc
1141 2578 1261 2612 ordine
1280 2579 1321 2613 B.
1475 2590 1508 2625 5.
1534 2582 1620 2626 ὀρῶν
1638 2584 1684 2618 D.

118 2611 205 2656 ὅρων
222 2613 313 2647 Edd.
362 2615 458 2648 οὐδὲν
474 2621 553 2660 post
569 2617 681 2653 αὐτοῖς
698 2624 828 2664 transp.
850 2620 894 2654 D.
914 2621 1004 2656 Edd.
1316 2627 1348 2660 6.
1374 2627 1621 2664 ἀκατάδευστον
1638 2631 1683 2665 D.

117 2658 360 2703 ἀκατάρδευτον
384 2661 476 2695 Aub.
503 2662 724 2698 ἀκατάδευτον
750 2665 850 2700 Pont.
876 2667 1125 2703 ἀκατάλευστον
1150 2671 1228 2715 (sic)
1254 2672 1295 2706 B.
1345 2675 1401 2717 τῆς
1425 2674 1547 2719 ἡμέρας
1570 2678 1684 2722 φωτὸς

118 2704 184 2738 hoc
201 2705 276 2739 ord.
297 2706 337 2740 Β.
520 2717 550 2752 7.
577 2709 655 2743 εὐθύ
674 2710 765 2745 Edd.
813 2712 900 2757 ἀρχῇ
919 2714 977 2748 iid.
1028 2714 1064 2761 ἢ]
1087 2716 1143 2750 Sic
1161 2719 1291 2752 correxi
1309 2726 1387 2764 post
1402 2721 1534 2765 Migne.
1553 2722 1571 2766 ἡ
1590 2723 1681 2758 Edd.

118 2750 151 2785 8.
177 2755 242 2785 τῶν
258 2751 361 2794 ὀρέων
377 2755 541 2798 κορυφαῖς
557 2755 623 2789 hoc
640 2756 715 2791 ord.
731 2757 773 2792 B.
821 2762 1000 2805 μονονουχὶ
1018 2764 1071 2796 καὶ
1088 2775 1156 2797 om.
1172 2764 1214 2798 B.
1311 2778 1343 2811 9.
1362 2768 1607 2812 κατερυθραίνει
1623 2770 1682 2805 iid.

118 2797 259 2831 ἔσεσθαι
276 2804 354 2842 post
370 2798 430 2844 ὅρη
448 2806 578 2845 transp.
597 2802 655 2836 iid.
755 2815 806 2838 11.
829 2805 923 2840 Haec
935 2809 991 2850 τῆς
1004 2809 1059 2843 ἀπ’
1074 2814 1254 2855 assumpta
1271 2824 1311 2846 ex
1328 2814 1368 2848 B.
1417 2815 1684 2862 τῶνἈο-συρίων

118 2844 350 2888 -νοουμένων
365 2845 424 2880 iid.
553 2859 604 2881 12.
623 2849 710 2894 αὐτῷ
728 2851 836 2895 φησὶν
853 2852 918 2887 hoc
934 2854 1054 2889 ordine
1072 2856 1114 2889 B.
1166 2857 1288 2892 Statim
1307 2860 1344 2893 οὐ
1362 2860 1420 2894 iid.
1547 2874 1597 2908 13.
1624 2867 1683 2898 τοῦ

118 2901 188 2924 om.
209 2890 250 2924 B.
445 2902 496 2938 15.
523 2896 742 2940 περιλειφθὲν
757 2896 859 2944 τύχῃ]
878 2902 1111 2947 περιλειφθείη
1128 2907 1230 2949 τυχὸν
1246 2905 1303 2940 iid.
1353 2907 1427 2941 ἐστὶ
1445 2910 1497 2942 καὶ
1513 2910 1609 2955 αὐτὸ]
1630 2913 1683 2945 καὶ

119 2937 199 2970 αὐτὸ
216 2938 311 2971 ἕσται
329 2938 388 2973 iid.
666 2943 717 2976 18.
742 2942 782 2978 ἂν
798 2953 1016 2991 assumptum
1034 2961 1074 2983 ex
1096 2950 1136 2984 B.
1417 2966 1470 2989 20.
1496 2956 1679 3004 ἀφειδίαις]

119 2983 306 3020 αὐθαδείαις
323 2985 380 3019 iid.
542 2999 594 3033 23.
622 2989 650 3022 εἷ
666 2995 744 3024 ante
762 2990 811 3025 ἐπ’
829 2993 928 3036 αὐτῆς
944 2998 1076 3041 transf).
1096 2997 1154 3031 iid.
1205 2999 1328 3034 Statim
1349 3000 1463 3047 ἐκφέρ.
1482 3003 1540 3038 iid.

847 3052 864 3078 S
887 3055 904 3078 S
928 3053 950 3081 2
