2021 3434
114 165 199 208 xiii.
223 180 262 223 3.
557 168 631 210 IN
671 168 906 210 OSEAM.
965 167 1116 209 TOM.
1148 167 1228 208 VI.
1602 164 1681 204 261

114 275 462 344 ἐπιφημίζοντες
495 277 657 342 ὄνομα·
703 276 834 329 ἀλλὰ
866 277 959 344 γὰρ
997 278 1071 328 καὶ
1108 280 1171 331 εἷς
1207 279 1346 327 τοῦτο
1384 271 1686 325 κατώλισθον

114 359 327 422 ἀμαθίας,
366 363 555 423 μᾶλλον
594 359 643 411 δὲ
682 362 758 411 καὶ
801 359 1078 424 σκαιότητος
1118 359 1193 410 καὶ
1236 355 1571 423 ἀπανθρωπίας
1611 354 1688 404 καὶ

114 443 452 507 θηριοπρεποῦς
476 440 760 508 ἀγριότητος,
787 439 816 505 ἢ
841 443 915 492 καὶ
949 441 1014 492 ἔτι
1038 440 1214 493 τούτων
1239 438 1458 501 ἐπέκεινα,
1485 439 1546 491 ὡς
1572 434 1688 500 μηδὲ

114 521 266 572 αὐτῶν
298 527 393 573 τῶν
428 524 554 574 ἰδίων
594 525 857 592 φείσασθαι
890 522 1073 586 τέκνων,
1114 520 1438 590 ἀποσφάττειν
1477 518 1525 571 δὲ
1571 516 1688 569 αὐτὰ

73 621 95 661 5
114 608 209 657 τοῖς
250 604 454 668 δαίμοσι·
501 604 649 656 καίτοι
691 603 1094 670 κατεστυγηκότος
1138 603 1191 654 τὸ
1231 606 1391 670 χρῆμα
1434 605 1572 664 Θεοῦ,
1613 601 1687 651 καὶ
1705 604 1733 644 (1

115 686 212 736 οὐδ’
240 684 296 736 ἂν
321 685 463 750 αὐτὴν
489 686 814 754 ἀνασχομένου
843 686 955 738 ποτὲ
985 685 1070 751 τὴν
1097 684 1259 754 φωνὴν
1284 683 1314 749 ὴ
1339 687 1480 735 εἰπεῖν
1507 682 1688 749 ἑτέροις,

114 766 260 833 ἤγουν
285 769 483 818 ἀκοῦσαι
508 767 638 834 παρά
668 790 804 822 τινος.
861 769 913 818 οὐ
939 766 1032 833 γὰρ
1059 766 1341 836 φιλαίματος
1368 766 1393 816 ὃ
1422 763 1687 827 Δεσπότης,

116 849 220 899 οὕτε
273 846 366 913 μὴν
417 850 491 900 ἐπὶ
545 854 644 904 ταῖς
697 854 791 900 τῶν
845 848 1104 915 ἀνθρώπων
1149 848 1306 912 ἥδεται
1355 850 1687 914 καταφθοραῖς·

114 936 301 982 πολλοῦ
338 953 393 997 γε
431 935 506 982 καὶ
537 934 615 982 δεῖ·
656 929 901 982 “”Εκτισε
932 929 1024 997 γὰρ
1059 934 1120 984 εἷς
1151 929 1205 981 τὸ
1243 927 1356 979 εἶναι
1393 927 1452 980 τὰ
1489 925 1688 985 πάντα,”
1752 943 1866 984 Sap-i.

54 1036 98 1062 10
116 1011 233 1064 κατὰ
266 1011 319 1064 τὸ
356 1013 690 1080 γεγραμμένον,
725 1020 753 1042 “
772 1015 847 1064 καὶ
880 1011 1104 1080 σωτήριοι
1138 1015 1185 1062 αἱ
1222 1009 1426 1077 γενέσεις
1455 1015 1538 1060 τοῦ
1577 1006 1692 1059 κόσ-
1754 996 1801 1025 14'

117 1101 144 1124 ‘⁶
167 1096 299 1158 μου.”
364 1094 518 1160 ἐπειδὴ
555 1094 609 1145 δέ
639 1096 742 1146 ε’στι
779 1093 981 1146 θανάτου
1019 1097 1094 1145 καὶ
1132 1091 1314 1159 εὑρετὴς
1352 1093 1428 1143 καὶ
1465 1090 1692 1160 πρόξενος

116 1178 142 1227 ὁ
186 1175 368 1243 δράκων
412 1178 437 1228 ὁ
485 1176 772 1242 ἀποστάτης,
817 1176 1034 1245 ταύτῃτοι
1084 1180 1183 1229 ταῖς
1231 1175 1492 1241 ἀνθρώπων
1537 1174 1693 1239 ἥδεται

116 1262 340 1326 σφαγαῖς.
399 1258 469 1310 ὅτι
493 1258 646 1310 τοίνυν
672 1261 748 1310 καὶ
771 1257 918 1328 ψιλὸς
943 1260 967 1309 ὁ
993 1259 1070 1310 ἐπὶ
1095 1256 1244 1328 τούτῳ
1270 1257 1415 1322 λόγος
1439 1256 1691 1320 μεμίσηται
1708 1277 1730 1304 e

117 1339 246 1406 παρὰ
283 1344 402 1410 Θεῷ,
448 1343 687 1408 διατρανοῖ
720 1341 874 1408 λέγων
917 1344 1047 1392 Αὐτοὶ
1092 1340 1274 1406 λέγουσι
1315 1337 1496 1391 Θόσοιτε
1541 1337 1694 1408 ἀνθρώ-

53 1439 100 1479 15
118 1447 239 1486 πους,
276 1424 440 1492 μόσχοι
477 1421 567 1493 γοὶρ
606 1424 938 1475 ἐκλελοίπασιν.
1001 1423 1083 1474 οὐκ
1117 1421 1238 1484 ἐμὸς,
1273 1423 1437 1490 φησὶν,
1471 1422 1496 1472 ὁ
1535 1418 1693 1487 λόγος,

118 1505 209 1556 οὐδ’
239 1503 296 1556 ἂν
328 1505 504 1571 εἴποιμί
531 1528 643 1557 ποτε
676 1504 855 1557 τοιάνδε
890 1503 1070 1574 φωνήν·
1113 1508 1231 1556 αὐτοὶ
1267 1503 1321 1555 δέ
1350 1509 1501 1574 φασιν
1527 1506 1568 1553 οἱ
1599 1506 1693 1553 τῶν

120 1585 350 1651 δαιμόνων
401 1589 691 1654 θεραπευταὶ,
732 1587 786 1639 τὸ
837 1590 930 1639 δεῖν
973 1585 1212 1656 ἀνθρώπους
1256 1584 1477 1638 καταθύειν
1521 1585 1689 1638 αὐτοῖς.

120 1666 217 1720 εἶτα
243 1671 437 1739 διαγελᾷ
460 1668 546 1734 τὴν
569 1669 745 1739 σκέψιν
772 1671 847 1720 καὶ
879 1669 1088 1736 διασύρει
1119 1667 1173 1719 τὸ
1204 1667 1470 1736 ἐγχείρημα,
1495 1689 1695 1733 προστι-

120 1753 213 1805 θεὶς
244 1753 319 1803 καὶ
349 1752 501 1818 λέγων
529 1754 708 1816 Μόσχοι
743 1750 850 1819 γὰρ,
879 1750 998 1802 κατὰ
1023 1750 1077 1802 τὸ
1102 1748 1233 1814 εἰκὸς,
1261 1751 1343 1801 οὐκ
1373 1747 1500 1813 ἦσαν
1525 1749 1692 1803 αὐτοῖς·

55 1854 104 1880 20
121 1833 198 1886 διὰ
233 1838 369 1885 τοῦτο
405 1834 678 1898 τετιμήκασι
715 1833 800 1899 τὴν
831 1833 1172 1900 ἀνδροκτονίαν.
1237 1833 1345 1883 ἀλλ’
1379 1832 1516 1895 ἔστω,
1556 1832 1692 1900 φησὶ,

119 1913 439 1981 πεπλάνησθε,
466 1918 541 1967 καὶ
566 1916 672 1971 τοὺς
695 1916 934 1983 γλυπτούς
967 1938 1016 1967 τε
1042 1917 1117 1966 καὶ
1142 1913 1397 1983 χωνευτοὺς
1422 1913 1693 1978 τετιμήκατε
1709 1936 1730 1960 a
1770 1926 1844 1961 181
1861 1924 1912 1960 A.

120 1999 266 2054 θεούς.
332 2000 407 2051 ἵνα
440 2000 489 2051 τί
517 2001 592 2051 καὶ
628 2000 932 2067 ἀνθρωπίνοις
962 2000 1130 2064 αἵμασι
1162 1997 1268 2053 τοὺς
1300 1998 1481 2050 ἐκείνων
1506 1995 1694 2061 βωμοὺς

121 2082 450 2145 κατεδεύσατε,
493 2082 756 2149 ἀνέγνωμεν
794 2081 842 2133 δὲ
880 2083 928 2133 ἐν
966 2086 1065 2136 ταῖς
1098 2081 1383 2143 Βασιλείαις,
1424 2079 1494 2132 ὅτι
1531 2078 1694 2145 γέγονε

120 2162 205 2228 μὲν
234 2163 457 2215 Ἰωνάθαν
499 2163 595 2218 υἱὸς
622 2162 793 2232 ’Ἄχαζζ
834 2163 884 2219 ὃς
920 2164 1232 2226 ἐβασίλευσεν
1269 2164 1343 2214 ἐπὶ
1381 2161 1463 2214 τὸν
1493 2161 1690 2212 Ἰούδαν·

55 2262 104 2303 25
121 2244 399 2313 πεπόρευται
438 2245 586 2313 γεμὴν
631 2253 657 2276 “
677 2249 725 2298 ἐν
763 2248 855 2316 ὁδῷ
892 2245 1135 2307 βασιλέων
1166 2244 1379 2311 Ἰσραὴλ,
1420 2245 1495 2295 καὶ
1532 2242 1694 2305 ἐθυμία
1752 2250 1899 2334 ζνξῖθέ·4

121 2335 149 2357 “
173 2327 257 2393 μὲν
294 2330 342 2379 ἐν
382 2334 477 2382 τοῖς
518 2330 737 2398 ὑψηλοῖς,
778 2330 972 2395 διήγαγε
1017 2326 1065 2378 δὲ
1109 2329 1183 2378 καὶ
1226 2326 1308 2378 τὸν
1351 2325 1466 2376 ’ίδιον
1508 2325 1606 2377 υἱὸν
1647 2327 1695 2376 ἐν
1811 2319 1816 2325 ’
1856 2318 1864 2333 '
1904 2317 1910 2324 ’

123 2417 150 2440 “
173 2411 329 2477 πυρὶ,”
351 2412 426 2462 καὶ
452 2415 547 2464 τοῖς
571 2411 821 2473 δαιμονίοις
846 2409 1074 2461 κατέθυσε
1100 2408 1182 2460 τὸν
1200 2408 1257 2477 ἐξ
1278 2408 1419 2458 αὐτοῦ
1444 2407 1599 2476 φύντα
1619 2409 1696 2458 καὶ

122 2492 467 2558 γεγεννημένον.
531 2491 686 2556 ἐπειδὴ
713 2491 761 2542 δὲ
784 2497 973 2543 τοιαῦτα
1010 2489 1305 2557 δεδράκασιν,
1342 2489 1510 2541 ἔσονταί
1545 2494 1695 2559 φησιν

123 2576 180 2630 ὡς
220 2572 372 2643 νεφέλη
412 2572 563 2644 πρωϊνῆ
603 2576 682 2626 και
722 2576 780 2628 ὡς
813 2570 971 2643 δρόσος,
1006 2575 1064 2628 ὡς
1101 2574 1227 2635 χνοῦς
1261 2577 1338 2624 καὶ
1375 2574 1432 2628 ὡς
1468 2576 1606 2642 οὶτμῖς
1644 2574 1737 2626 {nb

174 2743 205 2766 2.
232 2732 284 2765 καὶ
301 2730 451 2775 primum
471 2736 689 2775 assumptum
708 2742 748 2764 ex
767 2729 813 2763 D.
1027 2741 1058 2771 4.
1084 2728 1273 2773 φείσασθαι
1292 2728 1383 2763 B.D.
1403 2730 1584 2775 φείδεσθαι
1603 2729 1696 2764 Edd.

126 2779 159 2813 8.
186 2780 225 2811 οὕ
242 2778 321 2821 (Sic)
339 2789 401 2822 pro
419 2779 493 2811 οὔτε
513 2777 560 2812 D.
608 2781 674 2811 τῶν
690 2788 759 2810 om.
780 2776 826 2810 D.
1131 2786 1186 2808 20.
1212 2776 1446 2819 ἅνδροκτονίαν
1464 2777 1556 2811 B.D.
1575 2777 1695 2822 ἀνδρο-

126 2825 248 2871 φονίαν
265 2823 356 2858 Edd.
600 2834 654 2857 22.
680 2823 897 2867 ἀνθρωπίνοις
914 2828 1136 2866 assumptum
1154 2834 1195 2856 ex
1218 2822 1307 2856 B.D.
1555 2835 1610 2866 24.
1635 2825 1697 2868 μέν

127 2876 347 2915 assumptum
371 2881 411 2903 ex
435 2869 573 2904 B.D.b.
636 2870 760 2903 Statim
787 2869 927 2902 ἷωνάθαν
954 2868 1046 2902 B.D.
1073 2868 1201 2913 ἷωαθὰμ
1226 2869 1260 2904 b.
1290 2869 1413 2904 ι’ωάθαν
1441 2869 1532 2904 Edd.
1590 2871 1700 2915 ἅχατζ

128 2917 220 2952 Edd.
238 2917 352 2997 iqvigs
372 2917 416 2950 D.
431 2917 466 2951 b.
658 2927 711 2962 25.
735 2918 954 2960 πεπόρνευται
973 2916 1052 2960 (Sic)
1074 2916 1118 2948 D.
1288 2917 1341 2950 28.
1367 2916 1586 2962 γεγενημένον
1605 2917 1695 2952 Edd.

130 2975 185 3009 29.
211 2978 292 3010 χους
348 2990 355 2998 .
