2021 3434
272 1451 298 1492 d
323 1447 345 1465 ,Ι

89 382 186 431 Rom.

90 437 155 456 xm.
170 435 201 467 9.

246 614 259 637 1
271 615 291 649 3
304 602 312 613 ‘

244 697 258 720 1
270 697 291 729 4

272 781 294 807 C

247 948 261 971 1
272 947 292 983 5

95 1620 178 1650 Phil.
194 1620 239 1651 iii.

279 2128 300 2155 e

307 198 392 237 434
700 199 749 239 Β.
792 198 1067 238 CYRILLI
1109 199 1489 239 ALEXANDR.
1645 198 1702 237 iii.
1732 206 1879 251 13-15.

310 314 336 336 ‘⁴
362 330 455 357 των
503 307 799 358 συνέθλασεν
849 308 874 357 ὁ
925 307 1135 373 Κύριος,”
1181 309 1256 357 καὶ
1301 309 1362 360 ὡς
1412 307 1437 356 ὁ
1488 304 1680 358 Παῦλὸς
1731 309 1882 374 φησιν

310 395 336 417 “
362 387 590 439 Ἀπέθανε
617 391 690 439 καὶ
717 388 866 456 ἔζησε,
893 389 968 440 ἵνα
994 391 1068 440 καὶ
1095 393 1268 455 νεκρῶν
1295 390 1368 439 καὶ
1393 388 1576 455 ζώντων
1601 386 1865 455 κυριεύσῃ.”

327 598 452 657 Ιερεῖε
479 601 689 643 ἀκούσατε
716 602 784 641 καὶ
812 602 1153 659 ἐπιμαρτύρασθε
1190 603 1250 655 τῷ
1288 599 1574 655 οἷ’κῳἸοικὼβ,
1601 602 1711 648 λέΓε-ῑι
1740 599 1886 656 Κύριος

377 685 400 726 ὁ
433 683 540 724 Θεὸς
573 684 596 724 ὁ
631 686 955 742 Παντοκράτωρ,
983 685 1089 726 διότι
1127 685 1170 726 ἐν
1208 689 1257 737 τῷ
1299 687 1432 743 ἡμέρᾳ
1458 686 1559 726 ὅταν
1596 683 1754 724 ὲκδικὼ
1790 682 1888 723 ἀσε-

380 765 492 816 βείας
519 766 783 823 τοῦἸσροιέιλ
809 767 868 808 ἐπ’
902 766 1043 818 αὐτὸν,
1072 767 1139 808 καὶ
1176 767 1388 809 ἐκδικήσω
1421 767 1490 808 ἐπὶ
1526 767 1576 808 τὰ
1612 765 1886 822 θυσιαστήρια
1907 764 1929 803 5

382 850 554 900 Βαιθὴλ,
593 851 661 891 καὶ
694 852 1070 907 κατασκαφύσετοιι
1103 852 1153 892 τὰ
1190 852 1347 907 κε’-ῑροιτοι
1384 853 1456 892 τοῦ
1495 848 1792 906 θυσιαστΗρίου
1820 848 1888 889 καὶ

379 937 603 976 Πεσοῦντοιι
642 934 712 975 ἐπὶ
750 937 826 976 τήν
869 941 953 983 Γιῖιν.
1014 935 1174 991 suf-xeo}
1219 936 1287 976 καὶ
1326 936 1504 977 Πατάξω
1542 935 1614 977 τὸν
1657 929 1773 975 οἶκον
1816 932 1888 974 τὸν

381 1016 635 1074 Περίτττερον
673 1017 742 1058 ὲΠί
779 1018 852 1059 τὸν
890 1014 1006 1059 οἶκον
1044 1019 1117 1060 τὸν
1156 1019 1333 1076 θερινὸν,
1373 1019 1440 1058 κοιὶ
1482 1018 1740 1058 ἀπολοῦνται
1782 1011 1891 1056 οἶκοι

380 1102 662 1157 ἐλεφάντινοι,
707 1101 774 1142 καὶ
817 1104 1181 1158 Προστεθέισοντοιι
1229 1098 1337 1143 οἶκοι
1386 1104 1524 1159 ἕτεροι
1571 1101 1738 1152 Πολλοὶ,
1781 1101 1892 1148 λέπει

385 1185 543 1241 Κύριος.
1916 1198 1974 1222 10-

386 1283 632 1336 Ἐπάνεισι
657 1285 803 1336 πάλιν
829 1289 890 1339 εἰς
926 1285 1170 1352 ἀφήγησιν
1196 1288 1366 1353 ἐναργῆ
1392 1291 1486 1337 τῶν
1512 1284 1894 1350 συμβησομένων

314 1370 410 1419 τοῖς
443 1367 719 1431 ἠσεβηκόσι,
742 1367 823 1419 τὸν
858 1369 999 1419 αὑτὸν
1033 1369 1311 1422 πλειστάκις
1343 1368 1632 1434 κατευρύνων
1657 1367 1805 1434 λόγον
1831 1371 1894 1421 εἰς

316 1471 481 1512 ονησιν
507 1453 602 1502 τοῖς·
627 1449 949 1515 ἀκροωμένοις.
1005 1449 1110 1501 ὅθεν
1129 1448 1260 1514 οἶμαί
1281 1474 1372 1502 που
1394 1449 1448 1502 τὸ
1474 1453 1632 1518 χρῆμα
1657 1453 1812 1503 συνεὶς
1832 1452 1894 1503 ὡς

316 1529 447 1580 ἔστιν
481 1531 562 1581 οὐκ
601 1531 803 1597 ἀκερδὲς,
831 1535 905 1582 καὶ
932 1532 956 1582 ὁ
983 1532 1235 1586 θεσπέσιος
1271 1537 1468 1588 Παῦλος
1501 1533 1770 1584 ἐπιστέλλει
1795 1533 1899 1584 τισί

315 1620 342 1641 “
368 1611 444 1663 Τὰ
470 1612 586 1663 αὐτὰ
612 1613 767 1679 λέγειν
793 1615 911 1677 ὑμῖν,
937 1615 1036 1676 ἐμοὶ
1069 1614 1153 1678 μὲν
1179 1615 1261 1665 οὐκ
1295 1613 1504 1681 ὀκνηρὸν,
1532 1616 1636 1678 ὑμῖν
1661 1613 1708 1665 δὲ
1724 1616 1895 1684 -ἀσφα-
1918 1627 1964 1666 15

314 1702 342 1723 ‘⁶
369 1694 491 1748 λε’ς.”
555 1693 841 1760 προστάττει
894 1695 950 1761 δὴ
1001 1697 1082 1747 οὖν
1129 1696 1235 1751 τοὺς
1285 1696 1601 1763 ἱερατεύοντας
1648 1697 1896 1764 μονονουχὶ

315 1778 390 1827 καὶ
429 1778 555 1845 ὑψοῦ
592 1776 678 1841 τὴν
713 1777 831 1829 ἱδιάν
872 1779 1020 1833 ἱέντας
1054 1777 1217 1847 φωνὴν
1256 1779 1661 1846 διαμαρτύρασθαι
1697 1783 1764 1849 τῷ
1797 1779 1896 1830 Ἰσ-

314 1857 454 1925 ραὴλ,
493 1860 671 1911 ἕκαστά
709 1883 758 1911 τε
799 1865 970 1930 σαφῶς
1011 1865 1104 1912 τῶν
1145 1860 1262 1912 ὅσον
1300 1861 1478 1913 οὐδέπω
1515 1860 1897 1926 συμβησομένων

315 1941 647 2007 προαγορεύειν
681 1943 851 1996 αὐτοῖς.
919 1944 995 1994 καὶ
1035 1943 1162 1996 τίνας
1200 1943 1291 2009 ἄρα
1329 1942 1562 2008 νοήσομεν
1596 1944 1741 2010 ἤγουν
1783 1941 1902 1995 εἶναι’

317 2029 474 2088 φαμεν
505 2022 611 2077 τοὺς
646 2024 922 2091 διαπρύσιόν
965 2047 1010 2075 τι
1049 2029 1169 2086 βοᾶν
1208 2026 1622 2091 ἐπιτεταγμένους;
1665 2023 1755 2093 ἆρα
1791 2025 1898 2080 τοὺς
1918 2044 1967 2070 20

319 2109 412 2155 τῶν
445 2106 693 2168 δαμάλεων
718 2106 874 2173 ἱερέας,
900 2105 929 2171 ἢ
965 2106 1071 2161 τοὺς
1102 2111 1196 2158 τῶν
1221 2109 1269 2158 ἐν
1297 2108 1434 2177 ἑτέρῳ
1463 2109 1637 2171 τεμένει
1661 2108 1893 2172 εἰδώλων;

318 2188 428 2237 ἀλλ’
470 2185 594 2251 οἶμαι
639 2193 777 2238 τοῦτο
821 2189 1064 2239 ἀπίθανον·
1111 2190 1165 2239 οὐ
1202 2188 1295 2255 γὰρ
1333 2187 1392 2240 ἂν
1428 2191 1586 2241 ἐκεῖνοι
1626 2189 1900 2260 διεκήρυξαν

319 2268 379 2320 τά
418 2292 468 2320 τε
506 2274 649 2339 σφῶν
697 2270 850 2320 αὐτῶν
896 2273 971 2321 καὶ
1020 2270 1079 2321 τὰ
1128 2275 1220 2322 τῶν
1270 2272 1438 2337 ἑτέρων
1490 2270 1610 2323 κακὰ
1653 2272 1731 2327 οὓς
1770 2274 1899 2324 αὐτοὶ

319 2351 669 2415 πεπλανήκασι.
748 2352 867 2406 τίνες
918 2352 999 2402 οὖν
1049 2352 1141 2419 ἄρα
1188 2352 1357 2404 λοιπὸν
1405 2357 1448 2404 οἱ
1497 2354 1898 2421 προστεταγμένοι

320 2438 458 2484 τοῦτο
493 2437 607 2500 δρᾶν
641 2437 792 2504 ἱερεῖς;
836 2437 877 2485 οὶ
909 2435 966 2503 ἐξ
996 2435 1189 2498 αἵματος
1219 2441 1303 2486 τοῦ
1335 2435 1465 2486 Λευΐ·
1506 2437 1560 2487 οὐ
1597 2435 1690 2504 γὰρ
1726 2436 1895 2491 πάντες
1917 2457 1964 2498 25

370 2603 400 2626 1.
427 2593 445 2625 ὁ
463 2592 558 2636 prius
576 2591 671 2626 deest
686 2593 721 2626 in
741 2593 832 2628 Edd.
882 2595 901 2628 ὁ
918 2594 977 2628 alt.
996 2606 1065 2628 om.
1079 2595 1123 2629 A.
1325 2606 1356 2629 2.
1384 2609 1438 2629 και
1455 2599 1578 2640 νεκρῶν
1595 2610 1648 2630 και
1662 2597 1791 2639 ζώντων
1806 2596 1897 2631 Α.Β.

321 2640 451 2680 ζώντων
467 2640 521 2672 καὶ
538 2643 661 2682 νεκρῶν
678 2640 771 2674 Edd.
878 2653 911 2684 4.
938 2640 1071 2686 ἐκδικῶ]
1090 2641 1254 2685 ἐκδικήσω
1273 2641 1310 2675 F.
1330 2642 1450 2701 (Alex.
1470 2642 1577 2687 XII.)
1689 2654 1720 2688 7.
1745 2645 1900 2678 πεσεῖται

323 2686 360 2719 F.
379 2685 454 2731 (22.
475 2685 537 2730 al.)
587 2701 678 2732 συγχ
657 2690 723 2731 χεῶ
743 2687 785 2722 Β,
805 2687 896 2722 Edd.
916 2702 969 2721 και
987 2688 1124 2733 συγχέω
1141 2689 1185 2722 A.
1199 2690 1287 2732 (42.)
1335 2690 1394 2723 τὸν
1410 2689 1506 2734 prius
1523 2701 1594 2723 om.
1608 2689 1651 2723 A.
1756 2701 1790 2734 9.
1815 2705 1900 2725 οικοι

323 2731 430 2777 ἕτεροι
446 2733 571 2767 πολλοὶ
591 2732 631 2767 Β.
651 2733 769 2778 (ΑΙΕΧ.
789 2734 895 2779 XII.)
913 2749 998 2769 οικοι
1015 2735 1121 2780 ἕτεροι
1139 2736 1182 2769 A.
1202 2738 1286 2769 οἶκοι
1303 2735 1410 2780 ἕτεροι
1429 2737 1482 2770 καὶ
1498 2737 1624 2771 πολλοὶ
1642 2737 1680 2771 F.
1695 2736 1786 2771 Edd.
1802 2736 1880 2781 (Co.
1887 2739 1899 2781 )

326 2777 451 2823 [ἕτεροι
469 2777 552 2813 οἶκοι
568 2781 693 2814 πολλοὶ
711 2781 742 2812 V
746 2787 790 2814 at.
794 2779 809 2826 ]
1050 2793 1102 2824 14.
1133 2783 1228 2816 Haec
1247 2783 1299 2816 καὶ
1316 2784 1334 2816 ὁ
1352 2783 1536 2818 θεσπεσιος
1552 2790 1732 2828 assumpta
1749 2795 1793 2842 ex²
1807 2785 1850 2818 A.
1858 2783 1898 2819 Β.

326 2826 451 2859 Statim
469 2825 665 2860 ἐπιστέλλει
682 2828 752 2861 τισὶ
770 2828 931 2863 Παυλος
924 2840 994 2862 mv.
1014 2828 1134 2863 ordine
1153 2829 1245 2863 Edd.
1630 2840 1683 2873 15.
1700 2831 1739 2864 τὸ
1757 2831 1837 2865 αὐτὸ
1854 2831 1897 2865 Α.

329 2882 380 2915 17.
408 2873 513 2908 ἱέντας
532 2873 572 2906 B.
593 2873 700 2909 ἱέντας
716 2874 760 2908 A.
779 2874 870 2909 Edd.
920 2876 978 2909 τὸν
994 2887 1057 2920 pro
1074 2878 1119 2921 τῷ
1138 2877 1181 2910 A
1293 2876 1345 2910 18.
1350 2877 1494 2934 σαφῶς
1510 2883 1729 2921 assumptum
1748 2889 1790 2911 ex
1807 2877 1850 2911 A.
1857 2877 1897 2911 Β.

325 2917 470 2963 οὐδέπω]
490 2922 580 2953 οὔπω
600 2920 690 2954 Edd.
1019 2934 1070 2967 19.
1101 2923 1228 2956 Haec¹
1214 2925 1315 2967 η’γουν
1332 2921 1414 2958 ειναί
1430 2925 1543 2968 φαμεν
1559 2928 1779 2958 acces'serunt
1795 2936 1836 2957 ex
1854 2925 1897 2958 A.

327 2974 380 2997 20.
400 2967 485 3003 βοᾶν
502 2967 545 2998 A.
564 2968 690 3010 φωνεῖν
707 2967 798 3001 Edd.
1012 2980 1067 3002 21.
1094 2970 1128 3002 ἐν
1145 2970 1246 3015 ἑτέρῳ
1264 2984 1388 3013 τεμειει
1410 2970 1450 3003 Β.
1470 2970 1591 3014 ἑτέρων
1608 2974 1751 3015 τεμενῶν
1766 2969 1786 3013 ἢ
1805 2969 1895 3004 Edd.

327 3021 381 3051 24.
412 3010 506 3044 Haec
525 3014 645 3046 λοιπὸν
663 3015 691 3046 οἱ
710 3026 763 3048 as
769 3023 888 3059 umpta
905 3027 944 3048 ex
965 3016 1005 3048 A.
1015 3016 1053 3049 B.
