2021 3434
99 225 123 266 i.
145 241 207 267 10.
489 229 562 269 IN
609 229 991 272 MICHAEAM.
1051 231 1200 272 TOM.
1235 232 1268 273 I.
1587 233 1668 272 615

97 335 237 385 αὐτοῦ
274 334 462 402 χάριτός
502 359 552 387 τε
592 340 666 388 καὶ
706 339 940 402 βοηθείας,
981 339 1232 404 ἀσχήμονα
1276 340 1323 390 δὲ
1367 342 1441 391 καὶ
1482 342 1670 404 ἀκαλλῆ
1689 355 1716 395 b

97 416 373 482 διαζήσομεν
398 420 520 479 βίον·
563 425 700 470 τοῦτο
730 419 822 485 γὰρ
852 420 880 484 ἡ
908 418 1179 472 ἐινυποὸεσιά
1209 425 1359 485 δηλοῖ.
1428 421 1673 473 ὑποκεισό-

94 501 215 559 μεθα
240 498 287 549 δὲ
313 502 387 550 καὶ
417 500 674 565 πλήττοντι
706 506 771 569 τῷ
805 507 1006 570 σατανᾷ,
1036 505 1111 553 καὶ
1145 503 1276 554 οὐδὲν
1303 504 1367 555 ε”τι
1404 503 1457 555 τὸ
1491 505 1674 556 κωλύον

96 579 144 628 ἐν
168 582 308 631 παντὶ
334 580 552 646 γενέσθαι
578 586 717 651 κακῷ.

57 779 78 817 5
99 770 147 813 Οἶ
173 772 217 814 ἐν
247 772 322 815 Γὲθ
348 772 403 822 m}
431 776 728 828 μεΓαλύνεσθε,
755 775 793 818 οἱ
822 776 1024 826 Ἐνακεὶμ
1050 777 1104 826 ml«
1133 776 1454 827 ἀνοικοδομεῖτε
1481 780 1525 821 ἐξ
1552 776 1672 820 οἴκου
1697 799 1743 824 10

165 857 455 904 καταΓέλωτα·
495 862 569 905 Γιῖν
597 861 900 902 καταττάσασθε
927 862 1204 908 κατατέλωτα
1232 862 1362 910 ὑμῶν.

170 954 468 1019 Περισκεπὴς
492 955 576 1019 μὲν
603 957 627 1007 ὁ
654 956 798 1022 λόγος
825 960 899 1007 καὶ
933 956 1209 1010 δυσάλωτος
1235 961 1401 1025 κομιδῇ
1432 962 1526 1009 τῶν
1548 981 1668 1024 προ-

95 1034 313 1096 κειμένων
339 1037 364 1086 ὁ
391 1042 496 1090 νοῦς
521 1040 596 1088 καὶ
625 1042 719 1089 τῶν
745 1039 915 1107 ἐφεξῆς
952 1038 1017 1089 ἔτι
1052 1038 1286 1101 κειμένων.
1354 1039 1484 1103 πλὴν
1515 1043 1577 1094 ὡς
1609 1040 1672 1091 ε”νι

30 1111 32 1114 V
96 1118 282 1167 διειπεῖν
325 1116 626 1184 πειράσομαι.
700 1121 1005 1175 καταθέοντος
1043 1127 1126 1172 τοῦ
1162 1122 1372 1186 πολέμου
1411 1121 1494 1176 τὰς
1527 1125 1575 1173 ἐν
1614 1126 1711 1191 τῇο

34 1222 79 1248 10
98 1199 334 1267 Σαμαρείᾳ
374 1200 548 1263 πόλεις,
591 1203 916 1265 ἁλισκομένων
952 1202 1000 1254 δὲ
1039 1204 1113 1253 καὶ
1147 1203 1315 1268 ἑτερων
1352 1208 1446 1255 τῶν
1488 1203 1578 1255 ὑπὸ
1618 1204 1672 1255 τὸ

95 1282 339 1346 σκῆπτρον
364 1282 517 1333 Ἰούδα
551 1287 625 1334 καὶ
653 1286 884 1348 Βενιαμὶν,
910 1289 1004 1335 τῶν
1030 1286 1327 1353 ἀλλοφύλων
1353 1289 1394 1337 οἱ
1425 1286 1673 1352 πρόσοικοι

94 1364 169 1411 καὶ
209 1361 302 1413 ὅσα
332 1366 413 1426 τῆς
448 1365 686 1416 Ἰουδαίων
719 1369 806 1432 γῆς
837 1366 987 1434 ὅμορά
1024 1390 1123 1420 πως
1161 1366 1219 1431 ἦν
1254 1371 1328 1419 καὶ
1365 1370 1414 1419 ἐκ
1452 1367 1674 1434 γειτόνων

95 1442 216 1508 ἔθνη,
247 1444 405 1496 πλατὺ
437 1451 652 1511 γελῶντα
687 1448 1052 1515 κατεκερτόμουν
1086 1448 1169 1500 τὸν
1192 1449 1412 1516 Ἰσραὴλ,
1448 1452 1509 1503 ὡς
1543 1450 1674 1501 οὐδὲν

0 1557 2 1609 5
95 1527 400 1593 ὠφελημένον
425 1528 554 1594 παρὰ
574 1533 711 1582 Θεοῦ.
772 1529 918 1581 ὤοντο
944 1531 1037 1597 γὰρ
1062 1531 1148 1595 τὴν
1173 1538 1255 1583 τοῦ
1281 1532 1514 1599 σώζοντος
1541 1537 1674 1600 χεῖρα

0 1623 4 1684 Ι
31 1627 75 1665 15
96 1629 171 1657 και
200 1613 365 1660 παθεῖν
396 1610 449 1661 τὸ
485 1611 655 1662 ἄναλκι
686 1635 760 1662 και
796 1615 1024 1677 ἀτονῆσαι
1058 1617 1171 1676 δεῖν,
1211 1617 1272 1668 ὡς
1306 1614 1426 1679 πρὸς
1462 1637 1545 1667 τας
1580 1619 1675 1665 τῶν

0 1689 4 1766 ξ
95 1691 449 1758 καταδῃούντων
487 1692 646 1758 ὁρμας.
711 1696 819 1745 ἀλλ’
847 1694 904 1759 ἧν
945 1695 1131 1758 ἄμεινον
1175 1698 1359 1755 ἐννοεῖν,
1399 1695 1468 1747 ότι
1509 1700 1718 1748 λυπεῖνᾶ

2 1773 5 1830 Ι
94 1771 313 1838 ᾑρημένοι
337 1772 419 1824 τὸν
445 1776 657 1842 σώζοντα
683 1778 757 1827 καὶ
783 1777 1209 1843 προσκεκρουκότες
1231 1779 1352 1846 Θεῷ,
1373 1779 1673 1844 πεπείρανται

3 1846 7 1928 ἱ
95 1858 188 1904 τῶν
215 1856 389 1917 δεινῶν,
416 1857 625 1908 δέδονται
652 1858 700 1909 δὲ
735 1881 808 1909 και
836 1882 898 1912 εις
922 1864 1079 1927 χεῖρας
1105 1862 1299 1927 ἐχθρῶν.
1354 1858 1506 1923 ἐπειδὴ
1534 1859 1582 1910 δε
1616 1858 1673 1923 ἧν

95 1939 188 1985 τῶν
214 1935 415 2000 ἀτόπων,
443 1939 640 1992 ἐκεινους
672 1939 757 2003 μὲν
781 1939 962 1991 οιεσθαι
998 1940 1115 1991 κατὰ
1140 1945 1272 2009 σφᾶς
1304 1940 1482 2003 αὐτους,
1510 1940 1579 1992 ὅτι
1615 1945 1672 2009 τῇ

5 2016 77 2082 ἱεο
96 2015 285 2081 δυναμει
322 2024 416 2070 τῶν
443 2020 569 2071 ἰδίων
593 2021 937 2086 σεβασμάτων,
968 2024 1015 2073 ἐν
1041 2027 1173 2091 καλῷ
1199 2026 1282 2086 τῆς
1307 2024 1547 2089 εὐημερίας
1583 2046 1667 2086 με·

7 2129 11 2187 ἰ
93 2100 362 2164 μενήκασιν,
384 2102 608 2154 ἀπόλωλε
634 2103 682 2155 δὲ
708 2128 783 2155 και
810 2103 1095 2171 ὠλόθρευται
1122 2104 1196 2156 δια
1222 2105 1308 2169 τὴν
1333 2111 1415 2156 τοῦ
1439 2105 1673 2172 σώζοντος

9 2190 10 2193 ’
95 2183 383 2234 ἀσθεΗνειαν
364 2207 389 2234 ο
414 2184 628 2250 Ἰσραὴλ,
655 2187 873 2255 ταύτῃτοι
900 2187 1021 2241 Θεὸς
1046 2211 1122 2238 και
1147 2186 1288 2240 αὐτας
1313 2186 1396 2240 τὰς
1426 2191 1520 2237 τῶν
1544 2210 1673 2254 περι-

95 2267 232 2315 οίκων
261 2264 422 2319 πόλεις
461 2269 709 2333 παρεδίδου
746 2274 827 2319 τοῦ
856 2272 1143 2336 Σεναχηρεῖμ
1183 2273 1244 2322 εὶς
1281 2267 1532 2335 ἐρήμωσιν.
1595 2271 1670 2320 καὶ

94 2353 209 2411 γοῦν
233 2348 257 2397 ὁ
282 2347 529 2416 Ῥαψάκης
555 2354 650 2403 τοῖς
675 2351 723 2400 ἐν
748 2354 814 2419 τῷ
853 2374 988 2417 τειχει
1026 2355 1120 2401 τῶν
1144 2351 1492 2416 Ἱεροσολύμων
1517 2373 1709 2418 προσ-θ

11 2439 76 2487 '25
94 2433 271 2491 λαλῶν,
317 2453 495 2481 τουτων
540 2432 692 2483 αὐτῶν
737 2433 1009 2497 διεμεμνητο
1059 2432 1215 2498 λεγων
1260 2436 1414 2483 “Hofi
1464 2434 1594 2483 ἐστιν
1645 2434 1669 2483 ὁ
1723 2439 1895 2471 Es.xxxvi.

95 2517 121 2539 ‘⁶
144 2510 245 2564 θεὸς
285 2512 445 2575 Αἷμάθ
483 2515 558 2563 καὶ
592 2514 819 2583 Ἀρφαθ·
807 2555 820 2577 ,
874 2520 967 2566 ποῦ
1007 2516 1136 2565 ἐστιν
1170 2515 1194 2565 ὁ
1226 2513 1329 2568 θεὸς
1366 2517 1448 2579 τῆς
1487 2513 1672 2570 πόλεως
1727 2492 1775 2525 19
1795 2493 1844 2514 20

143 2651 173 2674 Ι.
199 2655 234 2674 τε
252 2652 322 2675 om.
341 2641 385 2675 A.
435 2642 602 2685 σωτηρίας
618 2653 682 2687 pro
698 2642 855 2685 βοηθείας
874 2642 916 2675 Α.
1071 2654 1103 2676 2.
1130 2642 1336 2677 ἀνυποδεσίιι
1353 2643 1395 2676 A.
1403 2643 1443 2677 B.
1462 2643 1673 2686 ἀνυποδησία

17 2695 19 2716 1
94 2686 187 2721 Edd.
317 2700 350 2730 4.
376 2688 531 2734 γινεσθαι
548 2689 592 2722 A.
725 2700 757 2731 5.
783 2688 1034 2734 μεγαλύνεσθε]
1059 2694 1096 2729 -f-
1118 2691 1170 2723 καὶ
1190 2689 1279 2724 Edd.
1300 2690 1347 2733 (V
1351 2697 1395 2723 at.
1402 2693 1412 2732 )
1462 2691 1497 2724 ἐν
1513 2691 1609 2734 ἀκειμ
1626 2692 1671 2725 Α.

17 2728 19 2777 1
95 2733 190 2775 (106,
209 2735 305 2778 311.)
500 2736 532 2769 6.
560 2736 830 2770 καταπάσσασθε
849 2735 939 2769 Edd.
958 2743 1036 2769 ante
1055 2736 1133 2780 Mlg
1136 2749 1190 2770 ne.
1386 2737 1670 2783 1.Hepto·xe⁷r7)5]

18 2799 20 2806 ·
93 2781 300 2826 περισχερὴς
316 2782 359 2815 A.
573 2784 605 2816 δ.
633 2783 757 2827 εφεξῆς
774 2783 817 2816 A.
836 2783 912 2826 ἑξῆς
931 2782 1023 2816 Edd.
1073 2784 1120 2816 ἕνι
1110 2749 1278 2817 ἓδιειπεῖν
1297 2783 1339 2817 Β.
1357 2784 1424 2817 ἔδει
1443 2784 1546 2818 εἰπεῖν
1564 2786 1606 2818 A.
1624 2785 1672 2818 ἕνι

19 2829 21 2840 ¹
95 2826 134 2870 δὴ
153 2827 256 2861 εἰπεῖν
274 2828 365 2862 Edd.
512 2840 566 2863 10.
584 2830 622 2862 τὸ
640 2841 708 2862 om.
729 2829 772 2862 A.
920 2840 972 2863 12.
991 2833 1057 2863 τῶν
1073 2841 1136 2874 pro
1153 2832 1239 2874 τῆς
1228 2831 1272 2864 A.
1322 2830 1357 2863 ἐκ
1374 2830 1583 2876 γειτόνων]’
1566 2846 1672 2876 εκγει·

19 2859 21 2894 ι
94 2873 278 2908 τονούντων
295 2875 386 2909 Edd.
583 2887 635 2920 13.
661 2877 828 2920 γελῶντες
844 2876 887 2910 A
1130 2887 1182 2919 15.
1201 2877 1342 2912 ἄναλκες
1359 2877 1403 2910 Α.
1453 2878 1522 2911 δεῖν
1539 2889 1608 2911 om.
1629 2878 1673 2912 B.

19 2914 23 2965 *ἶ
98 2930 151 2964 19.
178 2921 302 2956 ἐκείνας
321 2921 411 2956 Edd.
649 2933 704 2956 22.
731 2923 815 2957 Θεὸς
835 2921 958 2956 deest
951 2934 985 2955 m
1005 2922 1048 2956 A.
1291 2934 1346 2969 23.
1376 2923 1452 2969 του]
1473 2927 1518 2971 τῷ
1539 2924 1672 2970 Migne.

98 2976 152 3008 24.
176 2968 465 3011 προσλαλούντων
481 2969 570 3015 αὐτῷ
589 2969 669 3011 (Slc)
687 2980 751 3013 pro
767 2971 988 3013 προσλαλῶν,
1007 2968 1134 3003 τούτων
1151 2970 1259 3004 αὐτῶν
1276 2970 1320 3004 A.
1418 2971 1472 3005 26.
1500 2960 1612 3014 Αἶμὰθ
1631 2972 1673 3007 Β.

97 3012 217 3055 (VIII.
223 3015 402 3058 )αι’νὰθΑ.
423 3016 545 3059 Αἷμαθὶ
567 3015 656 3049 Edd.
709 3015 827 3060 ἅρφάθ
845 3016 887 3049 A
894 3015 935 3050 B.
954 3015 1104 3061 Ἀρφαθί
1123 3017 1214 3051 Edd.
1265 3016 1413 3063 πόλεως]
1438 3023 1473 3059 -†-
1495 3021 1553 3052 τοῦ
1571 3020 1615 3053 A.
