2021 3434
104 187 130 228 i.
158 200 221 242 13.
558 192 635 234 IN
676 193 952 235 JOELEM.
1011 193 1161 235 ΤΟΜ.
1201 193 1238 234 Ι.
1603 190 1684 229 305

177 304 236 351 Εἰ
279 300 327 352 δὲ
371 303 428 367 δή
466 325 534 357 τις
576 303 717 355 οἴοιτο
760 306 834 355 καὶ
879 307 941 358 εἰς
983 303 1211 373 ἐξήγησιν
1253 298 1417 366 ἠθικὴν
1459 299 1592 350 ταυτὶ
1629 295 1686 361 δὴ

101 385 270 449 χρῆναι
297 384 699 451 μετακομίζεσθαι,
727 384 955 455 φρονήσει
994 389 1165 438 καλῶς.
1225 380 1566 450 παρεικαστέον
1593 379 1686 446 γὰρ

100 465 283 530 ἀρεταῖς
333 469 408 518 καὶ
454 472 550 522 τοῖς
590 471 650 522 εἰς
695 474 805 520 νοῦν
854 467 1230 534 κατορθώμασιν,
1271 465 1496 534 ἄμπελον,
1541 461 1732 524 συκῆν,ἃ

101 548 176 597 καὶ
214 547 273 598 τὰ
311 549 444 615 ἕτεροι
483 554 577 600 τῶν
615 550 768 620 ξύλων,
806 548 837 601 ἃ
874 554 1069 616 καρποῖς
1107 548 1289 616 ὡραίοις
1328 549 1687 615 στεφανοῦσθαι

57 637 80 676 5
102 633 246 697 φιλεῖ.
313 633 423 681 ἀλλ’
459 636 496 683 εἰ
528 631 613 695 μέν
648 655 716 686 τις
749 632 815 696 εἰἠ
854 631 1009 700 σοφὸς
1047 632 1122 682 καὶ
1160 631 1395 698 ἀγχίνους,
1433 630 1508 679 καὶ
1542 629 1688 696 αὐχη-

99 711 262 775 μάτων
300 715 492 779 ἀγαθῶν
528 713 822 778 ἐπιμελητὴς,
861 715 1028 777 εὐανθῆ
1067 736 1117 764 τε
1155 714 1230 763 καὶ
1269 711 1468 779 εὕξυλον
1505 709 1588 761 τὸν
1626 715 1687 764 εἰς

101 799 211 844 νοῦν
236 797 310 845 καὶ
342 797 534 862 καρδίαν
564 796 756 864 φορέσει
788 798 951 859 κῆπον,
977 797 1200 858 πολυειδῆ
1234 793 1421 860 τρέφων
1459 793 1508 843 ἐν
1537 792 1686 861 ἑαυτῷ

99 875 186 940 τὴν
211 876 392 943 ἀρετὴν,
419 879 494 928 καὶ
524 877 679 928 πάντα
716 875 893 944 τρόπον
924 876 1176 929 ἐπιεικείας.
1243 879 1279 925 εἱ
1306 873 1354 925 δὲ
1387 873 1443 937 δὴ
1476 871 1687 942 ῥᾴθυμος

100 959 176 1008 καὶ
216 958 483 1026 φιλήδονος,
526 961 598 1009 καὶ
641 958 767 1011 πολὺ
808 960 918 1009 λίαν
959 957 1230 1011 ἐκνενευκὼς
1276 958 1349 1007 ἐπὶ
1394 955 1454 1007 τὰ
1498 956 1685 1023 αἰσχίω,

34 1061 82 1086 10
100 1039 414 1107 καταθρηνήσει
475 1040 677 1104 πάντως,
727 1040 1066 1107 μαραινομένης
1117 1040 1242 1108 αὐτῷ
1301 1041 1383 1102 τῆς
1433 1038 1685 1099 ἐπιεικείας,

100 1124 175 1173 καὶ
211 1122 402 1188 πολλὴν
438 1122 672 1178 παθόντος
708 1123 793 1188 τὴν
827 1123 1060 1189 ἀκαρπίαν
1100 1128 1183 1173 τοῦ
1221 1126 1316 1173 νοῦ.
1383 1120 1686 1185 ἐπιμελητέον
1704 1143 1725 1170 e

100 1204 158 1269 δὴ
196 1206 277 1256 οῦν
310 1211 405 1260 τοῖς
443 1207 669 1275 ἔχε’φροσι
706 1210 800 1257 τῶν
838 1207 885 1257 ἐν
923 1206 1133 1272 καρδίαις
1159 1206 1364 1271 ἀγαθῶν,
1392 1200 1423 1254 ἂ
1448 1202 1506 1267 δὴ
1532 1225 1687 1269 προσ-

99 1285 234 1338 έσται
256 1288 456 1352 πάντως,
475 1293 512 1339 εἰ
537 1290 618 1340 ἐπί
639 1311 694 1355 γε
719 1289 894 1357 σφίσιν
921 1289 1075 1342 αὐτοῖς
1100 1286 1362 1357 εὐφραίνειν
1383 1286 1566 1336 ἕλοιντο
1586 1290 1687 1339 ταῖς

101 1370 354 1425 ἐπιεικείαις
380 1369 463 1422 τὸν
485 1376 580 1423 τῶν
606 1371 831 1438 οὐρανίων
855 1369 1165 1439 χαρισμάτων
1189 1371 1362 1435 δοτῆρα
1383 1366 1520 1420 Θεόν.

38 1639 83 1678 15
102 1632 396 1692 Περιςὼσασθε
434 1635 504 1676 καὶ
541 1634 747 1677 κόπτεσθε
785 1632 824 1676 οἱ
864 1631 1002 1691 ἱερεῖς,
1038 1630 1231 1690 θρΗνεῖτε
1268 1630 1307 1673 οἱ
1345 1630 1684 1686 λειτουρΓοῦντεε
1708 1648 1756 1684 13

167 1720 229 1772 τῷ
277 1718 573 1776 θυσιαστΗρίῳ·
637 1717 863 1771 εἶσέλθετε,
907 1717 1133 1760 ὑπνώσατε
1180 1718 1224 1758 ὲν
1275 1717 1447 1759 σάκκοις
1497 1723 1688 1770 λειτουρ-

169 1806 336 1851 Γοῦντες
385 1804 493 1859 Θεῷ·
546 1806 611 1848 ὅτι
652 1805 832 1861 ἀπέσχεν
876 1805 921 1847 ἐξ
962 1801 1082 1845 οἴκου
1120 1803 1229 1844 Θεοῦ
1274 1801 1397 1851 ἡμῶν
1447 1799 1566 1843 ousia
1618 1799 1688 1841 καὶ

169 1888 345 1930 σπονδή.

177 2003 307 2070 Α’ίρει
340 2003 424 2068 μὲν
455 2001 617 2071 ὥσπερ
656 2006 730 2055 καὶ
770 2003 845 2056 διὰ
883 2003 1061 2055 τούτων
1087 2004 1214 2072 ὑψοῦ
1246 2000 1304 2053 τὰ
1331 1999 1686 2065 συμβεβηκότα,
1705 2031 1727 2055 a
1750 2022 1839 2056 209
1854 2021 1907 2055 Α,

35 2101 85 2128 20
103 2086 177 2136 καὶ
200 2087 248 2137 ἐν
274 2085 528 2155 ἀφορήτοις
553 2092 748 2137 ποιεῖται
773 2088 974 2149 δείμασι,
994 2086 1225 2149 πλείστης
1252 2083 1336 2148 μὲν
1363 2083 1480 2147 ὅσης
1507 2084 1687 2133 δεῖσθαι

102 2171 235 2232 λιτῆς
253 2166 307 2220 τὸ
332 2173 530 2235 πρᾶγμα
556 2170 734 2233 δηλῶν,
759 2168 835 2219 διά
857 2191 911 2234 γε
937 2173 1020 2219 τοῦ
1045 2169 1211 2235 χρῆναι
1239 2169 1313 2217 καὶ
1340 2163 1505 2218 αὐτοὺς
1532 2186 1685 2214 κατοι-

101 2250 266 2317 μώζειν
308 2249 416 2304 τοὺς
460 2249 609 2321 ἱερέας.
681 2250 810 2315 πλὴν
854 2250 947 2319 ἔχει
989 2273 1033 2301 τι
1078 2250 1153 2300 καὶ
1202 2247 1407 2316 εὐτεχνὲς
1449 2248 1473 2298 ὁ
1520 2244 1680 2310 λόγος.

103 2332 257 2398 ἐπειδὴ
295 2332 389 2399 γὰρ
426 2337 522 2387 τοῖς
560 2338 653 2384 τῶν
692 2333 897 2384 εἰδώλων
922 2331 1161 2397 τεμένεσιν
1191 2329 1493 2392 ἀβουλότατα
1529 2351 1684 2395 προσ-

103 2413 358 2480 ιζήσαντες,
385 2416 533 2466 καίτοι
563 2418 687 2465 Θεοῦ
711 2415 1048 2467 καταπαίοντος
1086 2412 1143 2481 ἐξ
1177 2413 1334 2478 ὀργῆς,
1358 2411 1543 2478 ἐζήτουν
1568 2412 1681 2462 ἐκεῖ·

37 2513 85 2553 25
105 2501 184 2549 θεν
221 2496 305 2551 τὰς
341 2496 613 2561 ἐπικουρίας,
649 2496 866 2559 ἀπονέμει
904 2496 1148 2563 χρησίμως
1194 2495 1218 2545 ὁ
1258 2498 1351 2545 τῶν
1397 2492 1524 2544 ὅλων
1563 2491 1684 2547 Θεὸς

154 2687 183 2710 1.
210 2676 263 2709 καὶ
280 2680 499 2719 assumptum
519 2686 559 2708 ex
575 2673 617 2708 B.
668 2673 708 2717 δὴ
726 2674 783 2708 alt.
801 2685 871 2707 om.
893 2673 935 2707 B.
1287 2684 1318 2707 2.
1344 2673 1573 2717 μετακομίζειν
1590 2673 1684 2709 Edd.

102 2734 136 2768 3.
162 2723 327 2766 ἄμπελον]
346 2726 382 2762 -ὶ-
397 2721 450 2754 καὶ
467 2720 528 2755 fid,
841 2721 874 2754 8.
900 2720 960 2763 τὴν
976 2719 1096 2764 ἀρετὴν
1113 2719 1248 2765 τρέφων
1266 2720 1300 2754 ἐν
1318 2721 1422 2767 ἑαυτῷ
1440 2720 1512 2755 inv.
1530 2720 1605 2755 ord.
1622 2721 1683 2755 iid.

107 2780 162 2803 11.
187 2768 247 2812 τὴν
263 2774 484 2812 assumptum
502 2779 543 2800 ex
562 2767 603 2800 B.
854 2778 908 2811 13.
936 2766 1033 2801 Haec
1050 2768 1121 2802 ταῖς
1138 2767 1324 2803 ἐπιεικείαις
1341 2773 1562 2802 accesserunt
1579 2779 1620 2802 ex
1639 2768 1681 2803 B.

108 2827 162 2858 14.
188 2815 323 2860 ἀγαθῶν
343 2826 407 2859 pro
432 2828 575 2859 χαρισμ.
593 2813 653 2847 iid.
704 2814 790 2847 Θεόν
807 2813 949 2847 accessit
971 2825 1013 2846 ex
1033 2813 1075 2847 B.
1307 2814 1359 2847 16.
1389 2817 1435 2860 τῷ
1461 2821 1683 2859 assumptum

105 2875 147 2896 ex
168 2862 209 2895 B.
230 2862 267 2895 F.
281 2861 369 2905 (42.)
571 2869 623 2905 17.
649 2860 800 2905 ἀπέσχεν
827 2860 868 2894 Β.
887 2860 922 2893 in
941 2860 1001 2894 Es.
1020 2870 1087 2904 315
1105 2872 1134 2894 e.
1152 2859 1344 2906 ἀπέσχηκεν
1362 2860 1453 2895 Edd.
1473 2861 1580 2906 (A.V.
1601 2862 1682 2905 διε.)

105 2908 162 2954 ἐξ]
182 2909 217 2942 ἐκ
235 2910 294 2942 τοῦ
314 2908 355 2942 Β.
427 2906 518 2952 ἡμῶν
539 2907 581 2942 Β.
601 2907 672 2950 (26.
691 2908 751 2947 al.)
774 2907 865 2951 ὑμῶν
890 2906 981 2940 Edd.
1000 2907 1110 2950 (AN.
1130 2908 1188 2951 al.)
1213 2907 1340 2952 Glaph.
1359 2909 1424 2952 385
1449 2908 1484 2942 b.
1509 2908 1614 2951 (Mss.
1636 2911 1683 2947 2.)

107 2955 150 2989 In
171 2956 230 2989 Es.
248 2956 271 2988 l.
290 2967 319 2989 c.
643 2965 696 2998 19.
722 2953 787 2998 ὕψι
806 2952 896 2987 Edd.
1231 2965 1287 2989 21.
1311 2954 1466 3001 πρᾶγμα]
1494 2957 1607 3001 χρῆμα
1624 2955 1683 2990 ἰὶά.

109 3013 164 3037 22.
192 3003 290 3046 ἱερεῖς
306 3001 364 3036 iid.
607 3011 663 3046 25.
688 3001 746 3037 τὰς
763 3001 848 3035 ἐπικ.
869 3000 1002 3044 ἐζήτουν
1019 3000 1144 3036 ἐκεῖθεν
1160 3001 1231 3036 inv.
1250 3001 1325 3036 ord.
1344 3001 1403 3037 iid.

165 3069 256 3098 VOL.
282 3069 309 3097 Ι.
868 3068 895 3096 R
916 3070 935 3096 Γ
