2021 3434
44 1579 74 1610 S.
95 1579 194 1609 Joan.

44 1624 64 1654 i.
86 1631 197 1662 11-13.

47 2244 63 2265 2
82 2236 155 2268 Cor.

45 2279 89 2310 xi.
109 2290 136 2311 2.

48 2585 136 2620 206
150 2586 188 2620 Α

262 148 346 188 300
650 150 700 190 B.
743 149 1019 190 CYRILLI
1059 151 1440 192 ALEXANDR.
1650 150 1739 204 i.-9,
1767 161 1830 191 10.

262 260 457 325 οὐρανοῦ
491 262 706 329 νυμφίον,
748 263 870 313 τοῦτ’
906 262 1008 313 ἔστι
1046 262 1277 329 Χριστόν·
1333 261 1448 326 αὐτὴ
1481 260 1573 326 γὰρ
1612 260 1834 311 ἀπέκτονε

263 346 337 391 καὶ
373 340 706 411 πεπαρῴνηκεν
746 347 808 397 εἷς
846 343 1001 396 αὐτόν.
1066 343 1303 411 τοιγάρτοι
1340 349 1434 395 τῶν
1472 343 1605 394 θείων
1639 342 1836 407 εἴργεται

219 429 246 468 d
263 427 474 485 παστῶν,
517 424 607 493 ἔξω
651 448 700 476 τε
741 430 835 477 τῶν
881 429 1013 492 ἱερῶν
1057 428 1159 478 ἐστι
1205 426 1385 492 γάμων,
1429 427 1503 476 καὶ
1543 427 1625 488 τῆς
1676 424 1836 489 ἑορτῆς

262 504 487 571 ἀμέτοχος
524 511 780 570 παντελῶς,
816 506 1082 574 ἀπόκληρός
1119 532 1170 560 τε
1195 507 1376 570 λοιπὸν,
1411 509 1486 559 καὶ
1524 504 1836 573 ἀπεῤῥιμμένη

262 588 337 637 καὶ
380 590 462 650 τῆς
513 593 607 639 τῶν
650 589 796 654 ἁγίων
837 592 1025 644 ἐλπίδος
1065 593 1127 645 ὡς
1164 590 1395 642 ἀποτάτω·
1454 588 1749 651 εἶσκέκληται
1789 586 1835 637 δὲ
1856 604 1877 642 5

262 666 359 718 ἀντ’
387 669 557 732 ἐκείνης
594 671 622 734 ἡ
661 670 737 722 νέα
775 673 850 722 καὶ
884 672 1203 739 ἀῤῥυτίδωτος,
1236 673 1264 736 ἡ
1302 671 1539 737 πάναγνος
1577 671 1652 720 καὶ
1689 666 1837 736 σοφὴ,

42 763 138 819 (Jant.
157 762 199 793 iv.
262 751 337 800 καὶ
375 752 424 801 ἐκ
459 751 669 813 Λιβάνου
708 752 881 822 νύμφη,
913 753 1036 818 καλή
1070 777 1119 805 τε
1155 753 1422 820 περιστερὰ,
1449 752 1702 814 τουτέστιν,
1730 751 1756 815 ἡ
1785 751 1841 820 ἐξ

263 833 409 882 ἐθνῶν
432 833 709 897 Ἐκκλησία,
735 835 762 899 ἡ
789 838 864 886 καὶ
891 834 1003 886 αὐτὸ
1035 835 1088 886 τὸ
1121 835 1271 889 πάθος
1301 837 1609 900 ὁμολογοῦσα
1646 834 1837 899 Κυρίου,

261 916 509 983 μονονουχὶ
548 915 595 967 δὲ
639 920 714 968 καὶ
754 918 821 968 ἐπ’
863 918 988 987 αὐτῷ
1027 919 1260 969 κλαίουσα
1299 917 1372 968 διὰ
1411 923 1492 968 τοῦ
1532 915 1838 982 συμπάσχειν

262 998 338 1046 καὶ
381 1002 578 1061 πενθεῖν,
622 999 763 1066 α’ίρειν
811 1022 859 1051 τε
911 998 992 1050 τὸν
1035 1000 1152 1051 ’ίδιον
1194 999 1403 1065 σταυρὸν
1446 1000 1520 1050 καὶ
1565 1000 1837 1049 ἀκολουθεῖν
1860 1022 1907 1046 10

225 1079 400 1148 εαύτῷ,
438 1081 514 1130 καὶ
554 1079 629 1131 διὰ
672 1081 849 1132 τούτων
894 1080 1006 1132 ἰέναι
1047 1086 1204 1150 φιλεῖν
1247 1080 1322 1132 διά
1362 1104 1434 1132 τοι
1477 1079 1562 1146 τὴν
1599 1084 1660 1133 εἷς
1698 1077 1839 1130 αὐτὸν

264 1160 468 1226 ἀγάπην.
536 1161 788 1230 παρθενικὶς
832 1162 880 1215 δὲ
929 1165 1126 1233 νυμφίος
1177 1164 1311 1216 νοοῖτ’
1357 1163 1413 1215 ἂν
1461 1164 1601 1227 αὐτῆς
1645 1163 1670 1212 ὁ
1713 1161 1835 1225 Ἐμ-

263 1244 493 1307 μανουήλ·
541 1245 687 1296 καίτοι
724 1250 1058 1314 μεμοιχεῦσθαι
1092 1246 1322 1310 δοκούσης
1356 1248 1431 1297 καὶ
1468 1245 1839 1312 πεπορνευμένης

263 1328 330 1393 τῷ
357 1330 556 1394 σατανᾷ,
587 1326 707 1378 κατά
730 1350 785 1394 γε
809 1327 891 1380 τὸν
921 1334 1004 1379 τοῦ
1037 1332 1374 1392 πεπλανῆσθαι
1410 1326 1600 1395 τρόπον·
1642 1326 1716 1379 διὰ
1754 1326 1840 1390 τὴν

263 1406 440 1458 ἄνωθεν
474 1408 797 1474 ἀναγέννησιν,
827 1409 885 1474 ἢν
920 1409 995 1462 διὰ
1026 1416 1108 1462 τοῦ
1136 1410 1408 1474 Πνεύματος
1438 1409 1837 1474 πεπλουτήκαμεν,
1862 1430 1907 1469 15

262 1488 348 1553 τὴν
395 1490 625 1556 σαρκικὴν
671 1490 954 1558 ἀρνούμενοι.
1023 1491 1284 1559 γέγραπται
1333 1491 1426 1559 γὰρ
1476 1494 1579 1559 περὶ
1624 1495 1840 1559 Χριστοῦ

265 1577 292 1600 “
319 1575 401 1625 Εἷς
438 1571 497 1622 τὰ
530 1572 620 1624 ἴδια
657 1572 787 1638 ἦλθε,
813 1577 887 1626 καὶ
918 1578 961 1625 οἱ
994 1574 1099 1626 ’ίδιοι
1132 1574 1273 1626 αὑτὸν
1300 1576 1352 1626 οὐ
1380 1575 1668 1641 παρέλαβον.
1733 1572 1840 1624 ὅσοι

264 1659 292 1682 “
317 1652 365 1703 δὲ
389 1653 566 1715 ἔλαβον
591 1653 745 1720 αὐτὸν,
773 1656 940 1707 ἔδωκεν
978 1657 1132 1710 αὐτοῖς
1165 1656 1386 1726 ἐξουσίαν
1418 1657 1556 1707 τέκνα
1594 1659 1718 1707 Θεοῦ
1755 1678 1836 1722 γε-

265 1741 291 1764 “
318 1735 494 1799 νέσθαι,
535 1741 631 1792 τοῖς
670 1737 976 1790 πιστεύουσιν
1016 1742 1079 1793 εἷς
1118 1736 1172 1790 τὸ
1210 1738 1356 1802 ὄνομα
1393 1739 1547 1801 αὐτοῦ,
1587 1737 1629 1789 οἳ
1670 1738 1752 1789 οὐκ
1790 1738 1848 1806 ἐξ

265 1824 291 1847 “
318 1817 539 1881 αἱμάτων,
585 1819 688 1871 οὐδὲ
725 1822 774 1871 ἐκ
812 1819 1075 1886 θελήματος
1116 1820 1306 1887 σαρκὸς,
1352 1820 1455 1871 οὐδὲ
1492 1822 1542 1871 ἐκ
1580 1819 1842 1885 θελήματος
1862 1844 1911 1869 20

264 1906 292 1929 ‘⁶
317 1900 502 1966 ἀνδρὸς,
547 1901 657 1953 ἀλλ’
704 1904 753 1954 ἐκ
796 1906 920 1954 Θεοῦ
964 1902 1323 1969 ἐγεννήθησαν.”
1390 1903 1738 1969 παρωθούμενοι
1785 1902 1842 1967 δὴ

266 1983 347 2035 οὖν
390 1983 475 2048 τὴν
519 1983 637 2036 κατὰ
681 1985 838 2052 σάρκα
881 1985 1116 2052 γέννησιν,
1160 1986 1246 2050 τὴν
1288 1984 1602 2049 πνευματικὴν
1648 1985 1837 2036 οἰκειού-

265 2069 398 2128 μεθα,
425 2067 530 2116 καθ’
560 2065 617 2131 ἢν
653 2065 711 2118 ἂν
745 2072 895 2118 νοοῖτο
928 2068 1156 2134 παρθένος
1194 2067 1376 2134 καθαρά
1410 2091 1459 2118 τε
1498 2070 1572 2119 καὶ
1605 2067 1843 2133 πάναγνος

266 2147 294 2211 ἡ
322 2147 378 2216 ἐξ
398 2149 543 2199 ἐθνῶν
568 2149 808 2213 ἐκκλησία,
834 2150 1076 2201 τουτέστιν
1100 2153 1142 2201 οὶ
1167 2153 1228 2203 εἷς
1249 2149 1464 2217 Χριστὸν
1489 2149 1842 2213 πιστεύσαντες,

268 2228 334 2283 οἷς
373 2232 446 2282 καὶ
486 2233 511 2282 ὁ
546 2229 798 2287 θεσπέσιος
825 2236 1020 2287 Παῦλος
1045 2232 1315 2284 ἐπιστέλλει
1340 2237 1512 2303 σαφῶς
1538 2240 1565 2263 “
1581 2232 1838 2299 (Ηρμοσά-
1863 2253 1910 2293 25

268 2319 295 2341 ‘⁶
318 2336 413 2377 μην
450 2312 543 2380 γὰρ
580 2315 694 2379 ὑμᾶς
729 2316 792 2366 ἑνὶ
826 2316 957 2383 ἀνδρὶ
989 2315 1223 2383 παρθένον
1254 2314 1401 2381 ἁγνὴν
1433 2314 1742 2383 παραστήσαι
1777 2317 1843 2386 τῷ

268 2401 294 2424 “
321 2396 559 2465 Χριστῷ.”

192 2611 201 2620 ”
228 2595 467 2684 ἓἘΕῆρται
505 2609 624 2651 θυσία
664 2610 731 2651 καὶ
769 2610 929 2653 σπονδὴ
967 2610 1011 2652 ἐξ
1050 2607 1169 2652 οἷ’κου
1209 2610 1368 2667 Κυρίου·
1407 2607 1599 2652 Πενθεῖτε
1637 2608 1675 2651 οἱ
1715 2605 1841 2666 ἱερεῖς

318 2776 347 2798 1.
373 2766 453 2810 αὕτη
473 2767 564 2802 Edd.
613 2768 783 2803 ἀπέκτεινε
800 2768 859 2803 iid.
957 2780 988 2804 2.
1015 2769 1159 2816 ε’ίργεται
1181 2771 1223 2806 Β.
1323 2783 1356 2813 4.
1381 2771 1503 2805 λοιπὸν
1521 2776 1600 2816 post
1616 2769 1842 2816 ἀπεῤῥιμμένη

270 2817 402 2856 transp.
420 2814 480 2847 iid.
622 2816 655 2849 6.
681 2816 882 2860 ἀρυτίδωτος
898 2816 958 2850 ild.
1101 2818 1134 2852 8.
1166 2818 1290 2859 Κυρίου
1310 2817 1351 2852 Β.
1370 2821 1521 2862 Χριστοῦ
1537 2817 1596 2852 iid.
1744 2829 1778 2862 9.
1803 2818 1842 2850 τὸ

266 2869 329 2901 pro
347 2861 405 2892 τοῦ
422 2859 482 2893 iid.
612 2874 665 2895 11.
692 2862 833 2908 τούτων]
852 2867 918 2897 τῶν
935 2862 1020 2898 ἰ’σων
1038 2863 1097 2898 iid.
1234 2876 1286 2899 12.
1312 2864 1365 2910 δὲ]
1386 2869 1422 2905 -†-
1444 2867 1461 2898 ὁ
1480 2865 1538 2899 iid.
1685 2875 1737 2910 13-
1763 2878 1840 2907 μεμ·

266 2904 430 2948 δοκούσης
447 2912 480 2939 et
496 2922 574 2941 πεπ.
590 2911 635 2953 τῷ
654 2924 689 2943 σ.
708 2909 773 2943 hoc
792 2910 912 2944 ordine
932 2911 973 2944 B.
1101 2923 1153 2955 14.
1180 2912 1374 2947 πλανᾶσθαι
1392 2911 1450 2946 iid.
1572 2912 1695 2956 18-27.
1720 2911 1841 2945 ἔδωκεν

266 2952 530 2995 -πιιριιστὴσιιι
548 2957 593 2999 τῷ
613 2956 769 3002 Χριστῷ]
789 2957 841 2990 καὶ
858 2958 897 2991 τὰ
917 2958 992 3002 ἑξῆς
1010 2957 1068 2992 iid.
