2021 3434
307 174 390 214 378
696 173 745 213 Β.
788 172 1066 213 CYRILLI
1109 174 1487 214 ALEXANDR.
1792 170 1818 210 i.
1844 182 1880 211 2.

307 281 492 346 μνήμην
518 283 779 347 ἀναγκαίως
815 284 889 332 καὶ
922 288 1003 333 τοῦ
1033 286 1366 348 λελεπρῶσθαι
1392 282 1474 334 τὸν
1498 281 1667 347 Ὀζίαν
1691 277 1881 342 πεποιή-

308 367 441 426 μεθα.
509 364 663 427 ἐπειδὴ
694 363 787 429 γὰρ
828 367 1088 429 ἱερατεῦσαι
1126 363 1380 429 τετόλμηκε
1418 362 1712 430 παρανόμως,
1749 360 1883 412 λελέ-

308 467 488 509 πρωται
536 444 619 509 μὲν
660 445 932 512 ἐλέγχοντος
983 449 1123 506 Θεοῦ,
1174 445 1456 511 κατεδονήθη
1506 444 1554 496 δὲ
1596 447 1782 513 σεισμῷ
1825 442 1883 493 τὰ

308 525 620 591 Ἱεροσόλυμα
660 529 734 577 καὶ
777 525 852 577 διὰ
893 529 1025 577 τοῦδε
1063 532 1235 597 σαφῶς
1281 533 1374 581 τοῖς
1418 526 1472 578 τὸ
1510 524 1720 591 τηνικάδε
1760 528 1883 576 Θεοῦ

308 606 393 671 τὴν
416 608 535 660 ἰδίαν
561 607 707 675 ὀργὴν
733 610 1115 677 ὑπεμφαίνοντος.

92 819 176 852 252
192 817 243 851 A.
273 828 293 850 a

272 882 289 905 2
316 876 389 917 Καὶ
427 872 519 917 εἶπε
559 877 705 934 Κύριος
738 878 785 918 ἐκ
821 878 934 919 Σιὼν
972 878 1219 935 ὲφθὲΓΕατο,
1256 877 1322 918 καὶ
1358 877 1403 919 ἐξ
1430 875 1711 933 Ἰερουσαλήμ
1748 873 1884 916 ἔδωκε

382 961 532 1016 φωνήν
577 961 715 1012 αὐτοῦ,
760 963 827 1003 καὶ
873 963 1109 1004 ὲΠὲνθΗσαν
1159 961 1198 1003 αἰ
1243 962 1365 1011 νομαὶ
1414 962 1498 1003 τῶν
1547 960 1773 1010 Ποιμὲνων,
1818 957 1886 1000 καὶ

380 1044 591 1100 ὲὲΗράνθΗ
631 1046 859 1102 ἡκορυφέι
898 1049 971 1087 τοῦ
1008 1046 1247 1103 Καρμήλου.

378 1166 534 1222 ’Ὀλος
583 1169 692 1232 ἡμῖν
738 1171 785 1220 ἐν
833 1170 1012 1223 τούτοις
1061 1171 1086 1220 ὁ
1137 1173 1218 1234 τῆς
1266 1169 1551 1238 προφητείας
1603 1167 1887 1236 διαφαίνεται

312 1248 508 1313 σκοπὸς,
551 1252 625 1301 καὶ
665 1256 746 1301 τοῦ
791 1251 966 1305 παντὸς
1004 1250 1411 1322 χρησμῳδήματος
1461 1250 1566 1317 ὅρος
1615 1247 1777 1314 ὥσπερ
1821 1270 1888 1301 τις

313 1333 388 1382 καὶ
425 1331 761 1401 προαφήγησις
799 1334 1007 1403 ἀσαφείᾳ
1044 1336 1208 1402 πολλῇ
1247 1332 1632 1396 κατεσκιασμένη,
1669 1329 1804 1382 νοοῖτ’
1831 1328 1889 1381 ἂν

314 1412 497 1467 εἰκότως
532 1413 559 1477 ἦ
597 1420 678 1464 τοῦ
712 1415 1011 1481 προκειμένου
1045 1415 1248 1479 δύναμις.
1314 1416 1560 1480 πεποίηται
1591 1412 1676 1477 μὲν
1709 1412 1800 1479 γὰρ
1827 1414 1890 1465 ὡς

268 1495 370 1563 be’}
406 1494 675 1559 ὁμοιότητός
716 1519 765 1546 τε
810 1499 884 1547 καὶ
928 1502 1195 1565 μεταφορᾶς
1234 1498 1258 1548 ὁ
1297 1495 1460 1562 λόγος,
1503 1496 1578 1547 καὶ
1621 1497 1682 1549 ὡς
1721 1497 1769 1546 ἐκ
1808 1499 1890 1545 τοῦ

311 1575 573 1646 πεφυκότος
608 1578 886 1642 συμβαίνειν
919 1583 1018 1633 ταῖς
1055 1579 1322 1646 εὖπρέμνοις
1360 1583 1454 1630 τῶν
1491 1579 1613 1644 ὀρῶν
1652 1581 1888 1645 κορυφαῖς,

311 1658 340 1725 ἢ
367 1661 442 1710 καὶ
475 1665 571 1713 τοῖς
606 1660 915 1728 ἐψιλωμένοις
947 1665 1041 1711 τῶν
1078 1662 1247 1713 πεδίων
1283 1660 1388 1712 ἔσθ’
1416 1660 1506 1712 ὅτε.
1572 1659 1656 1727 ὅρη
1688 1658 1773 1723 μὲν
1798 1657 1890 1725 γὰρ

312 1742 460 1793 καίτοι
504 1744 692 1808 δρυμοῖς
737 1747 952 1804 κομῶντα
992 1745 1066 1794 καὶ
1114 1742 1287 1811 ξύλοις,
1331 1741 1490 1797 πεδιὰς
1534 1741 1581 1793 δὲ
1626 1742 1683 1792 αὖ
1727 1747 1890 1809 πολλῇ

313 1826 388 1875 καὶ
427 1825 701 1893 ἀμφιλαφεῖ
726 1825 782 1891 τῇ
816 1824 912 1893 πόα
947 1824 1306 1888 κατεστεμμένη,
1341 1822 1731 1894 καταφθείροντός
1769 1846 1891 1878 τινος

312 1904 342 1970 ἢ
380 1911 547 1969 λοιμοῦ
582 1905 737 1974 τυχὸν,
776 1905 922 1972 ἤγουν
961 1906 1113 1973 ἑτέρου
1147 1929 1228 1957 του
1264 1911 1358 1957 τῶν
1392 1906 1447 1975 ἐξ
1474 1906 1606 1972 ἀέρος
1639 1907 1885 1974 ἀρῥωστη-

312 1987 486 2052 μάτων,
536 1987 770 2052 ἀδοκήτως
820 1989 1067 2040 αὐαίνεται.
1156 1989 1386 2040 διαπίπτει
1438 1987 1485 2039 δὲ
1536 1990 1655 2039 οὕτω
1707 1990 1782 2039 καὶ
1832 1987 1891 2038 τὰ

314 2069 595 2136 ἀνθρώπινα,
636 2072 710 2120 καὶ
755 2069 1170 2135 κατασκήπτουσιν
1209 2069 1313 2121 ἔσθ’
1354 2070 1428 2121 ὅτε
1466 2070 1651 2121 πόλεων
1686 2072 1760 2121 καὶ
1793 2093 1888 2138 χω-

314 2157 410 2218 ρῶν
443 2154 601 2219 πικραὶ
640 2154 714 2203 καὶ
749 2152 993 2204 δύσοιστοι
1024 2155 1281 2222 συμφοραὶ,
1306 2152 1613 2204 διολλύουσαι
1644 2153 1718 2203 καὶ
1751 2175 1891 2203 κατα-

277 2235 593 2304 οφθείρουσαι
637 2233 801 2301 μικρόν
843 2257 892 2285 τε
933 2237 1008 2285 καὶ
1050 2235 1213 2301 με’γαν.
1278 2236 1400 2289 τίνος
1441 2234 1533 2301 γὰρ
1577 2233 1634 2285 ἂν
1674 2235 1891 2303 φείσαιτο

314 2318 552 2381 πολεμίων
596 2317 748 2386 ξίφος,
793 2315 835 2380 ἢ,
882 2317 992 2385 φέρε
1039 2322 1191 2379 εἰπεῖν,
1236 2315 1412 2380 λοιμὸς,
1448 2317 1592 2383 ἄρδην
1635 2317 1892 2382 ἀποκείρων

314 2400 388 2449 καὶ
423 2397 504 2449 τὸν
536 2401 583 2449 ἐν
617 2398 809 2468 πλούτῳ
842 2401 916 2450 καὶ
951 2398 1108 2468 δόξαις
1143 2402 1216 2450 καὶ
1249 2399 1537 2452 δυναστείαις
1572 2401 1789 2467 διαφανῆ,
1817 2400 1892 2449 καὶ

313 2479 396 2532 τὸν
434 2478 622 2546 ἄσημόν
656 2504 705 2532 τε
739 2482 814 2532 καὶ
845 2481 1230 2549 κατεῤῥιμμένονς
1271 2480 1434 2547 γε’γονε
1465 2482 1620 2532 τοίνυν
1657 2484 1723 2549 τῷ
1759 2483 1886 2547 Προ-

316 2562 443 2631 φήτῃ
478 2566 574 2615 νυνὶ
611 2563 801 2630 πρέπων
836 2562 906 2614 ὅτι
939 2562 1154 2627 μάλιστα
1191 2568 1285 2617 τοῖς
1323 2564 1446 2632 αὐτῷ
1471 2562 1833 2626 κατειθισμένοις
1865 2563 1890 2613 ὁ

424 2735 519 2769 Haec
537 2736 589 2769 καὶ
608 2736 661 2769 διὰ
679 2735 776 2769 τοῦδε
794 2737 918 2781 σαφῶς
933 2742 1152 2770 accesserunt
1169 2748 1210 2769 ex
1225 2736 1313 2770 AB.
1327 2736 1362 2770 b.
1445 2744 1475 2780 7.
1493 2736 1653 2780 ποιμνίων
1666 2735 1742 2780 (42.
1757 2734 1833 2780 86.)
1845 2735 1889 2769 cf.

317 2781 416 2815 infra.
464 2781 515 2816 καὶ
534 2783 592 2816 alt.
611 2794 680 2816 om.
694 2782 737 2816 A.
751 2783 833 2828 (238
846 2795 953 2817 manu
971 2783 1092 2828 prima
1098 2783 1114 2828 )
1210 2784 1242 2817 8.
1261 2783 1279 2826 ἡ
1298 2795 1366 2817 orn.
1381 2782 1471 2817 Edd.
1567 2794 1599 2827 9.
1619 2783 1829 2826 διαφανεῖται
1846 2781 1890 2815 Α.

322 2839 371 2871 13.
393 2828 602 2874 ὁμοιότητός]
623 2831 815 2873 ὁμοιώσεώς
833 2831 875 2864 A.
1224 2839 1275 2872 15.
1302 2830 1353 2863 καὶ
1372 2829 1466 2864 deest
1483 2829 1516 2864 in
1537 2829 1627 2863 Edd.
1677 2832 1742 2863 τῶν
1759 2840 1827 2862 om.
1847 2829 1889 2862 A.

321 2876 371 2907 16.
399 2875 547 2910 πεδιὰς.
587 2875 872 2921 .κατεστεμμενη]
892 2876 1012 2911 πέδια.
1075 2891 1342 2921 ,κατεστεμμενα
1361 2877 1403 2910 Α.
1556 2877 1607 2910 18.
1634 2877 1752 2919 λοιμοῦ
1769 2873 1888 2920 τυχὸν]

316 2922 416 2963 λιμοῦ
434 2936 521 2957 τινος
540 2903 581 2955 A.
846 2935 901 2957 20.
929 2924 980 2957 καὶ
1001 2924 1095 2968 prius
1115 2935 1182 2957 orn.
1204 2924 1244 2957 A.
1498 2933 1552 2957 21.
1579 2923 1631 2956 καὶ
1649 2922 1744 2967 prius
1762 2933 1830 2956 om.
1846 2922 1875 2955 A

317 2967 575 3012 διαφθείρουσαι
597 2969 636 3003 Β.
836 2971 993 3015 3.λοιμ(’)
988 2970 1029 3015 ς]
1050 2971 1147 3013 λιμὸς
1164 2971 1206 3004 A.
1256 2970 1440 3015 ἅποκειρων
1462 2969 1500 3003 Β.
1520 2970 1686 3014 ἀποκείρει
1706 2967 1796 3002 Edd.

1910 1271 1956 1296 10

1910 2091 1959 2116 20
