2021 3434
145 214 188 255 ii.
215 228 279 265 12,
307 228 370 270 13.
544 217 618 259 IN
659 217 1045 259 MICHAEAM.
1105 216 1255 257 TOM.
1290 215 1325 255 Ι.
1633 213 1715 252 643

145 326 224 389 “ή
257 326 392 395 ψυχή
426 351 517 391 μου
551 330 625 380 ἐπὶ
651 334 746 383 τοῖς
773 328 1114 397 ἀνῃρημε’νοις.”
1167 329 1287 377 οὕτω
1324 326 1399 376 καὶ
1433 325 1458 374 ὁ
1495 322 1718 388 μακάριος

145 407 404 475 Προφήτης
435 411 644 478 Μιχαίας
676 411 797 461 ε”οικέ
824 434 922 464 πως
957 412 1070 476 ὁρᾶν
1100 408 1182 460 τὸν
1215 410 1263 458 ἐν
1293 412 1393 461 ταῖς
1429 405 1604 458 πόλεσι
1635 407 1718 468 τῆς

144 492 406 556 Σαμαρείας
437 492 662 554 ἐσόμενον
689 491 904 558 θόρυβον,
930 491 1243 554 πτοουμένους
1280 513 1329 540 τε
1366 489 1454 552 ἤδη
1491 485 1716 547 πολλοὺς,

142 574 404 640 φεύγοντας
432 576 479 626 δὲ
506 579 581 626 καὶ
605 577 796 642 ἑτέρους,
822 578 950 644 τείχη
974 599 1022 626 τε
1056 578 1130 626 καὶ
1165 574 1373 643 τάφρους
1398 571 1715 638 ὑπερθέοντας,

100 657 217 708 5καὶ
261 656 379 707 αὐτά
417 680 508 708 που
549 657 608 708 τά
649 663 742 708 τῶν
782 658 1021 722 πολεμίων
1060 657 1211 724 στίφη
1260 654 1597 723 διαῤῥηγνύντα
1634 652 1718 716 μὲν

140 736 307 800 πύλας,
332 737 607 806 εἷσχεόμενα
642 739 690 790 δὲ
723 737 773 791 δι’
808 744 958 791 αὐτῶν
995 745 1090 793 τοῖς
1129 744 1383 803 κρατοῦσιν
1415 738 1545 800 ὁμοῦ,
1571 759 1710 799 μονο-
1734 755 1757 779 a
1788 745 1866 779 416
1884 744 1936 778 A·

141 821 271 886 νουχὶ
321 823 444 871 Θεοῦ
492 820 866 887 προασπίζοντος
913 823 988 872 καὶ
1037 826 1133 875 τοῖς
1182 821 1238 889 ἐξ
1284 820 1476 883 αἵματος
1517 817 1718 883 Ἰσραὴλ

140 900 457 967 ἐπιθήγοντος,
502 905 565 956 ὡς
613 904 952 967 λελυπημένου.
1033 904 1198 953 οὐκοῦν
1242 904 1362 953 οὕτω
1408 901 1531 967 φησὶ
1568 922 1715 949 κατα-

139 983 504 1048 πτοηθήσονται,
531 987 593 1039 ὡς
616 984 675 1035 ἂν
700 989 737 1036 εἰ
760 987 834 1036 καὶ
861 987 1084 1055 πρόβατον
1111 985 1147 1035 ἐν
1173 980 1330 1051 θλίψει
1357 981 1536 1047 γε’νοιτο
1562 978 1718 1048 τυχὸν,

67 1087 122 1135 1¹0
141 1065 285 1131 ἤγουν
316 1066 430 1117 ὅλον
463 1068 672 1136 ποίμνιον,
710 1071 746 1118 εἰ
784 1066 1030 1132 κοιτάζοιτο
1063 1065 1148 1130 μὲν
1185 1067 1233 1116 ἐν
1271 1063 1444 1125 τόποις,
1471 1061 1569 1113 εἶτά
1601 1085 1720 1116 τινες

139 1147 391 1208 βούλοιντο
429 1154 610 1212 λαβεῖν,
644 1149 740 1200 ἄνω
772 1172 821 1200 τε
855 1151 931 1200 καὶ
968 1147 1095 1199 κάτω
1131 1150 1354 1211 πηδῶντα
1387 1145 1446 1196 τὰ
1477 1145 1721 1209 θρέμματα

141 1228 408 1299 καταθεῷτό
446 1254 516 1285 τις
553 1230 624 1293 ἂν,
662 1233 736 1282 καὶ
770 1229 889 1298 ᾗπερ
924 1228 981 1280 ἂν
1017 1228 1196 1296 γε’νοιτο
1235 1226 1444 1290 διακοπὴ,
1483 1228 1537 1277 δι’
1579 1228 1719 1290 αὐτῆς·

142 1309 271 1361 ἰόντα
316 1313 391 1362 καὶ
436 1311 686 1378 φεύγοντα·
740 1314 861 1363 οὕτω
901 1314 1024 1380 φησὶ
1064 1313 1278 1370 κάκεῖνοι,
1317 1310 1422 1361 καθ’
1460 1307 1526 1359 ὧν
1566 1307 1622 1359 ἂν
1660 1308 1763 1358 ’ίοι1)

142 1397 237 1443 τῶν
274 1395 595 1454 Βαβυλωνίων
636 1396 662 1445 ὁ
700 1393 921 1459 πόλεμος.
988 1391 1313 1445 διακόπτοντες
1351 1391 1398 1442 δὲ
1437 1393 1512 1442 καὶ
1549 1390 1721 1453 πύλαις,

78 1492 124 1530 15
144 1474 358 1541 ὁρώντων
385 1463 552 1538 αὐτῶν,
586 1476 688 1538 ἤτοι
722 1476 804 1546 προ
843 1475 1078 1544 προσώπου
1117 1474 1270 1533 αὐτῶν,
1297 1472 1652 1524 εἰσελεύσονταί
1672 1496 1721 1523 τε

143 1562 219 1611 καὶ
269 1559 575 1630 ἐξελεύσονται
625 1558 675 1611 δι’
723 1564 889 1623 αὐτῶν,
936 1559 1195 1622 τουτέστιν,
1240 1560 1441 1624 ἀμογητὶ
1489 1560 1565 1608 καὶ
1613 1558 1722 1624 δίχα

143 1641 300 1710 φόβου
341 1642 514 1697 παντὸς
560 1639 862 1694 §tenedo-ouran
903 1645 965 1696 εἰς
1003 1640 1085 1695 τὰς
1129 1640 1304 1702 πόλεις,
1350 1639 1491 1690 αὐτὸν
1540 1638 1721 1707 ἔχοντες

142 1723 399 1789 ἡγούμενον
436 1722 519 1774 τὸν
556 1728 650 1775 τῶν
688 1723 814 1775 ὅλων
843 1723 1001 1792 Κύριον·
1044 1723 1114 1773 ὅτι
1143 1721 1208 1786 μὴ
1234 1725 1316 1785 τῆς
1348 1722 1530 1772 ἐκείνων
1557 1720 1723 1788 ἰσχύος

144 1805 281 1872 ἔργον
313 1804 371 1870 ἧν
404 1804 458 1857 τὸ
495 1808 847 1872 κατακρατῆσαι
881 1811 963 1856 τοῦ
988 1803 1204 1870 Ἰσραὴλ,
1232 1804 1420 1865 νεύματι
1455 1802 1503 1854 δὲ
1533 1807 1724 1866 μᾶλλον

79 1906 127 1931 20
144 1893 226 1939 τοῦ
250 1887 450 1954 Ἰσραὴλ
475 1890 642 1956 ψῆφος
672 1892 754 1939 τοῦ
783 1885 1074 1954 παραδόντος
1101 1890 1238 1937 Θεοῦ.
1301 1891 1448 1936 ταῦτα
1482 1886 1728 1948 συμβῆναί

146 1974 315 2038 φαμεν,
354 1973 429 2020 καὶ
467 1974 561 2023 τοῖς
599 1973 661 2023 εἱς
700 1968 840 2020 αὑτὸν
874 1968 1237 2037 πεπαρῳνηκόσι
1274 1966 1356 2018 τὸν
1393 1965 1715 2031 Ἐμμανουήλ.

144 2051 462 2119 πεπόρθηνται
511 2050 602 2118 γὰρ
658 2055 705 2102 αἱ
760 2052 869 2118 παρ’
923 2052 1078 2105 αὐτοῖς
1129 2049 1290 2103 πόλεις
1337 2073 1386 2101 τε
1446 2052 1521 2100 καὶ
1572 2054 1721 2113 κῶμαι

147 2135 517 2186 Οὐεσπασιανοῦ
550 2156 599 2184 τε
633 2136 709 2185 καὶ
746 2134 890 2185 Τίτου
924 2132 1336 2198 κατακρατούντων
1374 2130 1493 2194 τότε,
1531 2133 1605 2182 καὶ
1639 2131 1718 2183 τὸν
1738 2151 1760 2176 0

147 2221 272 2269 θεῖον
295 2217 363 2269 ἐπ’
391 2217 544 2270 αὐτοῖς
568 2216 876 2282 πληρούντων
905 2215 1064 2278 θυμόν.

198 2464 229 2488 2.
256 2455 318 2499 ὁρᾳ
334 2453 525 2488 Aubertus.
726 2464 759 2498 3.
785 2451 1057 2497 τε-φεύγοντας
1075 2449 1128 2495 δέ]
1148 2465 1183 2484 τε
1201 2456 1234 2483 et
1251 2449 1287 2483 δὲ
1305 2450 1395 2483 inter
1412 2460 1448 2482 se
1464 2448 1659 2493 transponit
1675 2447 1720 2482 A.

134 2542 136 2545 .
150 2513 184 2543 4.
203 2500 255 2534 καὶ
274 2501 370 2546 prius
387 2506 608 2545 assumptum
626 2512 667 2534 ex
686 2500 728 2534 A.
777 2500 818 2533 τὰ
834 2501 949 2543 φόβου
965 2498 1178 2543 περιθέοντας
1195 2508 1258 2542 pro
1275 2497 1425 2542 τάφρους
1442 2495 1663 2538 ὖπερθέοντας
1675 2495 1721 2528 Α.

151 2558 184 2590 5.
208 2562 273 2582 που
291 2554 512 2592 assumptum
529 2559 571 2580 ex
590 2547 632 2581 A.
682 2546 940 2592 διαῤῥηγνῦντας
957 2546 1001 2579 Α.
1412 2554 1464 2576 12.
1514 2541 1719 2588 καταθεῲτό]

151 2595 278 2628 κατίδοι
298 2594 340 2628 Β.
387 2592 472 2638 ᾗπερ
492 2594 533 2628 Β.
551 2593 645 2637 εἵπερ
664 2594 755 2628 Edd.
1286 2601 1339 2634 13.
1366 2589 1463 2623 Haec
1482 2590 1533 2622 καὶ
1550 2588 1722 2634 φεύ-γοντα

150 2647 371 2675 accesserunt
388 2653 428 2674 ex
447 2642 490 2674 A.
538 2639 698 2686 κάκεῖνοι]
722 2645 759 2681 -ξ-
781 2641 811 2673 οἱ
828 2640 872 2674 A.
1248 2646 1301 2682 15.
1327 2651 1362 2670 τε
1379 2640 1601 2680 assumptum
1618 2647 1660 2669 ex
1676 2635 1721 2670 A.

155 2687 208 2722 16.
234 2689 350 2732 φόβου
367 2688 446 2732 δίχα
462 2687 532 2720 inv.
550 2687 626 2722 ord.
644 2689 688 2722 A.
910 2695 963 2730 17.
989 2683 1218 2719 ὃιελεύσονται
1236 2684 1280 2718 εἷς
1298 2684 1341 2717 A.
1359 2681 1610 2717 εἰσελεύσονται
1629 2681 1721 2716 Edd.

151 2734 270 2774 αὐτῶν,
288 2746 362 2778 pro,
382 2735 481 2768 αὐτὸν
496 2734 541 2769 Α.
848 2734 970 2767 18-20.
996 2732 1047 2765 ὅτι
1063 2731 1360 2775 μὴ-παραδόντος
1378 2731 1464 2763 Θεοῦ
1482 2729 1608 2763 desunt
1624 2729 1660 2762 in
1679 2728 1722 2762 Β.

156 2792 209 2825 19.
235 2783 294 2814 τοῦ
318 2792 381 2825 pro
405 2782 444 2815 τὸ
468 2781 512 2816 Α.
577 2780 702 2815 Statim
731 2780 979 2822 κατακρατῆσαι
1003 2779 1047 2812 A.
1073 2779 1236 2822 κρατῆσαι
1264 2776 1355 2810 Edd.
1419 2775 1722 2821 νεύματι-ψῆφος

151 2829 212 2861 τοῦ
229 2828 273 2861 Α.
290 2827 380 2861 ἀλλὰ
399 2827 491 2862 Edd.
675 2839 729 2862 20.
755 2826 930 2870 συμφῆναί
947 2825 1137 2859 Aubertus.
1327 2834 1380 2857 22.
1407 2822 1485 2868 παρ’
1503 2823 1615 2858 αὐτοῖς
1631 2822 1721 2857 Α.Β.

152 2872 229 2919 παρ’
248 2874 356 2908 αὐτῶν
373 2874 464 2908 Edd.
656 2886 710 2920 23.
737 2871 1025 2918 κατακρατοῦντων
1044 2872 1085 2906 Α.
1105 2870 1311 2915 κρατούντων
1330 2869 1420 2904 Edd.

887 3088 1010 3127 452
