2021 3434
112 189 138 228 i.
167 202 230 244 19,
255 203 320 233 20.
566 192 639 232 IN
680 191 956 233 JOELEM.
1016 190 1166 231 TOM.
1200 189 1236 230 Ι.
1607 188 1688 228 311

185 303 280 352 Καὶ
313 307 409 356 τοῖς
444 302 635 369 ἀλόγοις
666 308 760 354 τῶν
797 303 924 370 ζώων
960 302 1062 353 ἔσθ’
1099 301 1174 352 ὅτε
1211 301 1506 367 περιτίθησιν
1544 297 1692 365 λόγον

108 382 136 446 ἡ
171 382 482 439 θεόπνευστος
516 384 694 454 γραφὴ,
736 384 819 439 τὰς
860 390 954 436 τῶν
994 383 1289 450 πραγμάτων
1332 382 1501 450 φύσεις
1538 385 1601 436 εἷς
1637 379 1691 432 τὸ

106 465 271 532 εὕχαρί
303 489 353 517 τε
387 470 462 518 καὶ
506 468 701 521 ἀστείως
740 467 848 535 ε”χον
888 466 1110 534 εὐτέχνως
1155 465 1562 526 διαποικίλλουσα,
1616 465 1691 514 καὶ

107 545 203 597 οἷον
241 548 289 598 ἐν
327 548 426 611 ἤθει
462 548 721 618 γράφουσα
754 548 837 602 τὰς
871 549 1146 613 οἰκονομίας,
1174 545 1237 597 ὧν
1272 545 1328 597 ἂν
1361 546 1530 612 πρέποι
1556 549 1690 597 νοεῖν.

65 642 86 680 5
107 626 204 680 εἶτα
229 631 279 681 τί
299 630 353 681 τὸ
381 635 550 695 θαῦμα,
576 630 663 681 κᾶν
697 635 734 682 εἰ
767 628 997 699 δαμάλεις
1032 630 1164 694 λέγοι
1198 628 1507 697 διασκιρτῆσαι
1534 626 1691 694 τυχὸν,
1710 635 1737 676 b

111 716 316 766 κλαῦσαί
337 738 384 766 τε
412 717 636 776 βουκόλια
663 715 806 774 βοῶν;
848 714 1097 784 άφορήτως
1121 714 1214 780 γὰρ
1242 712 1360 764 αὐτὰ
1390 712 1689 778 καταπιέζον-

107 819 186 850 τος
215 802 298 847 τοῦ
324 803 478 860 λιμοῦ,
502 796 625 865 τάχα
662 820 760 851 πως
796 799 872 847 καὶ
907 797 1223 865 ἀνεσκίρτησαν
1258 793 1316 845 ἂν
1351 797 1426 845 καὶ
1463 792 1691 857 τεθνήκα-

107 901 201 941 σιν,
240 878 366 945 ε’ίπερ
391 877 449 942 ἧν
475 879 697 943 α’ίσθησις
724 879 878 932 αὐτοῖς
903 882 998 928 τῶν
1022 876 1408 942 ἐπενηνεγμένων.
1455 874 1695 945 ἠφανίσθαι

108 959 163 1010 δέ
199 964 323 1028 φησι
369 957 596 1029 Θησαυροῦς
641 963 716 1011 καὶ
764 960 1095 1028 κατεσκαφθαι
1135 957 1300 1022 ληνοὺς,
1345 959 1557 1021 οὐδεμιᾶς
1606 980 1697 1008 που

43 1066 90 1092 10
107 1041 231 1109 τάχα
279 1044 527 1111 φροντίδος
578 1042 856 1112 ἠξιωμένας,
910 1042 1058 1093 διάτοι
1111 1040 1165 1092 τὸ
1228 1040 1372 1105 μηδὲν
1428 1041 1485 1109 ἐξ
1537 1041 1698 1106 ἀγρῶν

107 1125 447 1190 συλλέγεσθαι,
475 1124 605 1175 ἀλλὰ
638 1124 872 1191 δρεπάνην
902 1124 987 1188 μὲν
1021 1126 1273 1190 ἀπρακτεῖν
1305 1122 1391 1187 τὴν
1420 1124 1468 1173 ἐν
1499 1121 1698 1191 ἀμπέλῳ

109 1210 184 1257 καὶ
209 1206 388 1273 βοτρύϊ,
415 1206 560 1276 ξηρὸν
587 1207 634 1258 δὲ
666 1206 722 1271 δὴ
749 1207 872 1275 τάχα
899 1209 975 1258 καὶ
1001 1205 1387 1274 ἀτελεσφόρητον
1413 1210 1510 1259 τοῖς
1536 1207 1699 1271 ἀγροῖς

110 1290 430 1340 ἐπικεκλίσθαι
482 1288 564 1340 τὸν
614 1289 813 1356 στάχυν.
887 1288 1110 1357 ταύτῃτοί
1155 1294 1278 1356 φασι
1318 1290 1375 1339 Τί
1422 1287 1698 1355 αποθήσομεν

112 1371 308 1433 ἑαυτοῖςς
368 1371 438 1423 ὅτι
477 1371 538 1435 δὲ,
585 1374 646 1425 ὡς
697 1372 829 1440 ἔφην,
874 1377 970 1425 τοῖς
1013 1376 1107 1422 τῶν
1157 1375 1351 1437 καρπῶν
1395 1370 1578 1437 ἡμέροις
1621 1373 1737 1421 mic

48 1454 243 1507 15αὐταὶ
280 1455 668 1505 συνδιολώλασιν
712 1458 759 1505 αὶ
800 1457 880 1518 τῆς
925 1453 1096 1521 ἐρήμου
1137 1452 1262 1516 πόαι,
1299 1453 1584 1517 καθίστησιν
1620 1454 1693 1503 ἐν-

110 1535 261 1602 αργὲς,
289 1535 525 1605 ἠφανίσθαι
560 1534 715 1602 λέγων
750 1539 824 1587 καὶ
863 1536 982 1588 αὐτὰ
1018 1536 1096 1587 τῶν
1121 1538 1363 1607 προβάτων
1397 1534 1456 1586 τα
1495 1536 1694 1603 ποίμνια,

109 1623 232 1689 λιμῷ
265 1618 321 1683 δὴ
364 1618 552 1672 πάντως
591 1619 962 1688 κατεφθαρμένα,
998 1621 1073 1670 καὶ
1111 1623 1196 1684 τῆς
1235 1617 1468 1683 συνήθους
1506 1619 1581 1668 καὶ
1616 1622 1694 1686 φι-

109 1700 332 1766 λαιτάτης
358 1702 511 1755 αὐτοῖς
535 1701 819 1767 ἐστερημένοι
843 1704 1000 1767 νομῆς.
1070 1699 1332 1770 ἐφαρμόσει
1363 1700 1411 1750 δὲ
1446 1701 1520 1750 καὶ
1546 1704 1694 1750 ταῦτα

109 1789 275 1854 σοφῶς
319 1789 418 1838 ταῖς
461 1784 698 1835 Ἰουδαίων
747 1789 1030 1851 συμφοραῖς,
1083 1783 1125 1834 οἳ
1175 1781 1586 1852 πεπαρῳνήκασιν,
1632 1783 1695 1836 ὡς

43 1892 92 1916 20
110 1867 242 1934 ἔφην,
267 1871 327 1921 εἷς
353 1866 436 1918 τὸν
459 1871 553 1917 τῶν
581 1866 707 1917 ὅλων
734 1869 934 1933 Σωτῆρα
959 1866 1191 1932 Χριστόν.

108 2046 220 2104 Πρὸς
247 2048 305 2098 σὲ,
335 2046 469 2103 Κύριε,
497 2048 717 2098 Βούσομαι,
746 2049 809 2089 ὅτι
840 2050 918 2103 Πῦρ
945 2047 1144 2088 ἀνήλωσε
1170 2046 1220 2087 τὰ
1248 2042 1387 2102 ὡραῖοι
1414 2050 1488 2086 τῆς
1515 2044 1689 2101 ἐρήμου,
1715 2056 1759 2091 19

173 2131 241 2171 καὶ
267 2130 378 2186 φλὸξ
404 2130 543 2180 ἀνῆψε
569 2131 707 2171 Πάντα
738 2130 789 2171 τὰ
828 2131 930 2172 Ξύλα
958 2133 1030 2171 τοῦ
1054 2133 1193 2186 etl-pos),
1222 2131 1290 2171 καὶ
1315 2130 1453 2170 Πάντα
1480 2129 1530 2169 τὰ
1559 2128 1688 2169 κτύνΗ
1710 2135 1738 2174 d

170 2219 242 2255 τοῦ
273 2213 420 2255 nebim)
453 2215 694 2265 ἀνέβλεψαν
732 2213 840 2271 Πρὸς
878 2215 937 2266 σὲ,
964 2215 1029 2256 ὅτι
1066 2214 1362 2271 ὲΞΗράνθΗσαν
1390 2213 1565 2268 ἀφέσεις
1593 2211 1692 2253 ὐὸό(υ
1714 2233 1762 2258 20

173 2313 271 2348 των,
300 2298 367 2338 καὶ
394 2300 475 2354 Πῦρ
504 2301 718 2354 κατεφαΓε
745 2299 795 2340 τὰ
824 2296 963 2355 ὡραῖα
991 2303 1064 2339 τῆς
1091 2298 1265 2354 ἐρήμου.

41 2417 88 2454 25
180 2396 347 2467 ιΩροιῖα
385 2397 469 2461 μὲν
503 2400 575 2454 τῆς
612 2400 758 2466 ἐρήμου
794 2401 916 2467 φησὶ
950 2397 1008 2449 τά
1047 2400 1094 2448 ἐν
1132 2400 1304 2451 πεδίοις
1330 2396 1452 2464 τάχα
1483 2419 1574 2447 που
1600 2401 1695 2451 τοῖς

159 2555 188 2578 1.
214 2559 323 2589 περιτ.
341 2546 447 2590 λόγον
463 2545 530 2579 hoc
548 2546 667 2579 ordine
687 2546 729 2580 B.
881 2557 911 2579 2.
938 2545 1160 2591 πραγμάτων]
1180 2546 1335 2590 πράξεων
1353 2545 1445 2579 Edd.
1494 2544 1541 2580 εἷς
1558 2557 1628 2579 om.
1648 2545 1691 2579 B.

108 2601 141 2635 3.
168 2591 330 2635 ἐντέχνως
346 2592 405 2625 iid.
571 2605 604 2634 4.
631 2592 712 2626 εἵθει
731 2591 820 2637 (Sic)
838 2592 897 2626 iid.
917 2592 995 2626 εἴδει
1014 2604 1031 2625 e
1050 2605 1114 2626 suo
1132 2593 1280 2626 correxit
1299 2592 1434 2636 Bligne.
1593 2602 1627 2637 5.
1653 2594 1692 2626 τὸ

107 2646 329 2682 assumptum
348 2650 389 2671 ex
410 2638 451 2672 Β.
502 2639 661 2682 δαμάλεις
687 2639 781 2684 λέγοι
801 2638 1056 2684 διασκιρτῆσαι]
1085 2640 1228 2683 δάμαλις
1251 2640 1389 2684 λέγοιτο
1416 2639 1614 2684 διασκιρτᾶν
1631 2639 1691 2673 iid.

107 2683 140 2717 6.
167 2685 421 2726 καταπιέζοντος
434 2687 493 2718 τοῦ
511 2685 627 2730 λιμοῦ]
649 2686 881 2727 κατεπιέζοντο
898 2687 943 2732 τῷ
962 2688 1049 2731 λιμῷ
1070 2686 1129 2720 iid.
1342 2694 1374 2729 7.
1400 2684 1440 2719 ἂν
1456 2697 1525 2719 om.
1546 2686 1588 2720 Β.
1638 2687 1691 2720 καὶ

106 2729 323 2776 τεθνήκασιν]
344 2733 396 2764 καὶ
413 2731 655 2775 τεθρηνὴκασιν
671 2732 768 2777 ἀγροὶ
787 2732 846 2766 iid.
1060 2733 1093 2765 8.
1119 2731 1280 2776 αἴσθησις
1297 2732 1410 2767 αὐτοῖς
1426 2732 1492 2767 hoc
1509 2733 1630 2767 ordine
1648 2733 1691 2768 B.

111 2788 164 2811 10.
191 2775 392 2821 ἠξιωμένους
409 2778 468 2811 iid.
677 2790 728 2812 12.
758 2779 854 2812 Haec
872 2778 912 2823 δὴ
929 2779 1017 2824 τάχα
1034 2788 1216 2823 assumpta
1233 2791 1273 2812 ex
1294 2779 1335 2812 B.
1540 2791 1593 2824 13.
1619 2780 1692 2814 ἐπι-

108 2823 301 2869 κεκλίσθαι]
323 2823 502 2858 ἐπικλίνειν
520 2824 580 2859 iid.
629 2840 680 2859 τοι
698 2831 920 2870 assumptum
939 2837 979 2859 ex
998 2825 1039 2859 Β.
1091 2825 1215 2860 Statim
1234 2827 1324 2872 φησὶ
1342 2825 1402 2860 iid.
1572 2837 1624 2872 17.
1651 2827 1692 2871 δὴ

108 2877 331 2915 assumptum
349 2883 389 2904 ex
410 2871 452 2904 B.
736 2873 788 2906 18.
819 2871 936 2918 νομῆς]
958 2873 1040 2917 ζωῆς
1057 2872 1115 2906 iid.
1380 2884 1432 2918 19,
1453 2884 1507 2908 20.
1536 2873 1633 2908 Haec
1649 2875 1693 2910 ὡς

107 2918 196 2963 ἔφην
213 2924 245 2951 et
262 2919 320 2951 τὸν
336 2921 402 2951 τῶν
419 2917 508 2951 ὅλων
525 2920 662 2962 Σωτῆρα
680 2927 860 2964 assumpta
878 2931 919 2953 ex
940 2919 979 2953 Β.
1396 2931 1450 2954 21.
1476 2919 1630 2964 ἠνάλωσε
1651 2921 1688 2955 F.

111 2975 164 2997 22.
192 2965 298 2998 πάντα
317 2965 374 2998 alt.
393 2965 536 2999 accessit
554 2978 594 3000 ex
614 2966 655 3000 B.
965 2977 1019 3011 23.
1045 2966 1218 3012 ἀνέβλεψε
1240 2966 1322 3001 B.F.
1344 2967 1476 3013 (Alex.)
1494 2967 1693 3014 ἀνέβλεψαν

113 3010 203 3045 Edd.
224 3011 322 3055 (Vat.
342 3012 381 3056 N)
668 3025 720 3056 24.
749 3014 851 3059 ὡραῖα
870 3025 939 3048 om.
961 3013 1052 3048 Edd-
