2021 3434
87 712 142 742 Es.
157 712 176 742 i.

91 766 202 794 ¹0-14·

307 191 391 230 470
700 191 749 230 B.
792 189 1067 230 CYRILLI
1109 190 1488 231 ALEXANDR.
1659 207 1698 232 v.
1724 204 1790 240 21,
1815 202 1879 231 22.

307 303 402 352 τοῖς
438 300 641 365 ὑψηλοῖς
676 302 734 366 τῇ
770 298 906 348 Βάαλ
932 301 1004 349 καὶ
1041 303 1097 366 τῇ
1132 302 1334 366 στρατιᾷ
1365 304 1448 349 τοῦ
1478 299 1674 363 οὐρανοῦ
1698 300 1881 363 προσῆ-

307 401 393 443 γον
422 378 646 441 σπονδὰς,
673 379 1026 431 ὑπεπλάττοντο
1064 379 1112 431 δὲ
1149 379 1266 446 πρὸς
1304 379 1452 448 τούτῳ
1488 383 1562 430 καὶ
1594 382 1676 443 τῆς
1712 383 1772 433 εἱς
1801 378 1883 430 τὸν

308 462 449 526 νόμον
475 465 631 518 αἰδοῦς
655 469 888 515 ποιεῖσθαι
914 465 1153 533 φροντίδα,
1181 466 1255 515 καὶ
1287 467 1594 529 ἀποπληροῦν
1618 464 1885 529 ἐπείγεσθαι

307 547 382 594 καὶ
425 545 592 597 θυσίας
632 547 708 596 καὶ
750 547 911 616 ἑορτάς.
977 547 1086 596 ἀλλ’
1129 545 1198 596 ὅτι
1238 551 1385 596 ταῦτα
1428 545 1682 608 μεμίσηκεν
1721 546 1746 595 ὁ
1791 548 1885 594 τῶν

309 625 435 676 ὅλων
461 625 776 693 Δημιουργὸς,
803 629 878 678 καὶ
913 627 988 678 διὰ
1027 630 1186 695 φωνῆς
1207 627 1415 678 (Ησαίου
1454 626 1657 696 φανερὸν
1691 628 1885 677 ἐποιεῖτο
1905 642 1926 681 5

308 708 463 773 λέγων
488 715 513 737 “
531 709 795 759 Ἀκούσατε
822 708 968 774 λόγον
997 710 1184 774 Κυρίου,
1211 709 1433 776 ἄρχοντες
1459 709 1695 772 Σοδόμων·
1734 730 1886 774 προσ-

310 797 336 818 “
362 789 488 857 ε’χετε
528 790 670 854 νόμον
715 794 852 853 Θεοῦ,
893 790 1010 845 λαὸς
1049 790 1309 858 Γομόρρας·
1365 793 1413 841 τί
1450 813 1529 854 μοι
1572 793 1756 854 πλῆθος
1794 794 1887 840 τῶν

308 878 335 900 “
362 875 539 922 θυσιῶν
566 874 706 935 ὑμῶν,
742 872 867 938 λέγει
897 873 1099 939 Κύριος;
1139 872 1326 938 πλήρης
1356 873 1445 935 εἰμὶ
1483 870 1888 935 ὁλοκαυτωμάτων

310 960 335 982 “
362 959 518 1019 κριῶν,
553 957 627 1005 καὶ
662 954 807 1021 στέαρ
841 957 993 1021 ἀρνῶν
1030 957 1104 1005 καὶ
1142 954 1256 1018 αἷμα
1293 954 1476 1021 ταύρων
1508 957 1582 1005 καὶ
1616 952 1804 1020 τράγων
1835 955 1888 1004 οὑ

310 1042 335 1064 “
361 1036 612 1100 βούλομαι,
658 1038 757 1087 οὐδ’
800 1036 857 1087 ἂν
895 1037 1097 1104 ἐρχησθε
1144 1038 1351 1103 ὀφθῆναί
1397 1055 1488 1099 μοι·
1544 1038 1612 1090 τίς
1655 1035 1748 1102 γὰρ
1791 1036 1886 1105 ἐξε-
1910 1056 1957 1082 10

309 1124 335 1146 “
364 1115 534 1182 ζήτησε
560 1125 707 1169 ταῦτα
732 1121 781 1170 ἐκ
815 1124 909 1170 τῶν
934 1124 1100 1187 χειρῶν
1127 1121 1284 1182 ὑμῶν;
1325 1125 1487 1170 πατεῖν
1512 1119 1595 1184 τὴν
1624 1118 1773 1183 αὐλήν
1797 1142 1889 1183 μου

309 1207 335 1227 “
362 1200 415 1250 οὐ
463 1200 818 1266 προσθήσεσθε.
882 1200 961 1252 ἐὰν
1013 1202 1182 1270 φέρητε
1227 1203 1490 1264 σεμίδαλιν,
1542 1200 1753 1264 μάταιον·
1808 1205 1888 1252 θυ-

309 1288 337 1309 c<
363 1282 525 1345 μίαμα,
566 1282 814 1349 βδέλυγμα
850 1307 930 1346 μοι
967 1284 1084 1334 ἐστί·
1134 1282 1217 1336 τὰς
1257 1284 1502 1348 νουμηνίας
1544 1285 1671 1346 ὑμῶν
1713 1286 1788 1334 καὶ
1829 1282 1888 1334 τὰ

310 1371 336 1391 “
363 1363 591 1424 σάββατα
643 1368 717 1415 καὶ
768 1366 941 1431 ἡμέραν
992 1364 1206 1430 μεγάλην
1254 1366 1334 1415 οὐκ
1387 1365 1622 1432 ἀνέχομαι·
1669 1365 1887 1430 νηστείαν

311 1452 338 1473 “
363 1448 438 1496 καὶ
488 1447 656 1511 ἀργίαν
705 1449 779 1497 καὶ
826 1446 909 1500 τὰς
959 1446 1119 1512 ἑορτὰς
1173 1449 1302 1509 ὑμῶν
1349 1452 1483 1510 μισεῖ
1521 1448 1548 1510 ἡ
1599 1446 1734 1515 ψυχή
1782 1466 1884 1511 μου·
1910 1472 1956 1510 15

313 1534 338 1555 ‘⁶
364 1527 614 1592 ἐγενήθητε
659 1551 737 1591 μοι
787 1531 848 1582 εἷς
896 1528 1228 1592 πλησμονήν.”
1307 1529 1476 1593 ταύτης
1525 1529 1758 1595 ἠρτῆσθαι
1805 1533 1887 1594 τῆς

266 1609 513 1663 ὺδιανοίας
555 1609 613 1660 τὰ
659 1609 938 1676 προκείμενα
983 1616 1152 1678 φαμεν.
1216 1612 1450 1677 μεμισηκοι
1500 1610 1592 1676 γάρ
1643 1615 1765 1678 φησι
1813 1612 1888 1662 καὶ

311 1691 599 1760 ἀπεωσάμην
643 1691 726 1747 τοις
769 1691 916 1762 ἑορτοις
964 1692 1095 1761 ὑμῶν,
1144 1694 1220 1743 καὶ
1260 1694 1342 1743 οὐκ
1381 1691 1439 1743 ἂν
1477 1693 1768 1756 ἐπαινέσαιμι
1806 1693 1889 1748 τὰς

311 1772 476 1836 θυσίας,
512 1773 610 1824 οὐδ’
644 1772 702 1824 ἂν
740 1773 896 1838 ὀσμὴν
934 1774 1122 1829 εὐωδίας
1160 1776 1569 1840 καταλογισαίμην
1606 1774 1796 1826 πώποτε
1829 1775 1889 1826 τὰ

312 1856 675 1923 ὁλοκαυτώματα
733 1858 809 1907 καὶ
861 1855 945 1910 τὰς
998 1856 1112 1923 ὑπὲρ
1161 1862 1244 1907 τοῦ
1295 1859 1493 1926 σωτηρίου
1548 1857 1884 1925 προσαγωγάς.
1908 1889 1957 1914 20

310 1938 405 2001 ε’ίδη
445 1937 492 1989 δὲ
536 1944 683 1989 ταῦτα
732 1944 909 1990 θυσιῶν
960 1939 1272 2003 διεσταλμένα
1314 1939 1432 1991 κατὰ
1471 1938 1670 2006 καιροὺς,
1713 1943 1788 1992 καὶ
1827 1943 1889 1995 ὡς

310 2021 359 2070 ἐν
382 2019 509 2074 ἰδίοις
535 2020 739 2087 τρόποις.
807 2021 961 2088 ἕτερον
990 2020 1083 2087 γάρ
1113 2044 1156 2072 τι
1193 2021 1247 2072 τὸ
1286 2021 1601 2090 ὁλοκαύτωμοι,
1627 2024 1702 2073 καὶ
1735 2022 1890 2090 ἕτερον

309 2104 337 2168 ἡ
378 2103 517 2167 θυσίαι,
554 2106 636 2156 ’καὶ
683 2106 711 2169 ἡ
762 2112 844 2156 τοῦ
893 2108 1091 2173 σωτηρίου
1141 2105 1397 2174 ἐπιφάνεια,
1448 2107 1676 2169 τουτέστι,
1723 2106 1776 2158 τὸ
1828 2111 1890 2161 εἷς

310 2185 426 2255 ὄψιν
460 2188 572 2238 ἰέναι
608 2191 747 2250 Θεοῦ,
786 2189 859 2238 καὶ
899 2186 981 2241 τὰς
1020 2187 1134 2254 ὑπὲρ
1171 2193 1254 2238 τοῦ
1293 2189 1526 2255 σωτηρίου
1563 2189 1891 2256 προσκομίζειν

311 2269 494 2323 θυσίας.
1909 2294 1956 2333 25

382 2352 524 2402 Ἀλλ’
567 2351 805 2406 Ἰουδαίοις
847 2351 931 2416 μὲν
977 2351 1210 2417 πλείστην
1261 2352 1381 2417 ὅσην
1432 2352 1754 2418 ἐπιτηδεύουσι
1803 2352 1889 2418 τὴν

362 2538 391 2561 1.
417 2527 583 2573 ὑψηλοῖς]
606 2532 644 2569 -1-
665 2529 718 2562 καὶ
737 2529 778 2563 Β.
845 2528 970 2563 Statim
993 2531 1039 2574 τῷ
1066 2540 1127 2573 pro
1149 2531 1189 2573 τῇ
1214 2528 1305 2563 Edd.
1329 2529 1446 2563 invitis
1471 2529 1579 2564 libris.
1628 2528 1799 2573 Ἀστάρτῃ
1824 2541 1888 2574 pro

312 2577 454 2619 στρατιᾷ
471 2577 531 2608 τοῦ
548 2576 689 2620 οὐρανοῦ
708 2575 750 2609 Β.
940 2587 971 2610 2.
997 2578 1055 2610 τὸν
1072 2582 1294 2620 assumptum
1312 2588 1353 2609 ex
1366 2575 1457 2610 A.B.
1646 2587 1679 2621 3.
1705 2576 1889 2621 φροντίδας

312 2620 404 2654 Edd.
546 2634 579 2664 4.
606 2623 658 2655 καὶ
676 2623 773 2667 prius
791 2634 861 2656 om.
880 2622 924 2657 A.
1076 2634 1108 2665 5.
1137 2623 1221 2657 Θεὸς
1238 2634 1299 2667 pro
1317 2623 1527 2667 Δημιουργὸς
1543 2622 1587 2656 Α.
1730 2622 1763 2657 6.
1792 2623 1887 2657 Haec

311 2665 676 2714 Ἀκούσατε-Γομόρρ
679 2684 716 2704 ας
734 2669 887 2703 desunt
880 2681 915 2703 ln
934 2669 1024 2703 Edd.
1324 2678 1354 2714 7.
1386 2668 1503 2714 νόμον]
1525 2669 1582 2703 Sic
1599 2668 1702 2703 edidi.
1720 2671 1826 2715 λόγον
1842 2670 1886 2704 Α.

313 2716 402 2771 νόμῳ
423 2715 462 2748 Β.
478 2715 624 2760 (36.31.)
720 2715 1208 2762 8-16.λέγει-πλησμονὴν]
1227 2717 1281 2750 καὶ
1298 2717 1338 2750 τὰ
1355 2717 1433 2759 ἑξῆς
1451 2716 1542 2750 Edd.
1638 2716 1670 2750 8.
1697 2717 1887 2750 ὁλοκαυτω-

313 2762 425 2803 μάτων
450 2762 493 2796 A.
512 2763 555 2796 cf.
576 2762 630 2796 De
648 2762 757 2797 Ador.
782 2771 826 2808 57
852 2763 912 2804 b.;
945 2762 1072 2808 Glaph.
1094 2775 1134 2808 19
1152 2775 1182 2797 a.
1201 2775 1234 2797 V.
1252 2764 1275 2797 1.
1290 2778 1300 2804 3
1327 2764 1364 2797 in
1387 2763 1422 2797 S.
1440 2763 1544 2797 Joan.
1567 2773 1678 2805 1400.
1692 2765 1703 2796 ?
1733 2765 1887 2797 ὁλοκαυ-

313 2808 448 2850 τώματα
466 2809 508 2842 Β.
527 2809 598 2853 (51.
616 2810 676 2852 al.)
879 2821 912 2855 9.
937 2825 1067 2855 ταυρων
1086 2810 1139 2843 καὶ
1156 2810 1288 2862 τράγων
1307 2810 1349 2844 A.
1369 2810 1424 2844 De
1437 2809 1544 2843 Ador.
1563 2810 1598 2843 in
1616 2821 1704 2843 vers.
1724 2809 1824 2855 Syr.;
1850 2810 1886 2843 in

314 2852 349 2886 S.
361 2854 465 2889 Joan.
483 2856 506 2889 1.
523 2857 579 2890 cit.
597 2857 729 2901 τράγων
746 2871 798 2890 και
814 2871 944 2902 ταυρων
964 2856 1004 2891 Β.
1024 2856 1150 2901 Glaph.
1169 2858 1192 2890 l.
1208 2857 1264 2890 cit.
1411 2868 1463 2901 13.
1490 2856 1717 2900 νεομηνιαςΒ.
1736 2857 1807 2901 (23.
1826 2856 1886 2899 al.)

318 2910 370 2941 14.
395 2900 514 2945 ἀργίαν
532 2903 584 2935 καὶ
602 2905 758 2946 νηστείαν
777 2903 818 2938 Β.
941 2904 994 2937 18.
1019 2903 1223 2947 ἀπεωσάμην
1240 2903 1282 2937 Α.
1300 2903 1487 2947 ἀπωσάμην
1505 2903 1595 2938 Edd.
1726 2914 1777 2947 19.
1802 2902 1884 2936 ποτέ

314 2957 376 2988 pro
391 2949 525 2981 πώποτε
543 2949 586 2982 A.
859 2962 912 2984 21.
940 2950 968 2984 εἰ
986 2950 1022 2984 δέ
1035 2950 1075 2994 δὴ
1093 2962 1156 2994 pro
1173 2949 1243 2993 εἴδη
1261 2950 1296 2984 δε
1315 2950 1359 2984 Α.
1623 2961 1677 2984 22.
1703 2964 1734 2983 τι
1752 2960 1820 2983 om.
1839 2949 1883 2982 A.

316 3002 369 3035 23.
396 2993 495 3027 οὐσία
513 3006 574 3038 pro
592 2995 693 3029 θυσία
711 2997 753 3029 Α.
991 3008 1045 3039 24.
1071 2999 1131 3031 τοῦ
1148 3003 1368 3041 assumptum
1385 3009 1427 3031 ex
1448 2996 1487 3030 B.
