2021 3434
290 185 373 224 356
690 185 739 224 B.
782 182 1051 223 CYRILLI
1094 180 1467 222 ALEXANDR.
1627 180 1682 220 iii.
1710 180 1858 235 13-16.

252 268 273 293 e

225 321 270 355 16
358 316 508 370 φὲΓι-οε
546 314 699 354 αὐτῶν.
760 314 783 353 ὁ
820 312 866 353 δὲ
905 313 1050 369 Κύριος
1084 312 1130 352 ἐκ
1166 312 1279 353 Σιὼν
1317 311 1665 367 ἀνακεκράἓεται,
1706 311 1773 351 καὶ
1815 310 1859 351 ἐξ

348 397 631 454 Ἵερουσαλέιμ
669 396 798 439 δώσει
840 397 991 452 φωνήν
1029 397 1166 447 αὐτοῦ,
1210 396 1278 436 καὶ
1317 395 1578 437 σεισθύσεται
1616 395 1638 436 ὁ
1680 393 1861 451 οὐρανὸς

356 480 423 521 καὶ
450 481 472 521 ἐι
502 485 563 528 sfi-

362 607 438 660 Τὰ
464 607 548 671 μὲν
578 606 813 674 πρόσοικα
849 612 943 658 τῶν
976 608 1122 658 ἐθνῶν
1160 610 1242 671 τῆς
1265 607 1500 658 Ἰουδαίων
1525 608 1624 672 γῆς,
1650 603 1862 671 Ἄραβάς

468 692 481 707 Χ
577 691 591 707 X
741 691 752 707 Ι
1041 691 1052 707 Ι
1224 692 1237 707 Χ
1508 691 1521 706 X
1774 688 1784 702 Ῑ

286 714 333 742 τε
362 695 483 757 φημι
520 713 593 740 και
629 693 840 755 Τυριους,
879 693 1126 743 Γετθαιους
1165 713 1239 740 και
1280 693 1573 751 Φυλιστιειμ,
1602 691 1902 746 Μωαβιτας5

287 775 360 824 καὶ
384 772 983 835 Ἰδουμαίους,Ἀμμανι’τας
1014 774 1087 822 καὶ
1116 772 1438 838 Γεργεσαίους,
1466 772 1600 821 οἱονεὶ
1626 769 1863 835 σάλπιγγι

287 854 594 922 κεχρημένους
645 854 936 921 συναγείρειν
987 854 1226 905 ἐκέλευσεν
1279 857 1340 907 εἷς
1401 852 1486 917 τὴν
1536 851 1730 903 κοιλάδα
1781 856 1864 902 τοῦ

285 937 547 1005 Ἰωσαφὰτ,
592 939 653 990 ὡς
691 937 852 987 αὐτίκα
894 937 949 1001 δὴ
990 937 1120 999 μάλα
1165 935 1542 1004 τεθνηξομένους,
1582 936 1655 985 καὶ
1696 931 1863 999 πικρὰς

299 1021 310 1034 (
371 1020 383 1035 Ι
636 1023 655 1031 V*
768 1019 778 1035 Ι
983 1020 992 1035 Ι
1305 1019 1315 1034 Ι
1471 1017 1482 1034 ἵ
1608 1018 1622 1034 X
1728 1014 1740 1030 x
1822 1016 1831 1031 )

66 1029 219 1065 Α-24Ο
248 1019 548 1087 ἃυφεξοντας
591 1042 657 1088 τῳ
701 1042 901 1085 κρινοντι
946 1022 1088 1073 δικας·
1129 1023 1390 1084 παραθηγει
1436 1021 1482 1068 δε
1527 1039 1623 1067 νυνι
1664 1039 1770 1069 τους
1809 1013 1866 1082 εξ

285 1101 486 1167 Ἰσραὴλ
521 1105 582 1155 εἷς
616 1100 799 1168 ἄμαχόν
830 1124 932 1151 τινα
970 1102 1232 1166 προθυμίαν
1267 1102 1340 1150 καὶ
1373 1098 1664 1162 δυσάντητον
1698 1097 1862 1162 ἀλκὴν,
1885 1117 1932 1143 10
1969 1138 1974 1144 .

285 1186 360 1233 καὶ
409 1183 465 1247 δὴ
516 1182 938 1248 συναγηγερμένοις
987 1184 1290 1248 ἐπιθρώσκειν
1338 1179 1499 1247 ὥσπερ
1543 1180 1863 1244 διακελεύεται,

286 1270 379 1317 δεῖν
415 1265 461 1316 δὲ
500 1266 706 1331 ὁρᾶσθαί
741 1270 891 1333 φησιν
926 1265 1306 1327 εὐτολμοτάτους,
1334 1264 1567 1330 ἀνδρείους
1606 1264 1681 1313 καὶ
1720 1285 1864 1313 νεανι-

286 1347 405 1411 κοῦς,
433 1349 486 1399 οὐ
520 1353 615 1402 τοῖς
648 1348 859 1411 πολέμου
893 1349 1079 1411 δείμασι
1114 1347 1522 1410 κατεπτοημένους,
1550 1347 1652 1396 οὕτε
1683 1344 1776 1409 μὴν
1803 1347 1865 1398 ὡς

285 1436 348 1486 εἷς
390 1430 546 1498 μάχην
586 1429 739 1483 ἰόντας
784 1430 920 1492 ὅλως,
963 1429 1241 1496 ἡγουμένους
1291 1429 1338 1480 δὲ
1378 1433 1567 1492 μᾶλλον
1611 1427 1664 1478 τὸ
1705 1430 1864 1494 χρῆμα

285 1513 482 1582 τρυφὴν,
509 1515 584 1563 καὶ
611 1514 658 1563 ἐν
685 1513 923 1576 θυμηδίαις
950 1510 1061 1562 αὐτὸ
1088 1510 1478 1580 καταγράφοντας
1507 1512 1580 1561 καὶ
1605 1509 1865 1575 γεγηθότας
1887 1529 1932 1568 15

286 1598 333 1647 ἐν
359 1596 449 1665 ἴσῳ
475 1600 569 1649 τοῖς
604 1593 688 1648 τὰς
719 1594 774 1663 ἐξ
809 1593 1035 1656 ἀμπέλων
1069 1595 1315 1659 εὐκαρπίας
1349 1591 1655 1659 συλλέγουσι.
1720 1590 1864 1660 ταύτῃ

239 1678 362 1730 brol
398 1684 549 1746 φησιν
586 1678 972 1746 Ἐξσιποσ-τείλατε
1015 1673 1208 1743 δρέπανα,
1247 1675 1308 1726 ’ὅτι
1351 1674 1601 1742 παρέστηκε
1642 1679 1860 1743 τρυγητός”

286 1759 340 1811 τὸ
374 1761 722 1829 {Zama-femare
759 1760 910 1821 τιθεὶς,
944 1759 1046 1808 ἀντὶ
1083 1763 1165 1808 τοῦ
1200 1756 1471 1823 ἐκπέμψατε
1510 1757 1583 1807 καὶ
1623 1756 1863 1814 ἐκτείνατε,

289 1842 499 1909 καθάπερ
551 1841 712 1905 ἀμέλει
764 1843 838 1891 καὶ
901 1843 942 1890 οἱ
988 1844 1164 1906 τρυγᾶν
1212 1838 1435 1892 εἰωθότες·
1492 1838 1724 1889 κείσονται
1773 1836 1866 1905 γὰρ

288 1925 459 1988 ἕτοιμοι
509 1923 627 1990 πρὸς
676 1924 927 1988 ἀναίρεσιν,
978 1923 1203 1988 εὐτρεπεῖς
1244 1926 1306 1975 εὶς
1346 1919 1624 1984 κατατομήν.
1675 1921 1860 1972 ἀποκει-
1886 1946 1935 1971 20

286 2007 444 2073 ρέσθω
479 2008 629 2073 φησιν
660 2007 683 2056 ὁ
709 2005 944 2068 πολέμιος,
972 2007 1033 2058 ὡς
1068 2005 1124 2073 ἐξ
1158 2003 1370 2067 ἀμπέλου
1400 2004 1584 2069 βότρυς·
1624 2003 1865 2054 πατείσθω

287 2088 335 2140 δὲ
380 2088 541 2155 ὥσπερ
593 2090 640 2138 ἐν
682 2092 858 2152 ληνοῖς,
906 2085 1123 2153 σωρηδὸν
1167 2085 1255 2137 ὑπὸ
1297 2085 1444 2138 πόδας
1487 2085 1703 2149 κείμενος.
1770 2090 1862 2136 εἰσ-

285 2169 505 2237 πορεύεσθε
543 2169 638 2236 γάρ
677 2174 812 2238 φησι,
841 2172 1040 2231 πατεῖτε,
1074 2166 1177 2220 διότι
1209 2170 1376 2239 πλήρης
1410 2171 1431 2228 ἦ
1465 2167 1603 2229 ambr,
1634 2167 1862 2226 τουτέστι,

285 2253 653 2318 συγκεκόμισται
687 2251 805 2317 πρὸς
841 2250 1037 2317 ὄλεθρον
1069 2255 1162 2301 τῶν
1196 2252 1338 2301 ἐθνῶν
1371 2251 1397 2315 ἡ
1424 2247 1623 2314 πληθὺς,
1651 2248 1780 2300 οὐδὲν
1811 2248 1865 2300 τὸ

287 2334 470 2386 κωλύον
502 2333 592 2386 ὑπὸ
624 2333 772 2387 πόδας
799 2331 911 2384 εἶναι
936 2332 1042 2387 τοὺς
1076 2332 1203 2387 σούς.
1268 2336 1522 2400 ὑπερχεῖται
1549 2331 1608 2383 To}
1633 2333 1861 2392 ὁπολήνιοι·
1886 2353 1932 2392 25

247 2419 505 2483 οσημαίνει
541 2417 587 2468 δὲ
623 2415 697 2467 διὰ
729 2415 895 2466 τούτου
939 2414 993 2466 τὸ
1034 2414 1131 2466 οἷον
1172 2414 1448 2484 ἀμφιλαφές
1485 2418 1579 2465 τῶν
1617 2417 1678 2467 εἷς
1717 2437 1860 2464 κατα-

288 2501 497 2563 πάτησιν
532 2499 995 2565 συγκεκομισμένων.
1065 2500 1112 2548 ἐν
1147 2497 1239 2564 ’γάρ
1278 2520 1350 2548 τοι
1387 2501 1486 2550 ταῖς
1523 2501 1618 2547 τῶν
1651 2496 1866 2561 βοτρύων

288 2582 544 2651 ἀφθονίαις,
573 2582 802 2648 ὑπεραίρει
828 2581 1061 2634 πολλάκις
1095 2582 1169 2630 καὶ
1205 2578 1345 2633 αὑτὰς
1373 2581 1397 2629 ὁ
1425 2577 1546 2632 οἶνος
1571 2577 1654 2632 τὰς
1680 2578 1863 2643 ληνούς.

340 2772 367 2794 1.
394 2761 610 2806 ἀνακράξεται
630 2761 671 2795 Β.
690 2761 810 2806 (Alex.
829 2760 914 2795 XII.
934 2761 996 2794 &c.
1001 2760 1054 2805 )‘
1035 2775 1188 2805 ανακεκρ.
1208 2759 1298 2794 Edd.
1318 2760 1365 2803 (V
1369 2766 1414 2794 at.
1420 2760 1431 2804 )
1595 2771 1625 2794 2.
1652 2760 1705 2793 καὶ
1722 2758 1863 2803 σεισθῆ-

290 2821 384 2841 σεται
402 2810 419 2841 ὁ
437 2809 576 2852 οὐρανὸς
594 2809 647 2842 καὶ
665 2808 682 2852 ἡ
701 2810 743 2854 γῆ
762 2820 832 2842 om.
853 2808 895 2842 B.
1251 2820 1285 2850 4.
1308 2806 1472 2843 Ἰουδαίας
1489 2806 1580 2841 Edd.
1623 2805 1800 2852 ’Άῤῥαβάς
1820 2807 1862 2840 Β.

289 2864 321 2896 5.
349 2855 539 2899 Φιλιστιειμ
558 2855 648 2889 Edd.
934 2866 987 2894 12,
1010 2865 1062 2899 13.
1083 2854 1178 2888 Haec
1197 2854 1427 2898 ὁρᾶσθαι-ου
1444 2855 1514 2889 τοῖς
1531 2860 1750 2888 accesserunt
1763 2865 1804 2887 ex
1820 2853 1862 2887 Β.

292 2910 343 2944 Ι3.
366 2901 408 2935 ὡς
426 2908 644 2945 assumptum
665 2913 705 2935 ex
726 2901 769 2935 B.
999 2912 1051 2946 15.
1078 2901 1219 2945 θυμηδίᾳ
1240 2900 1331 2935 Edd.
1563 2901 1615 2934 18.
1640 2900 1801 2944 πέμψατε
1819 2899 1862 2933 Β.

288 2946 342 2979 26.
368 2946 539 3003 σημαίνει]
569 2950 709 2991 σημεῖον
735 2947 794 2982 lid
852 2946 990 2992 τουτου]
1013 2963 1138 2982 τουτων
1163 2947 1221 2982 iid.
1283 2947 1407 2981 Statlm
1436 2949 1474 2982 τὸ
1503 2953 1723 2992 assumptum
1752 2958 1792 2980 ex
1820 2945 1861 2979 Β.

289 2994 343 3026 28.
362 2992 531 3038 ὑπεραίρει
547 2996 713 3030 πολλάκις
730 2996 783 3028 καὶ
800 2995 901 3031 αὐτὰς
917 2997 935 3028 6
953 2993 1058 3040 οἰνος]
1078 2996 1130 3029 καὶ
1147 2995 1248 3030 αὐτὰς
1265 2996 1283 3028 ὁ
1300 2992 1387 3030 οἶνος
1403 2993 1599 3030 πολλάκις“
1584 2993 1754 3038 υπεραίρει
1772 2992 1832 3026 iid.
