2021 3434
319 215 403 255 684
710 215 761 256 B.
803 214 1080 256 CYRILLI
1119 213 1500 255 ALEXANDR.
1792 227 1833 254 v.
1848 211 1887 253 6.

320 332 347 354 ‘⁵
373 323 546 388 μεύσω,
575 326 647 374 καὶ
675 325 824 375 σείσω
849 324 1009 378 πόλεις
1035 325 1434 387 κατοικουμένας.”
1488 325 1536 374 ἐν
1560 322 1704 391 ταύτῃ
1729 321 1785 386 δὴ
1809 322 1890 373 οὖν

319 410 376 474 τῇ
416 408 622 476 ῥομφαία
661 408 922 474 ποιμανοῧσι
957 406 1024 458 τὸν
1056 404 1254 475 Ἀσσ-οἶιρ,
1299 407 1373 457 καὶ
1415 409 1578 457 πᾶσαν
1617 403 1665 455 δὲ
1705 403 1773 464 τὴν
1811 403 1890 470 ‘yffi‘

319 491 391 538 τοῦ
432 485 622 557 Νεβρῶὃ
660 489 696 540 ἐν
739 494 799 558 τῷ
842 490 997 558 τάφρῳ
1038 487 1183 548 αὐτῆς.
1245 487 1467 549 βούλεται
1515 486 1563 538 δὲ
1600 485 1675 537 διὰ
1713 485 1891 537 τούτων

284 596 305 621 0
321 571 463 621 ἐκεῖνο
489 573 644 621 εἰπεῖν.
686 568 754 630 τὴν
777 569 855 636 γῆν
884 572 954 621 ro&
981 567 1173 639 Νεβρωὸ
1191 569 1274 634 τὴν
1307 574 1401 620 τῶν
1425 570 1658 638 Ἀσσυρίων
1683 567 1892 634 ὀνομάζει

320 652 497 719 χώραν,
535 651 635 716 ἤτοι
672 652 757 717 τὴν
784 656 1064 714 Βαβυλῶνα,
1102 654 1206 718 περὶ
1243 650 1318 716 ἣν,
1349 651 1410 706 ὥς
1447 655 1588 720 φασι,
1614 655 1780 712 βαθεῖα
1814 649 1935 712 βέ-5

320 741 474 799 βλητο
509 734 693 804 τάφρος.
757 733 835 801 γῆν
870 733 918 785 δὲ
953 733 1096 798 αὐτὴν
1131 736 1200 786 τοῦ
1232 731 1425 803 Νεβρωὸ
1452 732 1675 800 ὀνομάζει,
1701 731 1775 783 διὰ
1811 731 1894 783 τὸν

319 817 460 869 αὐτὸν
490 815 603 869 εἶναι
635 816 720 882 τὴν
747 818 1066 878 Βαβυλωνίων
1097 815 1246 884 ἀρχὴν
1277 818 1350 867 καὶ
1387 815 1572 881 γε’νεσιν
1609 818 1685 866 καὶ
1717 814 1896 880 πατέρα

320 906 403 952 τοῦ
437 901 612 966 γε’νους.
679 900 938 967 γέγραπται
973 898 1021 950 δὲ
1056 900 1202 953 οὕτως
1234 900 1282 949 ἐν
1313 902 1370 966 τῇ
1397 897 1584 949 Γενέσει
1615 900 1720 964 περὶ
1756 898 1897 948 αὐτοῦ

103 999 228 1029 Gen-x.
324 990 350 1013 ‘⁶
375 985 480 1034 Υἱοὶ
515 981 562 1033 δὲ
596 981 775 1048 Ῥεγμὰ
803 981 942 1042 Σαβὰ
974 982 1050 1032 καὶ
1076 980 1256 1032 Δαδάν.
1321 984 1450 1035 Χοῦς
1483 979 1531 1031 δὲ
1566 979 1784 1046 ἐγέννησε
1815 978 1898 1030 τὸν

105 1049 198 1082 Ὴα
324 1073 351 1096 “
378 1066 598 1132 Νεβρώδ·
633 1065 765 1119 οὗτος
791 1064 969 1133 ἤρξατο
1001 1061 1112 1114 εἶναι
1138 1064 1276 1128 γίγας
1307 1063 1380 1114 ἐπὶ
1411 1065 1494 1126 τῆς
1519 1065 1621 1128 γῆς.
1683 1062 1817 1116 οὗτος
1841 1060 1898 1126 ἧν
1920 1081 1967 1107 10

323 1155 351 1177 ‘⁶
376 1149 512 1214 γίγας
561 1146 758 1212 κυνηγὸς
819 1146 1023 1197 ἐναντίον
1077 1147 1253 1212 Κυρίου
1305 1151 1387 1196 τοῦ
1436 1149 1575 1196 Θεοῦ·
1639 1143 1714 1196 διὰ
1763 1149 1900 1195 τοῦτο

325 1237 352 1260 “
379 1233 565 1296 ἐροῦσιν
589 1231 674 1284 εΩς
701 1229 904 1296 Νεβρὼδ
931 1230 1068 1295 γίγας
1103 1226 1302 1294 κυνηγὸς
1339 1229 1544 1279 ἐναντίον
1572 1227 1762 1294 Κυρίου.
1825 1227 1900 1277 καὶ

280 1313 353 1354 (1⁶⁴
378 1312 557 1379 ἐγένετο
601 1311 721 1380 ἀρχὴ
765 1315 846 1375 τῆς
887 1311 1138 1373 βασιλείας
1182 1312 1323 1361 αὑτοῦ
1363 1309 1600 1372 Βαβυλὼν
1640 1311 1714 1360 καὶ
1753 1307 1901 1377 “Ορε“χ

326 1402 352 1424 “
377 1397 452 1445 καὶ
477 1394 659 1462 Ἀρχάδ
697 1397 772 1445 καὶ
798 1391 1030 1457 Χαλοῖννη
1069 1394 1117 1443 ἐν
1155 1397 1212 1460 τῇ
1243 1397 1305 1461 γῇ
1342 1391 1597 1459 Σενναάρ.”
1655 1391 1901 1457 ἐγηγέρθαι

324 1475 410 1541 μὲν
437 1476 519 1527 τὸν
543 1477 727 1543 πύργον
752 1478 799 1527 ἐν
829 1480 887 1544 τῇ
914 1473 1161 1543 Χαλάννῃ“
1210 1473 1450 1541 Περσικὸν
1476 1474 1523 1525 δὲ
1549 1479 1686 1525 τοῦτο
1712 1474 1896 1540 χωρίον·
1923 1488 1969 1528 15
1996 1469 1998 1472 ‚

326 1562 400 1611 καὶ
425 1559 453 1624 ἡ
479 1561 575 1610 θεία
607 1560 736 1625 λέγει
769 1556 948 1627 γραφή.
1014 1557 1092 1624 ’γῆν
1127 1558 1208 1608 οὖν
1246 1557 1337 1624 ἄρα
1373 1559 1445 1608 τοῧ
1472 1553 1664 1624 Νεβρῶὃ
1694 1555 1780 1625 τὴν
1805 1559 1902 1606 Βα-

325 1641 520 1704 βυλῶνά
559 1646 724 1710 φησιν,
762 1639 791 1705 ἢ
830 1640 986 1711 τάφρῳ
1025 1637 1278 1705 διὲζωσται,
1318 1637 1527 1704 καθάπερ
1561 1637 1680 1705 ἔφην
1721 1638 1900 1703 ἀρτίως.

327 1726 447 1776 οὕτω
486 1723 541 1789 δὴ
575 1725 655 1774 οὖν
693 1724 958 1791 ποιμανοῧσὶ
995 1727 1118 1790 φησι
1149 1720 1216 1773 τὶν
1241 1720 1441 1791 Ἀσ-σοῦρ,
1470 1722 1544 1772 καὶ
1572 1725 1735 1772 πᾶσαν
1761 1719 1809 1770 δὲ
1835 1718 1903 1780 τὴν

326 1806 405 1873 ’γῆν
437 1809 508 1858 τοῦ
535 1804 735 1877 Νεβρῶὃ,
764 1807 826 1859 ὡς
860 1805 973 1856 ε’ίσω
1006 1804 1156 1868 μένειν
1187 1803 1262 1864 τ’ἧς
1296 1807 1479 1874 τάφρου,
1508 1804 1584 1854 καὶ
1615 1801 1802 1855 πόλεων
1827 1803 1904 1854 καὶ

326 1893 493 1958 χωρῶν
534 1888 895 1955 κατευρύνεσθαι
947 1886 1030 1950 μὲν
1073 1886 1240 1947 οὐκέτι,
1286 1885 1439 1950 μένειν
1486 1884 1535 1936 δὲ
1581 1883 1744 1951 ὥσπερ
1789 1884 1905 1936 οἴκοι
1925 1903 1996 1929 20·

327 1974 547 2037 περιδεεῖς
572 1973 647 2021 καὶ
673 1969 937 2037 τρέμοντας·
977 1968 1115 2020 τοῦτό
1153 1992 1223 2020 τοι
1254 1967 1466 2020 παθόντα
1493 1966 1568 2018 διὰ
1593 1971 1808 2034 Χριστοῦ
1845 1965 1906 2018 τὰ

327 2059 422 2105 τῶν
449 2054 697 2116 δαιμονίων
722 2052 980 2119 εὑρήσομεν
1005 2051 1173 2120 στίφη.
1241 2052 1296 2102 οὐ
1334 2051 1426 2117 γὰρ
1456 2050 1520 2101 ἐτι
1558 2052 1640 2114 τῆς
1679 2051 1756 2118 ὑφ’
1785 2050 1905 2119 ἡλίῳ

291 2135 793 2203 οκαταλαζονεύονται,
829 2134 950 2186 καθὰ
986 2136 1060 2185 καὶ
1096 2132 1246 2186 πάλαι
1285 2135 1359 2184 καὶ
1393 2131 1485 2200 πρὸ
1523 2135 1604 2197 τῆς
1643 2132 1902 2197 ἐπιδημίας·

380 2287 408 2310 1.
437 2277 542 2310 σώσω
561 2286 622 2319 pro
641 2275 748 2309 σείσω
766 2275 809 2308 A.
859 2273 898 2317 δὴ
917 2272 975 2307 οὖν
991 2272 1026 2307 b.
1045 2273 1155 2307 τοίνυν
1175 2271 1242 2318 [τοι
1261 2269 1452 2317 suprascr]
1473 2270 1516 2305 A.
1535 2269 1594 2305 οὖν
1611 2269 1702 2305 Edd.
1811 2280 1843 2305 2.
1870 2269 1906 2304 δὲ

329 2329 551 2367 assumptum
569 2334 611 2355 ex
628 2321 711 2355 A.b.
888 2332 921 2365 3.
948 2320 983 2354 ἐν
999 2322 1154 2365 τῷ-τοῦ
1172 2320 1315 2364 Νεβρὼδ
1332 2325 1551 2353 accesserunt
1568 2329 1610 2351 ex
1628 2317 1709 2351 A.b.
1727 2317 1826 2363 τάφῳ
1843 2328 1906 2362 pro

328 2371 449 2415 τάφρῳ
468 2370 511 2403 A.
607 2382 640 2411 4.
667 2368 725 2411 τὴν
743 2368 837 2413 prius
856 2379 925 2402 om.
944 2367 979 2401 b.
1021 2367 1165 2410 Νεβρὼθ
1181 2366 1216 2400 in
1235 2366 1367 2400 scholio
1385 2377 1520 2410 semper
1539 2365 1582 2399 A.
1601 2365 1709 2398 invito
1727 2364 1760 2398 b.
1803 2362 1908 2399 οὕτως

329 2417 499 2460 ὀνομάζων
515 2428 578 2461 pro
596 2416 747 2459 ὀνομάζει
763 2415 805 2449 Β.
901 2424 934 2460 5.
952 2414 1012 2455 τὴν
1030 2416 1214 2454 Βαβυλῶνα
1228 2413 1309 2447 A.b.
1324 2416 1389 2446 τῶν
1405 2411 1481 2458 [τὴν
1496 2410 1604 2457 Edd.]
1625 2410 1847 2451 Βαβυλωνίων
1862 2410 1906 2445 Β.

333 2464 423 2498 Edd.
471 2463 639 2507 βέβληται
657 2463 690 2496 b.
796 2462 829 2495 6.
855 2461 914 2505 τὴν
930 2473 994 2506 pro
1010 2462 1073 2506 γῆν
1090 2461 1133 2494 Α.
1182 2461 1240 2494 τὸν
1257 2460 1300 2494 A.
1318 2460 1357 2494 τὸ
1375 2459 1467 2493 Edd.
1573 2470 1605 2504 7.
1631 2462 1697 2492 τῶν
1714 2469 1776 2502 pro
1793 2457 1852 2501 τὴν
1869 2457 1904 2492 b.

330 2512 363 2545 8.
389 2509 443 2556 δὲ]
462 2511 526 2555 γὰρ
548 2510 588 2544 Β.
735 2521 767 2554 9.
795 2509 830 2543 δέ
850 2509 944 2552 prius
963 2515 1183 2552 assumptum
1202 2519 1243 2541 ex
1260 2506 1351 2541 A.B.
1399 2505 1540 2551 Ῥεγμᾶν
1556 2505 1600 2540 A.
1651 2504 1777 2539 Statim
1794 2504 1908 2544 βασὰν

331 2569 393 2602 pro
412 2558 505 2597 Σαβὰ
523 2557 565 2591 A.
585 2557 692 2591 σακὰν
710 2556 752 2590 Β.
803 2556 952 2601 δαδάχου
969 2555 1058 2600 (Sic)
1072 2566 1135 2599 pro
1154 2555 1277 2588 Δαδάν.
1295 2555 1383 2588 Χοῦς
1396 2553 1440 2587 A.
1539 2564 1592 2586 11.
1610 2552 1717 2586 ἔναντι
1734 2551 1778 2585 Α.
1796 2552 1906 2585 incer-

330 2613 405 2638 tum
424 2611 543 2638 utrum
560 2603 616 2637 hic
634 2615 677 2637 an
696 2604 794 2637 infra.
933 2613 985 2636 12.
1011 2600 1152 2646 Κυρίου]
1177 2606 1213 2641 -f—
1234 2603 1294 2635 τοῦ
1312 2603 1398 2634 Θεοῦ
1417 2599 1508 2634 Edd.
1528 2599 1645 2633 invitis
1663 2598 1753 2633 A.B.
1773 2597 1906 2643 (AN.)

334 2663 386 2696 13.
414 2650 558 2696 ἐγένετο]
584 2656 620 2691 -1-
643 2649 661 2693 ἡ
684 2649 775 2684 Edd.
801 2649 910 2683 invito
937 2649 978 2683 B.
997 2648 1129 2693 (A.V.)
1179 2649 1232 2682 καὶ
1257 2660 1326 2681 om.
1353 2648 1397 2681 A.
1449 2646 1574 2680 Statim
1598 2645 1702 2691 Ὁρέχ
1720 2646 1762 2679 A.
1782 2644 1905 2688 (AN.)

330 2697 429 2742 Ὀρέκ
449 2698 490 2731 Β.
508 2697 616 2742 Ἀρὰχ
635 2697 726 2731 Edd.
892 2708 944 2738 14.
970 2696 1106 2739 Χαλάνη
1126 2695 1168 2729 Β.
1220 2695 1316 2729 Haec
1334 2695 1369 2728 ἐν
1386 2697 1424 2738 τῇ
1442 2696 1485 2739 γῇ
1505 2693 1659 2736 σενναάρ·
1681 2691 1824 2737 [σεναάρ
1844 2690 1904 2736 Β.]

332 2745 510 2790 ἐγηγέρθαι
526 2744 707 2790 [ἐγηγέρθη
722 2743 782 2789 Α.]
797 2743 857 2788 μὲν
873 2742 949 2789 [μέν
966 2742 1061 2776 deest
1072 2743 1107 2776 in
1122 2741 1180 2788 B.]
1197 2743 1254 2776 τὸν
1267 2740 1397 2786 πύργον
1410 2741 1444 2774 ἐν
1454 2743 1493 2784 τῇ
1508 2741 1663 2783 Χαλάννῃ
1677 2738 1828 2784 [Χαλάνῃ
1845 2737 1905 2784 Β.]

332 2798 553 2826 accesserunt
570 2803 610 2825 ex
629 2791 719 2824 A.B.
820 2790 872 2824 16.
895 2789 973 2835 γῆν]
995 2795 1030 2829 -Jf-
1053 2790 1088 2824 δὲ
1106 2790 1149 2823 Α.
1250 2790 1302 2823 18.
1328 2787 1432 2833 οὕτω]
1452 2787 1543 2821 οὗτοι
1561 2787 1605 2821 Α.
1623 2786 1732 2820 invito
1749 2785 1783 2819 b.
1832 2799 1907 2819 ποι-

332 2837 488 2881 μαίνουσι
506 2839 549 2872 A.
599 2837 733 2882 ἀσσοὺρ
750 2837 785 2872 b.
803 2837 912 2881 ἀσοὺρ
930 2837 970 2871 Β.
983 2835 1171 2881 Ἀσσύριον
1184 2836 1227 2870 A.
1244 2834 1334 2870 Edd.
1384 2835 1420 2869 δέ
1438 2846 1508 2868 om.
1523 2834 1604 2868 A.b.
1703 2843 1757 2877 19.
1775 2832 1844 2866 ἔσω
1861 2832 1906 2865 Α.

334 2886 385 2918 καὶ
403 2889 522 2929 χωρῶν
540 2884 798 2928 κατευρύνεσθαι
815 2884 874 2928 μὲν
891 2884 972 2917 A.b.
990 2883 1050 2928 μὲν
1067 2883 1084 2927 ἢ
1103 2886 1223 2927 χωρῶν
1239 2880 1497 2926 κατευρὺνεσθαι
1516 2879 1608 2914 Edd.
1728 2890 1783 2913 21.
1808 2879 1908 2912 τοῦτό

333 2946 384 2964 τοι
406 2932 483 2965 ss.b.
501 2934 600 2966 τοῦτο
619 2932 658 2975 δὴ
677 2932 719 2965 Α.
739 2932 837 2965 τοῦτό
855 2946 887 2965 τι
907 2930 997 2965 Edd.
1048 2930 1174 2964 Statim
1198 2929 1317 2964 παθεῖν
1341 2928 1401 2962 iid.
1428 2926 1704 2972 repugnantibus
1730 2925 1907 2960 omnibus.

334 2979 386 3010 καὶ
404 2984 482 3012 ante
499 2979 540 3012 τὰ
558 2979 746 3023 praemittit
765 2978 807 3012 B.
936 2988 991 3011 22.
1017 2977 1181 3021 δαιμόνων
1198 2976 1233 3011 b.
1282 2974 1341 3021 ὑφ’
1359 2973 1460 3020 ἡλίῳ]
1488 2973 1546 3019 ὑφ’
1565 2974 1662 3018 ἥλιον
1680 2972 1772 3006 Edd.
1791 2971 1907 3006 invitis

334 3024 509 3059 omnibus.
561 3025 685 3059 Statim
703 3023 1019 3067 καταλαζονεὺονται
1030 3024 1111 3059 A.b.
1126 3022 1420 3066 καταλαζονεύεται
1440 3020 1530 3056 Edd.
1582 3020 1665 3054 Post
1682 3019 1749 3054 hoc
1763 3019 1908 3054 verbum
