2021 3434
88 592 178 628 397
195 592 243 625 A.
275 602 297 625 a

269 1471 293 1505 6

271 1618 289 1656 7

316 227 400 266 610
731 227 781 266 B.
825 224 1100 266 CYRILLI
1151 224 1533 265 ALEXANDR.
1740 225 1765 265 i.
1789 224 1829 274 6,
1853 234 1891 276 7.

314 341 341 364 ‘⁶
366 335 516 401 κρίσει
541 333 689 401 χήρας
713 334 768 384 οὐ
791 333 1147 401 προσέχοντες.”
1207 332 1368 399 γέγονε
1394 334 1548 384 τοίνυν
1573 336 1634 386 εἰς
1660 332 1894 402 ἁμαρτίαν

312 421 379 485 τῷ
403 412 547 467 Ἰούδα
583 415 643 467 τὰ
674 416 721 465 ἐν
757 420 853 470 τοῖς
885 415 1202 486 Ἱεροσολύμοις
1236 415 1436 469 ἀνοσίως
1473 413 1783 481 πραττόμενα,
1817 414 1893 465 κἀὶ

314 500 412 549 οὕτι
437 520 530 549 που
555 502 745 560 μᾶλλον
769 499 796 561 ἡ
822 497 976 552 πόλις.

388 584 480 630 Δεῖ
509 579 563 643 δὴ
596 580 677 630 οῦν
702 580 793 646 ἄρα
819 582 894 630 καὶ
921 579 1045 631 Θεὸν
1071 582 1273 645 ἀγαπᾶν,
1301 580 1376 630 καὶ
1408 584 1545 630 τοῦτο
1575 579 1632 648 ἐξ
1654 577 1768 642 ὅλης·
1793 580 1890 646 ψυ-

313 664 399 728 χῆς
438 663 513 711 καὶ
554 663 759 727 καρδίας,
790 663 1098 713 ἀποσείεσθαι
1133 661 1181 712 δὲ
1224 664 1298 713 καὶ
1336 661 1390 712 τὸ
1423 660 1635 730 ῥᾴθυμον
1671 664 1733 714 εἷς
1767 661 1886 725 ἀγα·
1912 678 1933 716 5

314 742 550 808 θουργίαν,
598 745 673 794 καὶ
719 742 837 794 κατὰ
882 744 1057 809 μηδένα
1103 743 1279 809 τρόπον
1323 749 1494 794 κακοῦν
1538 742 1620 794 τὸν
1667 742 1892 807 πλησίον,

313 830 504 888 μᾶλλον
548 825 596 876 δὲ
640 827 935 877 ἀνακτᾶσθαι
985 830 1085 880 ταῖς
1129 825 1361 888 εὐποιΐαις,
1404 827 1478 876 καὶ
1520 821 1894 888 ἀποσπουδάζειν

312 907 397 971 μὲν
423 907 482 958 τὰ
514 907 710 973 πονηρὰ,
735 912 1049 975 προσκεῖσθαι
1073 907 1121 959 δὲ
1155 913 1345 972 μᾶλλον
1369 912 1465 961 τοῖς
1490 910 1572 971 τῆς
1598 905 1895 970 δικαιοσύνης·

312 988 598 1057 αὐχήμασιν.
667 990 986 1054 ὑπτιουμένοις
1024 990 1072 1041 δὲ
1111 989 1166 1054 δὴ
1205 992 1310 1057 περὶ
1353 989 1413 1041 τὰ
1451 991 1571 1041 οὕτω
1612 986 1779 1050 σεπτὰ,
1818 988 1895 1038 καὶ

312 1075 624 1140 καταφρονεῖν
660 1072 919 1139 ᾑρημένοις,
947 1074 1125 1123 ἐποίσει
1159 1072 1218 1124 τὰ
1253 1073 1308 1141 ἐξ
1345 1073 1503 1139 ὀργῆς,
1544 1073 1619 1122 καὶ
1656 1072 1717 1124 ὡς
1751 1067 1894 1135 κηρὸν
1917 1090 1963 1116 10

312 1153 561 1222 κατατήξει
595 1155 807 1221 κολάζων
841 1155 889 1205 ἐν
925 1158 1049 1222 πυρὶ,
1081 1157 1156 1206 καὶ
1195 1157 1256 1209 ὡς
1291 1155 1413 1221 ὕδωρ
1448 1157 1675 1220 σκορπιεῖ,
1707 1154 1894 1218 φειδοῦς

313 1237 434 1300 ἡμᾶς
457 1236 521 1287 ε”τι
548 1238 623 1287 καὶ
649 1236 835 1302 ἀγάπης
862 1238 944 1288 οὑκ
970 1238 1129 1306 ἀξιῶν.

317 1437 389 1477 Καὶ
417 1437 600 1485 θήσομαι
626 1437 873 1494 Σαμάρειαν
901 1439 960 1479 ὡς
987 1438 1352 1496 ὀπωροφυλάκιον
1380 1438 1509 1494 ἀτροῦ
1536 1437 1603 1478 καὶ
1629 1437 1688 1477 ὡς
1716 1436 1893 1492 φυτείαν

380 1521 651 1569 ἀμπελῶνος·
693 1522 760 1562 καὶ
799 1524 1064 1563 κατασπάσω
1101 1521 1160 1563 εἰς
1198 1523 1300 1577 χάος
1336 1522 1435 1563 τοὺς
1468 1522 1610 1563 λίθους
1648 1522 1793 1573 αὐτῆς,
1826 1522 1894 1563 καὶ

380 1603 431 1644 τά
470 1605 644 1652 θεμέλια
684 1604 815 1646 αὐτῆς
855 1605 1139 1655 ἀποκαλύψω·
1192 1605 1260 1646 καί
1298 1606 1438 1647 Πάντα
1475 1605 1526 1646 τά
1565 1605 1893 1652 Γλυπτὰαύτιῗιε
1918 1619 1962 1658 15

383 1687 689 1738 κατακόψουσι·
730 1688 798 1728 καὶ
835 1689 974 1730 Πάντα
1013 1689 1063 1730 τά
1098 1689 1352 1738 μισθώματα
1380 1689 1508 1730 αὐτῆς
1534 1688 1822 1745 ἐμπρήσουσιν
1849 1689 1893 1729 ὲν

381 1771 491 1828 πυρί·
533 1772 600 1812 καὶ
627 1772 765 1814 πάντα
792 1773 842 1814 τά
870 1770 1032 1814 εἴδωλα
1059 1773 1191 1814 αὐτῆς
1219 1774 1402 1823 Θιὲισομαι
1429 1771 1489 1814 εἰς
1515 1773 1771 1829 ἀφανισμόν.

387 1904 507 1954 Τίνα
547 1903 604 1968 δὴ
639 1902 788 1956 πάλιν
828 1905 1018 1957 ἔσονται
1055 1909 1150 1956 τῶν
1188 1906 1308 1956 οὕτω
1350 1904 1797 1973 προσκεκρουκότων
1835 1905 1895 1958 τὰ
1952 1933 1956 1937 ·

267 1984 456 2051 οπάθη,
491 1989 714 2052 διηγεῖται
753 1991 940 2056 σαφῶς.
1009 1986 1142 2038 ἔσται
1181 1986 1275 2053 γὰρ
1313 1987 1340 2052 ἡ
1378 1986 1616 2057 Σαμάρεια
1647 1993 1799 2057 φησιν
1837 1991 1895 2045 ὡς

313 2069 674 2139 ὀπωροφυλοίκιον
726 2071 862 2139 ἀγροῦ
910 2075 987 2122 καὶ
1035 2072 1093 2125 ὡς
1145 2072 1306 2139 φυτεία.
1355 2070 1636 2139 ἀμπελῶνος.
1707 2069 1767 2122 τὰ
1810 2069 1895 2134 μὲν
1914 2100 1961 2125 20

311 2151 405 2217 γὰρ
435 2153 484 2202 ἐν
521 2154 682 2218 ἀγροῖς
716 2152 928 2221 φυόμενα
963 2153 1163 2219 τηροῦσί
1192 2175 1324 2215 τινες,
1351 2151 1531 2217 σκηνὰς
1555 2152 1895 2207 ἀναπλέκοντες

311 2235 386 2284 καὶ
431 2236 478 2285 ἐν
525 2235 684 2287 αὐταῖς
726 2233 985 2299 ἱζήσαντες.
1053 2232 1151 2286 εἶτα
1191 2240 1355 2286 πᾶσαν
1399 2236 1552 2286 αὐτῶν
1591 2237 1894 2297 ἀποσοβοῦσι

310 2315 519 2381 βλάβην.
580 2320 618 2367 εἰ
653 2316 701 2368 δὲ
735 2316 792 2381 δὴ
826 2316 1006 2383 γένοιτο
1037 2320 1330 2385 συναχθῆναι
1365 2315 1472 2371 τοὺς
1497 2315 1716 2384 καρποὺς,
1743 2340 1888 2368 κατα·
1950 2348 1954 2351 -

310 2397 517 2463 λήγουσι
559 2403 653 2450 τῶν
696 2398 852 2450 πόνων
890 2402 932 2450 οἱ
974 2398 1196 2469 φύλακες,
1223 2399 1339 2450 οἴκοι
1374 2423 1423 2450 τε
1461 2401 1792 2462 ὑπονοστοῦσι,
1818 2402 1893 2451 καὶ

309 2480 454 2535 αὐτὰς
509 2481 856 2550 ἀνατρέψαντες
908 2481 991 2535 τὰς
1041 2480 1235 2546 σκηνάς.
1313 2487 1452 2532 τοῦτο
1501 2481 1586 2544 τὴν
1636 2481 1892 2552 Σαμάρειαν
1911 2501 1956 2541 25
2016 2505 2021 2533 -1

310 2567 560 2614 παθοῦσαν
579 2563 850 2629 εὑρήσομεν.
890 2562 1044 2628 ἐπειδὴ
1070 2563 1164 2630 γὰρ
1182 2561 1584 2628 πεπλημμέληκεν
1603 2564 1657 2615 οὗ
1679 2566 1890 2631 μετρίως,

360 2713 390 2737 1.
415 2701 522 2747 χήρας
538 2703 582 2736 Α.
588 2702 630 2735 Β.
649 2703 765 2743 (Alex.
783 2702 868 2737 XII.
875 2703 886 2746 )
903 2706 1017 2747 χηρῶν
1034 2701 1126 2736 Edd
1175 2701 1222 2737 εἷς
1238 2701 1400 2746 ἁμαρτίαν
1417 2713 1486 2735 mn.
1505 2702 1549 2735 A.
1734 2714 1767 2745 4.
1795 2702 1891 2737 Haec

310 2763 364 2782 και
381 2752 480 2783 τοῦτο
497 2755 717 2783 accesserunt
734 2761 776 2783 ex
793 2750 836 2783 A.
982 2759 1013 2794 7.
1036 2746 1197 2784 εὐποιΐαις
1214 2749 1257 2782 A.
1276 2749 1464 2783 ἐπιεικείαις
1478 2748 1570 2782 Edd.
1625 2748 1749 2783 Statim
1768 2750 1819 2782 καὶ
1837 2761 1890 2783 as-

312 2803 494 2840 sumptum
511 2808 552 2830 ex
571 2796 614 2830 A.
620 2796 662 2830 B.
782 2808 816 2842 9.
843 2795 882 2839 δὴ
900 2802 1122 2840 assumptum
1140 2807 1181 2829 ex
1200 2795 1241 2829 A.
1248 2795 1290 2829 B.
1424 2807 1436 2829 1
1448 2807 1476 2829 1.
1502 2797 1652 2839 κολάζων
1668 2802 1890 2840 assumptum

312 2853 353 2874 ex
370 2842 505 2876 iisdem.
667 2853 720 2876 12.
746 2843 794 2876 ἔτι
812 2854 881 2877 om.
900 2844 944 2876 A.
1090 2853 1143 2886 13.
1170 2843 1213 2877 ὡς
1231 2843 1326 2887 prius
1345 2842 1429 2877 A.F.
1449 2843 1579 2886 (Alex.)
1597 2843 1643 2878 εἷς
1661 2842 1752 2876 Edd.
1771 2842 1872 2887 (Vat.
1878 2843 1889 2885 )

311 2888 356 2922 ὡς
373 2889 430 2922 alt.
451 2889 534 2923 B.F.
554 2890 665 2934 (153.)
684 2889 730 2924 εἷς
748 2889 838 2923 Edd.
984 2901 1036 2931 14.
1063 2890 1181 2934 χάσμα
1198 2901 1260 2934 pro
1277 2890 1361 2934 χάος
1379 2889 1416 2923 F.
1552 2899 1605 2934 15.
1631 2889 1832 2934 ἐπικαλύψω
1851 2889 1888 2924 F.

316 2934 368 2968 16.
395 2935 628 2979 ἐμπρήσουσιν
645 2937 688 2969 A.
708 2935 922 2980 ἐμπρήσομαι
941 2936 1032 2970 Edd.
1048 2937 1160 2981 (153.)
1492 2946 1546 2982 17.
1571 2937 1612 2971 τὰ
1629 2935 1749 2970 deest
1742 2947 1777 2969 ln
1796 2935 1888 2970 Edd.

315 2991 368 3023 19.
396 2982 447 3014 καὶ
465 2994 527 3025 pro
545 2983 588 3017 ὡς
607 2982 699 3016 Edd.
718 2983 835 3017 invitis
854 2983 944 3018 A.B.
1135 2993 1189 3016 20.
1216 2982 1261 3017 εἷς
1279 2982 1420 3027 φυτείαν
1437 2983 1480 3016 A
1662 2993 1717 3016 21.
1742 2981 1888 3017 ἀναπλέ-

312 3026 428 3069 ξαντες
447 3027 488 3061 Β.
646 3040 699 3073 23.
728 3030 956 3074 καταλήγουσι
974 3029 1064 3063 Α.Β.
1083 3029 1361 3072 καταλαλήσουσι
1382 3028 1472 3063 Edd.
