2021 3434
305 200 357 238 72
708 201 756 240 B.
799 199 1070 238 CYRILLI
1113 198 1487 240 ALEXANDR.
1747 199 1788 239 ii.
1816 199 1880 238 18.

303 311 495 377 ἐχθρῶν,
546 311 621 360 καὶ
673 307 882 372 πολέμου
940 309 1015 359 καὶ
1070 305 1297 371 δειμάτων
1342 312 1564 371 μενοῦσιν
1627 307 1877 372 ἀπείρατοι.

306 386 534 462 Συντρίψω
569 389 663 457 γὰρ
699 390 814 459 τόξον
852 394 929 441 καὶ
967 392 1207 459 ῥομφαίαν,
1233 388 1257 439 ὃ
1289 387 1345 453 δὴ
1378 391 1452 440 καὶ
1480 392 1542 442 εἰς
1573 388 1717 455 πέρας
1741 391 1875 439 ἱστο-

106 494 155 527 51
174 491 223 525 A.
268 502 289 526 a
304 478 444 540 ρικῶς
470 472 770 538 ἐνηνεγμένον
793 470 1066 538 εὑρήσομεν.
1134 470 1288 536 ἐπειδὴ
1313 469 1406 538 γὰρ
1437 470 1522 535 τὴν
1548 470 1666 521 κατὰ
1691 469 1881 522 πάντων

306 554 456 622 ἀρχὴν
494 557 536 604 οἱ
572 554 966 622 περιφανέστατοι
1000 557 1093 604 τῶν
1118 553 1362 617 Ῥωμαίων
1400 552 1573 620 ἔλαχον
1607 554 1882 619 στρατηγοὶ,

305 636 578 700 πεποίηνται
613 635 661 687 δὲ
700 635 789 687 ὑπὸ
824 641 955 703 χεῖρα
989 635 1074 700 τὴν
1113 635 1186 686 ὑπ’
1215 634 1424 702 οὐρανὸν,
1451 639 1574 686 Θεοῦ
1613 633 1698 694 τὴν
1736 634 1923 704 δόξαν5

308 719 461 773 αὐτοῖς
502 722 798 782 οἰκονομικῶς
841 718 1204 785 προσνέμοντος,
1247 719 1434 784 Πέρσαι
1481 717 1566 781 μὲν
1614 716 1757 782 μόνης
1801 719 1883 780 τῆς

307 801 421 855 ἰδίας
465 801 836 870 πεφροντίκασιν
876 802 1036 868 ἀρχῆς,
1075 800 1340 870 κατέληξαν
1383 798 1431 850 δὲ
1471 802 1546 851 καὶ
1587 804 1680 850 τῶν
1717 799 1883 850 ἄλλων

305 882 564 950 βαρβάρων
605 887 650 934 αἱ
691 882 808 934 κατὰ
848 888 1015 951 χωρῶν
1055 907 1104 934 τε
1146 886 1222 934 καὶ
1263 883 1449 934 πόλεων
1488 883 1743 948 ἐπιδρομαί.
1808 885 1882 934 καὶ

307 965 608 1029 διαμέμνηται
663 970 834 1035 σαφῶς
888 971 970 1017 τοῦ
1026 968 1204 1016 τοιοῦδε
1255 964 1533 1032 πράγματος
1583 966 1607 1015 ὁ
1658 964 1883 1031 μακάριος

82 1062 236 1100 Es.ii.4.
305 1048 516 1102 ‘Hc-affas*
559 1048 714 1114 λέγων
767 1056 794 1078 ‘⁶
814 1051 904 1099 Καὶ
956 1048 1264 1117 συγκόψουσι
1313 1047 1396 1102 τὰς
1445 1048 1680 1115 μαχαίρας
1731 1049 1883 1099 αὐτῶν

85 1886 168 1927 Eph.
190 1887 223 1918 ii.

84 1939 114 1969 3.

84 2402 115 2431 S.
132 2401 211 2430 Luc.

84 2455 116 2480 x,
135 2458 183 2491 19.

85 2564 139 2594 Ps.
157 2574 204 2595 xc.

88 2617 99 2639 1
108 2618 136 2648 3.

308 1137 335 1159 ‘⁶
362 1134 424 1184 εἰς
457 1131 632 1197 ἄροτρα
663 1133 737 1181 καὶ
770 1130 852 1184 τὰς
885 1130 1070 1198 ζιβύνας
1102 1131 1255 1182 αὐτῶν
1293 1134 1354 1185 εἰς
1394 1130 1611 1197 δρέπανα,
1639 1134 1714 1181 καὶ
1739 1132 1791 1181 οὐ
1817 1130 1882 1195 μὴ

261 1221 334 1266 b“
361 1214 451 1281 ἄρῃ
494 1214 623 1267 ε”θνος
661 1213 731 1265 ἐπ’
768 1213 897 1267 ε”θνος
940 1212 1187 1281 μάχαιραν,
1227 1215 1302 1265 καὶ
1351 1214 1404 1264 οὐ
1453 1212 1517 1278 μὴ
1557 1212 1775 1276 μάθωσιν
1817 1212 1883 1264 ε”τι

306 1303 335 1325 “
359 1297 628 1360 πολεμεῖν.”
694 1298 755 1350 ὡς
792 1295 885 1362 γὰρ
920 1296 1007 1361 ἤδη
1043 1295 1284 1362 γεγονότες
1319 1297 1399 1364 ὑφ’
1433 1294 1513 1346 ἕνα
1551 1294 1704 1362 ζυγὸν,
1743 1295 1879 1361 ἐτρά-

304 1402 450 1430 ποντο
499 1383 689 1443 μᾶλλον
744 1383 804 1432 εἰς
862 1380 1085 1447 ἐπωφελῆ
1147 1380 1398 1447 φιλεργίαν
1449 1380 1523 1429 καὶ
1571 1381 1629 1446 τῇ
1681 1379 1884 1447 γεωργίᾳ

304 1461 516 1529 χρήσιμα
546 1461 605 1512 τὰ
635 1467 717 1512 τοῦ
751 1462 961 1525 πολέμου
996 1461 1143 1526 σκεύη
1168 1461 1505 1525 μετέπλαττον.
1571 1460 1704 1512 ἔσται
1729 1462 1883 1512 τοίνυν

305 1543 474 1609 εἰρήνη,
503 1546 638 1611 φησὶ,
667 1547 741 1595 καὶ
777 1547 818 1595 οἱ
850 1543 1001 1596 πάλαι
1039 1546 1174 1595 δεινοὶ
1211 1543 1535 1595 πεπαύσονται
1573 1543 1732 1612 φόβοι,
1758 1547 1883 1595 Θεοῦ

307 1625 674 1692 κατευνάζοντος,
701 1628 776 1678 καὶ
811 1632 906 1681 τοῖς
941 1627 997 1696 ἐξ
1027 1625 1208 1694 εἰρήνης
1240 1628 1434 1692 ἀγαθοῖς
1465 1627 1884 1696 κατευφραίνοντος

304 1706 411 1762 τοὺς
435 1710 714 1775 ἀγαπῶντας
741 1709 895 1762 αὐτόν.

383 1795 670 1857 Προσθεῖναι
709 1792 756 1843 δὲ
788 1790 912 1856 οἶμαι
951 1794 1132 1844 κάκεῖνο
1166 1791 1335 1857 δεήσει.
1398 1792 1547 1844 πάλαι
1573 1791 1657 1856 μὲν
1683 1791 1776 1859 γὰρ
1808 1791 1883 1843 ὅτε

266 1915 287 1941 0
307 1876 599 1938 διετελοῦμεν
626 1877 673 1925 ἐν
695 1875 869 1943 πλοίνῃ,
896 1877 971 1926 καὶ
1006 1876 1149 1942 ὀργῆς
1173 1875 1536 1943 ἐχρηματίζομεν
1561 1875 1711 1938 τέκνα,
1739 1873 1884 1926 καθά-

305 1979 394 2022 περ
436 1956 555 2011 τινὲς
599 1960 734 2023 θῆρες
772 1960 966 2024 πονηροὶ
1009 1961 1085 2009 καὶ
1123 1957 1181 2008 τὰ
1219 1963 1313 2009 τῶν
1351 1959 1522 2024 ὀρνέων
1559 1961 1884 2026 σαρκοφαγεῖν

305 2038 500 2090 εἰωθότα
540 2042 615 2091 καὶ
656 2039 750 2104 μὴν
793 2042 868 2091 καὶ
909 2044 950 2091 οἱ
989 2041 1291 2108 παγχάλεποι
1333 2040 1581 2107 δράκοντες
1625 2041 1883 2092 ἀπώλλυον

304 2123 426 2186 ἡμᾶς
467 2125 514 2173 αἱ
554 2124 753 2188 πονηραὶ
793 2125 868 2173 καὶ
908 2125 1209 2187 ἀντικείμεναι
1253 2123 1478 2187 δυνάμεις.
1553 2121 1706 2187 ἐπειδὴ
1749 2122 1797 2174 δὲ
1835 2124 1884 2173 ἐν

304 2208 504 2275 Χριστῷ
542 2204 624 2256 τὸν
661 2205 804 2274 φύσει
850 2205 974 2256 Θεὸν
1015 2208 1291 2272 ἐγνώκαμεν,
1329 2208 1403 2256 καὶ
1440 2206 1771 2274 ἀπενιψάμεθα
1808 2206 1884 2257 διὰ

303 2287 508 2341 πίστεως
549 2289 624 2338 καὶ
662 2290 744 2351 τῆς
785 2288 981 2356 ἀρχαίας
1022 2287 1203 2352 ἀπάτης
1240 2286 1298 2338 τὰ
1340 2288 1629 2353 ἐγκλήματα,
1663 2287 1768 2339 τότε
1807 2290 1882 2340 καί

1297 2378 1324 2399 “
1341 2376 1503 2422 πατεῖν
1535 2371 1689 2423 ἐπάνω
1728 2372 1882 2440 ὄφεων

305 2369 610 2434 σεσώσμεθα,
638 2372 714 2420 καὶ
749 2369 1009 2439 εἰλήφαμεν
1042 2371 1262 2439 ἐξουσίαν

307 2461 333 2482 “
359 2454 434 2503 καὶ
459 2453 714 2519 σκορπίων,
735 2455 810 2504 καὶ
830 2455 904 2504 ἐπὶ
930 2458 1095 2505 πᾶσαν
1119 2453 1205 2517 τὴν
1225 2453 1419 2517 δύναμιν
1438 2460 1520 2505 τοῦ
1547 2456 1754 2522 ἐχθροῦ,”
1777 2454 1882 2506 τότε

307 2536 383 2585 καί
423 2536 654 2599 ἐπέβημεν
687 2537 760 2587 ἐπὶ
795 2536 975 2587 ἀσπίδα
1013 2538 1087 2586 καὶ
1120 2537 1425 2599 βασιλίσκον,
1464 2536 1796 2602 πεπατήκαμεν
1833 2538 1881 2589 δὲ

307 2615 474 2667 λεὀντά
500 2639 550 2667 τε
576 2620 650 2668 καὶ
677 2617 908 2685 δράκοντα
931 2622 1147 2684 Χριστοῦ
1169 2619 1555 2686 προασπίζοντος,
1581 2622 1656 2671 καὶ
1683 2621 1881 2691 ἀνικήτῳ

354 2821 385 2844 2.
415 2810 515 2853 τόξον
533 2811 579 2845 D.
598 2811 705 2847 ὅπλον
722 2813 814 2847 Edd.
990 2823 1020 2859 7.
1047 2813 1232 2858 κατέληξαν
1249 2815 1284 2848 δέ
1304 2815 1350 2849 D.
1368 2814 1554 2858 κατέληξάν
1570 2830 1605 2849 τε
1626 2815 1668 2850 Β.
1686 2816 1738 2850 καὶ
1755 2816 1881 2860 ἕληξάν

304 2872 339 2891 τε
359 2856 450 2891 Edd.
665 2871 714 2893 11.
742 2861 876 2904 ζιβὴνας
893 2860 952 2895 iid.
1172 2873 1224 2896 12.
1252 2861 1302 2896 ἐπ’
1321 2861 1432 2907 ἔθνος]
1452 2861 1520 2896 κατ’
1538 2862 1652 2898 ἔθνους
1669 2863 1762 2898 Aub.
1783 2863 1880 2898 Haec

303 2903 409 2937 verba
426 2915 494 2937 om.
514 2903 616 2938 Pont.
809 2919 861 2951 14.
889 2907 1051 2954 γεωργίᾳ]
1070 2909 1212 2954 γηπονίᾳ
1228 2909 1274 2942 D.
1457 2920 1511 2943 21.
1538 2911 1769 2957 σαρκοφαγῶν
1786 2910 1878 2945 Edd.

306 2962 361 2992 24.
389 2950 441 2983 καὶ
459 2950 575 2984 omisit
592 2951 782 2987 Aubertus.
982 2966 1038 3000 25.
1063 2955 1191 3000 ἀπάτης
1209 2956 1255 2990 D.
1270 2955 1401 3001 ἀγάπης
1418 2955 1460 2991 Β.
1480 2955 1570 2991 Edd.
1761 2958 1816 2992 28.
1841 2957 1879 2991 δέ

302 2997 423 3031 λέοντά
439 3011 475 3030 τε
495 2997 539 3031 D.
559 3012 593 3031 τε
611 2998 731 3033 λέοντα
748 3000 839 3035 Edd.

1904 2307 1951 2346 25

1967 2230 1971 2292 ἐ

1966 2297 1971 2320 Ι

1965 2323 1971 2383 ,ἕ

1964 2418 1969 2483 ἐ

1962 2492 1968 2576 ἒ

1961 2587 1966 2619 2

1960 2622 1965 2676 ἔ

1958 2677 1964 2761 ἒ

1956 2806 1962 2860 ἔ

1955 2862 1960 2943 ἓ

1954 2963 1958 3032 ἱ
