2021 3434
99 206 181 248 xiV.
205 220 245 262 9.
543 206 618 247 IN
659 205 897 247 OSEAM.
957 204 1108 246 TOM.
1136 203 1242 245 VII.
1598 199 1679 239 285

100 319 199 369 ταῖς
225 314 360 379 ἡλίου
385 320 552 377 βολαῖς
577 320 933 383 παραχωροῦσα
966 313 1050 378 τὴν
1077 313 1304 376 διάδυσιν,
1331 313 1434 363 οὕτε
1467 308 1560 375 μὴν
1585 313 1685 362 ταῖς·

102 399 245 448 ὑετῶν
295 402 595 467 καταφοραῖς,
641 396 729 449 κάν
779 402 814 448 εἰ
865 399 1078 464 ῥαγδαῖοι
1128 398 1210 460 τῆς
1253 398 1339 461 γῆς
1384 389 1684 459 καταχέοιντό

101 500 229 531 ποτε.
293 478 364 529 ὅτι
393 479 548 530 τοίνυν
579 479 668 530 ὑπὸ
695 483 802 549 Θεῷ
835 477 1077 545 γεγονότες
1103 476 1495 538 ἀνεπιβούλευτον
1522 472 1685 541 ἕξουσι

102 561 184 613 τὸν
232 561 564 625 ἐπισκιασμὸν,
615 562 715 626 ἤτοι
756 559 842 625 τὴν
882 560 1158 627 ἐπικουρίαν,
1209 558 1484 628 ὑπεμφαίνει
1532 554 1687 621 λέγων

62 641 224 710 5'E7121
261 646 318 699 ὡς
351 641 551 713 ἄρκευθος
586 644 872 714 πυκάζουστι.

168 724 284 777 “On
323 725 371 777 δὲ
408 730 544 777 πᾶσα
583 726 881 793 καρποφορία
911 729 1006 776 τῶν
1042 722 1131 776 ὑπὸ
1165 727 1273 791 Θεῷ
1306 719 1470 788 γένοιτ’
1507 718 1563 770 ἂν
1602 719 1689 786 οὐχ

105 807 282 875 ἑτέρως,
313 807 342 873 ἢ
378 809 426 859 ἐν
460 811 675 877 Χριστῷ,
706 809 780 858 καὶ
819 805 895 857 διά
934 810 1163 873 Χριστοῦ,
1202 801 1565 872 πληροφορήσει
1603 801 1683 851 λε’·
1707 826 1729 851 a
1756 816 1838 849 196
1859 814 1909 849 Α.

1751 884 1782 913 S.
1801 883 1902 913 Joan.

106 914 205 957 γων
256 888 392 944 αὐτὸς
433 891 481 940 ἐν
525 891 842 955 εὐαγγελικοῖς
889 889 1190 952 θεσπίσμασι
1233 887 1437 951 ἐςΧωρὶς
1480 885 1592 948 ἐμοῦ
1637 883 1690 933 οὐ
1751 937 1805 957 xv.
1825 935 1854 965 5·

107 981 134 1003 “
159 972 362 1024 δύνασθε
388 977 534 1025 ποιεῖν
561 971 738 1023 οὐδε’ν.”
782 972 959 1037 λεγέτω
986 970 1042 1035 δὴ
1069 971 1150 1021 οὖν
1176 967 1360 1021 εἰκότως
1387 965 1573 1035 ἑκάστῳ
1597 968 1692 1015 τῶν

43 1076 90 1100 10
107 1053 496 1117 πεπιστευκότων,
537 1054 661 1121 ε’ίπερ
703 1076 772 1107 τις
815 1053 881 1118 εἴη
917 1051 1137 1119 λαμπρός
1181 1075 1229 1103 τε
1266 1052 1341 1101 καὶ
1385 1047 1692 1117 ἀξιάγαστος,

109 1139 183 1189 καὶ
206 1139 254 1188 ἐν
279 1136 547 1205 αὐχήμασιν
573 1138 738 1203 ἀρετῆς
762 1136 842 1206 Ἐξ
869 1137 973 1204 ἐμοῦ
1000 1142 1018 1188 ὁ
1048 1138 1221 1205 καρπός
1245 1157 1320 1183 σου
1345 1131 1529 1201 ηὕρηται.

111 1394 185 1436 Τίς
216 1395 349 1451 σοφὸς
388 1395 456 1435 καὶ
493 1395 663 1436 συνώσει
698 1397 853 1445 ταῦτα;
893 1392 916 1433 εἳ
945 1392 1118 1435 συνετὸς
1157 1391 1225 1431 Καὶ
1251 1387 1533 1437 ὲΠιΓνὼσεται
1560 1386 1693 1437 αὐτά,
1716 1406 1738 1442 9

178 1478 283 1520 διότι
319 1475 479 1520 εὐθεῖαι
516 1476 558 1519 αἱ
596 1478 690 1519 ὁδοὶ
726 1480 798 1519 τοῦ
835 1476 997 1533 Κυρίου,
1030 1476 1099 1516 καὶ
1136 1474 1292 1516 δίκαιοι
1329 1474 1611 1529 Πορεύσονται
1648 1469 1692 1510 ὲν

180 1559 339 1603 αὐτοῖς·
378 1560 417 1602 οἰ
444 1561 488 1602 δὲ
516 1558 681 1612 ἀσεβεῖς
708 1561 1012 1603 ἀσθενιίσουσιν
1039 1560 1082 1600 ἐν
1111 1555 1274 1599 αὐταῖς.

51 1695 96 1733 15
187 1680 288 1732 Τὸν
327 1680 517 1732 συνιέντα
556 1686 682 1733 ταυτὶ
723 1678 882 1750 σοφόν
918 1703 968 1730 τε
1016 1677 1130 1730 εἶναι
1166 1679 1241 1728 καὶ
1285 1674 1609 1727 συνετώτατον
1647 1673 1695 1723 εὖ
1714 1682 1740 1722 b

116 1761 249 1826 μάλα
294 1763 457 1832 φησίν.
526 1763 719 1815 ἔκκειται
766 1762 860 1830 γὰρ
908 1763 1011 1830 οὐχὶ
1061 1765 1158 1814 τοῖς
1207 1758 1453 1810 ἐθέλουσιν
1504 1755 1696 1818 ἑτοίμως

118 1845 240 1895 ἑλεῖν
288 1845 317 1908 ἡ
357 1849 451 1896 τῶν
492 1846 625 1896 θείων
673 1844 832 1912 λόγων
875 1844 1160 1912 κατάληψις,
1211 1843 1320 1892 ἀλλ’
1369 1838 1467 1891 οὐδ’
1511 1836 1569 1889 ἂν
1610 1837 1692 1889 δυ’-

120 1926 248 1977 ναιτό
285 1949 353 1980 τις
390 1927 594 1978 συνιέναι
619 1935 646 1958 “
661 1926 946 1994 παραβολὴν
972 1928 1047 1977 καὶ
1078 1923 1322 1976 σκοτεινὸν
1353 1922 1513 1988 λόγον,
1537 1919 1697 1988 ῥήσεις
1759 1935 1856 2011 ἕνον.
1875 1936 1897 1967 i.

121 2015 148 2037 ‘⁶
168 2030 218 2059 τε
246 2012 415 2075 σοφῶν
440 2010 515 2059 καὶ
549 2011 837 2076 αἰνίγματα,”
867 2008 986 2060 κατὰ
1015 2007 1069 2059 τὸ
1102 2005 1441 2074 γεγραμμένον,
1469 2006 1505 2054 εἰ
1532 2001 1596 2067 μὴ
1623 2001 1698 2052 διὰ
1783 2003 1791 2011 ’

54 2112 103 2137 20
121 2093 204 2154 τῆς
237 2089 413 2141 ἄνωθεν
446 2092 704 2159 δᾳδουχίας,
732 2095 950 2158 Χριστοῦ
983 2090 1219 2143 καθιέντος
1249 2092 1311 2142 εἷς
1346 2091 1455 2138 νοῦν
1481 2087 1556 2136 καὶ
1586 2106 1699 2150 καρ-

122 2171 224 2223 δίαν
280 2169 441 2239 οῖοῖπερ
503 2174 665 2224 ἀκτῖνα
720 2172 959 2240 λαμπρὰν,
1011 2171 1097 2237 τὴν
1159 2172 1267 2237 παρ’
1321 2170 1485 2220 ἑαυτοῦ
1547 2165 1697 2234 χάριν.

123 2251 333 2304 διδάσκει
383 2253 445 2317 δὲ,
484 2253 554 2305 ὅτι
597 2253 651 2306 τὸ
695 2253 780 2318 μὲν
821 2256 1051 2306 δύνασθαι
1102 2252 1301 2305 διάττειν
1348 2249 1435 2314 τὴν
1477 2250 1545 2301 ἐπ’
1593 2246 1700 2299 εὐθὺ

124 2336 199 2386 καὶ
239 2334 536 2386 ἀνδάνουσαν
572 2340 638 2405 τῷ
677 2340 784 2405 Θεῷ
820 2337 997 2402 τρίβον,
1033 2335 1365 2400 ἀταλαίπωρον
1403 2333 1567 2395 κομιδῆ
1606 2335 1702 2385 τοῖς

124 2416 433 2480 κοσμιότητος
463 2418 696 2483 ἐρασταῖς·
740 2419 823 2469 οὐκ
858 2417 1038 2485 ἄτραχυ
1083 2415 1131 2467 δὲ
1174 2415 1228 2466 τὸ
1267 2413 1426 2482 χρῆμά
1467 2415 1570 2463 ἐστι
1607 2417 1702 2466 τοῖς
1720 2437 1742 2464 ο

58 2518 106 2556 25
126 2499 212 2566 οὐχ
252 2496 340 2548 ὦδε
381 2498 542 2565 ε”χουσι
578 2500 784 2564 γνώμης.
850 2498 957 2552 τοὺς
994 2497 1080 2562 μὲν
1120 2497 1215 2563 γὰρ
1252 2497 1280 2561 ἡ
1319 2500 1379 2549 εἰς
1417 2499 1512 2546 πᾶν
1550 2496 1704 2546 ὁτιοῦν

125 2585 219 2631 τῶν
252 2582 443 2645 ἀγαθῶν
475 2580 635 2648 ἔφεσίς
671 2603 721 2631 τε
756 2582 830 2631 καὶ
867 2579 1104 2647 προθυμία
1143 2581 1384 2643 διανευροῖ,
1410 2579 1485 2628 καὶ
1516 2576 1705 2646 ἀσχέτῳ

128 2662 353 2732 φέρεσθαι
391 2662 535 2713 πείθει
571 2661 728 2732 δρόμῳ
760 2661 879 2729 πρὸς
917 2661 971 2713 τὸ
1016 2662 1168 2713 θέλειν
1205 2662 1469 2724 εὐδοκιμεῖν·
1510 2658 1618 2713 τοὺς
1656 2658 1704 2711 δὲ

177 2833 209 2856 2.
236 2821 466 2868 καταχέοιντό]
487 2822 712 2868 καταχέωνταί
728 2822 821 2856 Edd.
839 2823 955 2857 invitis
974 2823 1069 2857 B.D.
1302 2834 1335 2868 3.
1360 2823 1425 2856 ὑπὸ
1444 2824 1518 2869 Θεῷ
1537 2822 1629 2858 B.D.
1648 2823 1704 2858 ἐπὶ

130 2872 204 2915 Θεῷ
222 2869 257 2903 b.
275 2869 341 2903 ὑπὸ
360 2872 446 2903 Θεοῦ
464 2869 556 2904 Edd.
730 2870 763 2903 8.
789 2870 824 2903 ἐν
839 2876 1060 2914 assumptum
1078 2881 1119 2903 ex
1133 2869 1181 2905 D.
1350 2881 1403 2904 10.
1429 2884 1464 2903 τε
1482 2878 1705 2915 assumptum

130 2928 170 2950 ex
192 2917 237 2950 D.
507 2928 559 2951 ΙΙ.
586 2915 723 2961 ηὕρηται
742 2916 788 2950 D.
806 2915 940 2961 εὕρηται
958 2916 1049 2951 Edd.
1311 2927 1364 2950 12.
1391 2916 1528 2952 συνέσει
1546 2917 1625 2961 (sic)
1643 2917 1704 2951 iid.

134 2974 186 3005 14.
213 2962 479 3008 ἀσθενὴσουσιν]
499 2963 788 3008 ἐξασθενὴσουσιν
806 2963 844 2997 F.
958 2963 1011 2999 16.
1038 2964 1234 2999 ἐθελκουσιν
1253 2962 1332 3009 (sic)
1353 2963 1399 2999 D.
1522 2972 1574 3009 17.
1593 2966 1706 3010 λόγων

132 3009 225 3045 B.D.
244 3011 369 3056 λογίων
388 3009 479 3045 Edd.
670 3021 724 3056 23.
751 3009 838 3056 τοῖς]
857 3011 914 3055 τῆς
932 3009 991 3046 iid-
