2021 3434
326 205 410 244 670
722 206 771 245 Β.
807 206 1082 247 CYRILLI
1128 207 1509 248 ALEXANDR.
1665 206 1721 245 iv.
1749 214 1814 251 11,
1837 213 1900 241 12.

324 314 461 380 φησὶ,
486 313 734 376 τληπαθὴς
771 312 856 365 ε”σο
892 313 1011 379 πρὸς
1042 314 1124 369 τὰς
1160 313 1334 374 ὠδῖνας,
1362 314 1645 381 διακαρτέρει
1674 312 1793 379 πρὸς
1819 311 1902 364 τὰς

323 394 491 455 λύπας,
528 395 680 465 ἔγγιζε
718 400 784 465 τῷ
829 397 1011 458 τίκτειν,
1048 397 1305 456 τουτέστιν,
1347 399 1428 448 οὐκ
1467 397 1555 465 ε”σῃ
1592 395 1775 461 μακρὰν
1808 399 1903 445 τῶν

278 477 742 540 ὓπροσδοκωμένων·
790 480 899 529 ἀλλ’
943 478 1040 530 οῖον
1079 480 1239 548 ἐπίτεξ
1279 481 1366 544 ἤδη
1410 479 1528 544 γυνὴ
1569 476 1902 544 κατολολύξεις

321 559 371 607 ἐκ
396 558 570 620 πόνων,
594 561 772 626 ἀφεῖσα
798 560 846 611 δὲ
873 560 1033 614 πόλεις
1059 561 1142 614 τὰς
1167 561 1515 628 εὐπυργοτάτας
1544 561 1903 618 κατασκηνώσεις

323 640 360 689 ἐν
400 637 555 709 πεδχίῳ,
596 642 978 711 καταυλισθήσῃ,
1021 647 1185 712 φησὶν,
1222 646 1271 694 ἐν
1309 643 1512 710 ἐρήμοις·
1554 642 1702 710 ἀφίξῃ
1741 640 1790 692 δὲ
1828 643 1944 693 καὶ5

321 724 384 773 εἰς
417 722 669 780 Βαβυλῶνα
702 723 862 788 αὑτήν·
902 725 1033 790 πλὴν
1067 726 1404 793 ἀπαράκλητον
1435 727 1517 777 οὐκ
1551 725 1603 794 ἐᾷ
1638 726 1897 775 παντελῶς·

320 804 622 868 προστέθεικε
653 805 746 872 γὰρ
780 806 914 861 εὐθὺς
945 807 1015 858 ὅτι
1050 810 1126 859 καὶ
1157 808 1454 878 διαφεύξεται
1479 809 1556 858 καὶ
1581 804 1900 870 ἀνακομισθή-

321 907 456 936 σεται
479 886 627 937 πάλιν
652 891 1043 955 κατοικτείροντος
1070 895 1209 943 Θεοῦ.

400 967 684 1020 Κάλλιστον
710 972 791 1021 οὖν
816 971 908 1038 ἄρα
941 972 996 1023 τὸ
1032 972 1120 1024 ὑπὸ
1149 977 1257 1043 Θεῷ
1282 973 1434 1036 με’νειν
1459 974 1534 1024 καὶ
1560 970 1903 1033 βασιλεύεσθαι

322 1052 398 1100 καὶ
435 1050 576 1102 αὐτὸν
609 1058 846 1104 ποιεῖσθαι
881 1056 1088 1117 δύναμιν,
1120 1054 1480 1120 ὑπερασπιστήν
1510 1077 1560 1106 τε
1598 1056 1674 1105 καὶ
1704 1052 1904 1119 ἀρωγὸν,
1927 1071 1975 1097 10

283 1133 448 1201 οαὺτῴ
485 1138 760 1199 καθυφεῖναι
796 1135 925 1206 μόνῳ
963 1140 1046 1202 τῆς
1084 1141 1246 1206 ψυχῆς
1280 1137 1363 1189 τὸν
1401 1137 1587 1205 αὐχένα,
1628 1140 1724 1189 τοῖς
1762 1135 1904 1185 αὐτοῦ

321 1214 561 1277 θελήμασι
586 1222 734 1280 βιοῦν,
763 1221 838 1269 καὶ
876 1220 1025 1284 λόγου
1062 1220 1239 1274 παντὸς
1270 1222 1432 1290 ἀξιοῦν
1469 1220 1524 1271 τὸ
1563 1220 1688 1287 αὐτῷ
1724 1220 1902 1269 δοκοῦν.

284 1336 289 1350 ;
319 1295 347 1360 ἦ
382 1301 418 1346 εὶ
453 1298 519 1360 μὴ
560 1304 698 1350 τοῦτο
733 1299 959 1369 δρῴημεν,
993 1301 1148 1367 πάντη
1182 1326 1231 1354 τε
1263 1306 1337 1354 καὶ
1369 1302 1556 1357 πάντως
1583 1301 1673 1353 ὑπὸ
1713 1300 1904 1365 νοητοὺς

318 1378 524 1441 ἐσόμεθα
552 1383 881 1446 Βαβυλωνίους,
908 1385 1319 1451 ἀντιτεταγμένους
1346 1385 1401 1449 δὴ
1429 1385 1554 1451 λέγω
1588 1386 1663 1435 καὶ
1699 1382 1904 1447 ἀκαθάρ-

318 1483 426 1515 τους
465 1462 696 1527 δυνάμεις,
744 1467 820 1516 καὶ
866 1466 954 1517 ὑπὸ
996 1466 1081 1531 τὴν
1122 1469 1315 1533 πρώτην
1359 1467 1522 1534 ἀρχὴν,
1563 1465 1777 1518 τουτέστι
1821 1465 1903 1516 τὸν
1927 1483 1974 1518 10

97 1542 247 1573 Heb.xi.

102 1597 139 1618 ω
318 1549 545 1607 σατανᾶν,
572 1545 756 1601 πόλεως
781 1547 829 1598 δὲ
854 1548 1018 1614 ὥσπερ
1052 1553 1134 1613 τῆς
1168 1551 1304 1616 ἁγίας
1335 1550 1649 1618 ἐξεῤῥιμμένοι
1675 1560 1701 1578 “
1724 1549 1776 1613 ἧς
1801 1549 1905 1598 ἐστι

319 1632 345 1655 “
371 1627 581 1693 τεχνίτης
616 1630 690 1679 καὶ
732 1632 1011 1696 δημίουργος
1050 1633 1075 1682 ὁ
1113 1630 1272 1694 Θεὸς,”
1305 1632 1390 1695 τὴν
1425 1633 1747 1692 Βαβυλωνίων
1781 1630 1905 1694 οἰκή-

318 1731 480 1771 σομεν.
544 1711 591 1760 ἐν
617 1712 853 1778 συγχύσει
879 1712 973 1778 γὰρ
1007 1716 1083 1764 καὶ
1115 1717 1334 1780 θορύβοις
1370 1714 1587 1777 ἐσόμεθα,
1615 1717 1784 1767 ἱκανοῖς
1822 1718 1905 1762 τοῦ

318 1789 553 1856 παρόντος
595 1794 701 1853 βίου
742 1800 1112 1860 περισπασμοῖς.
1190 1797 1428 1864 σύγχυσις
1466 1796 1559 1862 γὰρ
1600 1796 1628 1861 ἠ
1668 1793 1905 1855 Βαβυλὼν
2002 1870 2005 1871 ⁷

276 1877 302 1918 d
321 1874 632 1939 ἑρμηνεύεται.
1926 1898 1975 1923 20
1993 1932 1997 1938 ,

256 2164 297 2187 11
324 2143 399 2184 Καὶ
425 2147 497 2185 νῦν
523 2144 780 2202 ἑπισυνήχθΗ
807 2146 872 2189 ἐπὶ
899 2147 945 2190 σὲ
970 2148 1071 2190 {evm
1099 2149 1240 2190 πολλὰ
1267 2147 1305 2190 οἶ
1332 2149 1905 2207 λέΓοντεεἘπιχαρούμεθα,

256 2240 329 2273 12⁴
390 2228 459 2268 καὶ
496 2227 733 2279 ὲτῐόψονται
758 2230 840 2273 γ«ἐπὶ
877 2231 991 2272 Σιὼν
1034 2230 1073 2273 οἷ
1113 2232 1332 2288 ὀφθαλμοὶ
1369 2233 1505 2282 ἡμῶν.
1565 2233 1633 2274 καὶ
1671 2233 1791 2276 αὐτοὶ
1828 2235 1903 2275 οὐκ

385 2311 578 2358 ἔΓνωσαν
617 2313 690 2355 τὸν
730 2314 930 2363 λοΓισμὸν
981 2314 1143 2372 Κυρίου,
1185 2315 1249 2358 καὶ
1300 2317 1349 2358 οὐ
1399 2322 1582 2359 συνῆκαν
1621 2317 1698 2359 τήν
1748 2317 1904 2368 βουλὴν

371 2511 398 2534 1.
424 2501 483 2536 τὰς
500 2502 558 2536 alt.
576 2513 645 2536 om.
665 2503 708 2537 A.
1011 2516 1044 2550 3.
1071 2505 1206 2551 ἐπιτέξῃ
1225 2507 1265 2551 δὴ
1284 2518 1346 2552 pro
1364 2507 1478 2551 ἐπίτεξ
1495 2508 1556 2552 ἤδη
1574 2508 1618 2542 A.
1667 2508 1906 2552 καταλολύζεις

320 2547 401 2590 (sic)
422 2547 463 2582 B.
669 2564 702 2592 4.
727 2550 875 2597 ἀφεῖσα]
895 2552 1040 2597 ἀφιεῖσα
1060 2553 1151 2587 Edd.
1364 2565 1396 2599 5.
1424 2558 1534 2599 φησιν
1550 2567 1620 2589 om.
1642 2555 1683 2590 B.
1731 2555 1842 2604 ἐρήμῳ
1860 2557 1904 2591 A.

320 2593 353 2627 6.
377 2596 550 2631 παντελῶς
568 2596 627 2630 οὐκ
645 2597 681 2641 ἐᾷ
700 2598 839 2631 inverso
856 2599 978 2633 ordine
995 2600 1037 2633 A.
1287 2612 1318 2645 7.
1344 2602 1441 2637 εὐθὺς
1459 2608 1681 2647 assumptum
1699 2614 1741 2636 ex
1758 2604 1802 2636 A.
1851 2603 1905 2637 καὶ

320 2640 415 2684 prius
433 2653 503 2675 om.
523 2643 567 2676 A.
640 2643 864 2689 ἀναφεὺξεται
889 2647 942 2680 καὶ
967 2647 1161 2691 διακομισθ.
1181 2647 1273 2682 Edd.
1293 2648 1411 2682 invitis
1430 2649 1520 2683 A.B.
1596 2649 1721 2683 Statim
1738 2651 1843 2684 πάλιν
1858 2650 1903 2684 A.

317 2689 410 2731 παρὰ
430 2688 521 2722 Edd.
542 2689 718 2725 Neutrum
738 2691 842 2726 habet
862 2693 902 2727 B.
1308 2695 1342 2729 8.
1369 2709 1513 2729 κατοικτ.
1534 2698 1621 2729 Θεοῦ
1638 2695 1705 2730 hoc
1721 2696 1843 2731 ordine
1860 2697 1904 2731 A.

323 2744 376 2768 10.
402 2735 661 2781 ὑπερασπιστὴν
677 2737 730 2784 τε]
749 2740 991 2783 προασπιστὴν
1007 2741 1051 2774 A.
1266 2752 1318 2776 12.
1345 2742 1461 2786 ἀξιοῦν
1476 2743 1515 2777 τὸ
1531 2743 1620 2788 αὐτῷ
1637 2743 1757 2777 δοκοῦν
1777 2743 1905 2777 desunt

319 2780 353 2813 in
373 2782 417 2815 A·
759 2797 812 2831 13.
839 2789 969 2831 νοητοῖς
986 2787 1039 2822 ε’σ.
1059 2788 1299 2829 Βαβυλωνίοις,
1317 2788 1594 2834 ἀντιτεταγμένας
1609 2790 1654 2824 Α.
1720 2790 1846 2824 Statim
1863 2791 1904 2834 δὴ

319 2836 540 2873 assumptum
559 2842 601 2864 ex
619 2831 661 2865 A.
1029 2836 1081 2869 18.
1108 2835 1143 2868 ἐν
1159 2847 1229 2869 om.
1245 2837 1287 2869 A.
1337 2836 1461 2871 ἱκανοῖς
1477 2838 1521 2870 A.
1539 2838 1609 2871 τοῖς
1625 2836 1757 2872 οἷκείοις
1777 2837 1817 2871 Β.
1835 2839 1905 2872 τοῖς

320 2873 453 2910 εἷκιιίοις
472 2876 563 2911 Edd.
711 2890 763 2922 19.
789 2880 856 2924 γὰρ
873 2888 1096 2926 assumptum
1114 2893 1155 2915 ex
1171 2883 1214 2916 A.
1359 2894 1413 2916 21.
1441 2882 1649 2928 ε’πισυνήχθη
1664 2883 1756 2918 A.B.
1770 2884 1904 2925 (Alex.)

319 2920 596 2967 ἐπισυνήχθησαν
615 2924 704 2959 Edd.
723 2926 846 2971 (Vat.)
895 2929 925 2960 οἶ
943 2935 1164 2972 assumptum
1183 2941 1224 2962 ex
1243 2929 1333 2963 A.B.
1353 2929 1473 2974 (Alex.
1494 2929 1601 2974 XII.)
1768 2941 1823 2964 22.
1850 2931 1903 2964 καὶ

319 2967 525 3058 ‹11’1·11021A.(B(L
540 2970 661 3061 (Alex.
682 2972 788 3017 XII.)
805 2974 900 3008 αὐτοὶ
918 2974 954 3009 δὲ
973 2974 1064 3009 Edd.
1083 2975 1206 3020 (Vat.)
1606 2988 1661 3021 23.
1686 2977 1764 3012 τοὺς
1779 2979 1901 3022 λογισ-

318 3027 400 3054 pour
431 3024 456 3048 ⁴.
514 3016 561 3050 Ἴ0.
