<?xml version="1.0" encoding="UTF-8"?>
<!DOCTYPE html PUBLIC "-//W3C//DTD XHTML 1.0 Transitional//EN"
    "http://www.w3.org/TR/xhtml1/DTD/xhtml1-transitional.dtd">
<html xmlns="http://www.w3.org/1999/xhtml" xml:lang="en" lang="en">
 <head>
  <title>
</title>
<meta http-equiv="Content-Type" content="text/html;charset=utf-8" />
  <meta name='ocr-system' content='tesseract 3.04.00' />
  <meta name='ocr-capabilities' content='ocr_page ocr_carea ocr_par ocr_line ocrx_word'/>
</head>
<body>
  <div class='ocr_page' id='page_1' title='image "./operacyrilli01cyriuoft/operacyrilli01cyriuoft_0029.png"; bbox 0 0 2021 3434; ppageno 0'>
   <div class='ocr_carea' id='block_1_1' title="bbox 94 226 1676 271">
    <p class='ocr_par' dir='ltr' id='par_1_1' title="bbox 94 226 1676 271">
     <span class='ocr_line' id='line_1_1' title="bbox 94 226 1676 271; baseline 0.002 -3"><span class='ocrx_word' id='word_1_1' title='bbox 94 226 120 269; x_wconf 85' lang='lat' dir='ltr'>i.</span> <span class='ocrx_word' id='word_1_2' title='bbox 148 242 182 271; x_wconf 91' lang='lat'>1.</span> <span class='ocrx_word' id='word_1_3' title='bbox 570 228 642 270; x_wconf 94' lang='lat' dir='ltr'>IN</span> <span class='ocrx_word' id='word_1_4' title='bbox 684 228 922 270; x_wconf 88' lang='lat' dir='ltr'><strong>OSEAM.</strong></span> <span class='ocrx_word' id='word_1_5' title='bbox 983 227 1135 269; x_wconf 83' lang='lat' dir='ltr'><strong>TOM.</strong></span> <span class='ocrx_word' id='word_1_6' title='bbox 1178 227 1212 269; x_wconf 95' lang='grc' dir='ltr'>Ι.</span> <span class='ocrx_word' id='word_1_7' title='bbox 1649 228 1676 271; x_wconf 89' lang='grc'><strong>9</strong></span> 
     </span>
    </p>
   </div>
   <div class='ocr_carea' id='block_1_2' title="bbox 19 334 1878 2882">
    <p class='ocr_par' dir='ltr' id='par_1_2' title="bbox 19 334 1878 2882">
     <span class='ocr_line' id='line_1_2' title="bbox 93 334 1674 407; baseline -0.004 -18"><span class='ocrx_word' id='word_1_8' title='bbox 93 337 256 404; x_wconf 83' lang='grc' dir='ltr'>γέγονε</span> <span class='ocrx_word' id='word_1_9' title='bbox 294 339 495 404; x_wconf 88' lang='grc' dir='ltr'>τρόπων,</span> <span class='ocrx_word' id='word_1_10' title='bbox 539 337 626 404; x_wconf 86' lang='grc' dir='ltr'>τὴν</span> <span class='ocrx_word' id='word_1_11' title='bbox 665 339 777 404; x_wconf 83' lang='grc' dir='ltr'>ἰ’σην</span> <span class='ocrx_word' id='word_1_12' title='bbox 820 337 982 405; x_wconf 80' lang='grc' dir='ltr'>ὥσπερ</span> <span class='ocrx_word' id='word_1_13' title='bbox 1028 334 1258 407; x_wconf 77' lang='grc' dir='ltr'>ἁμαξιτὸν</span> <span class='ocrx_word' id='word_1_14' title='bbox 1301 334 1560 403; x_wconf 80' lang='grc' dir='ltr'>ἐρχόμενος,</span> <span class='ocrx_word' id='word_1_15' title='bbox 1599 336 1674 384; x_wconf 83' lang='grc' dir='ltr'>καὶ</span> 
     </span>
     <span class='ocr_line' id='line_1_3' title="bbox 93 415 1676 486; baseline -0.003 -15"><span class='ocrx_word' id='word_1_16' title='bbox 93 422 228 472; x_wconf 72' lang='grc' dir='ltr'>οἱονεὶ</span> <span class='ocrx_word' id='word_1_17' title='bbox 264 421 385 473; x_wconf 80' lang='grc' dir='ltr'>κατὰ</span> <span class='ocrx_word' id='word_1_18' title='bbox 421 421 570 476; x_wconf 88' lang='grc' dir='ltr'>πόδας</span> <span class='ocrx_word' id='word_1_19' title='bbox 606 425 689 486; x_wconf 85' lang='grc' dir='ltr'>τῆς</span> <span class='ocrx_word' id='word_1_20' title='bbox 722 421 893 473; x_wconf 86' lang='grc' dir='ltr'>ἐκείνου</span> <span class='ocrx_word' id='word_1_21' title='bbox 931 420 1216 482; x_wconf 80' lang='grc' dir='ltr'>δυσσεβείας</span> <span class='ocrx_word' id='word_1_22' title='bbox 1254 419 1436 479; x_wconf 77' lang='grc' dir='ltr'>ἐλθώνς</span> <span class='ocrx_word' id='word_1_23' title='bbox 1478 415 1591 479; x_wconf 77' lang='grc' dir='ltr'>εἶτα,</span> <span class='ocrx_word' id='word_1_24' title='bbox 1627 416 1676 467; x_wconf 85' lang='grc' dir='ltr'>τί</span> 
     </span>
     <span class='ocr_line' id='line_1_4' title="bbox 93 499 1854 588; baseline -0.003 -33"><span class='ocrx_word' id='word_1_25' title='bbox 93 507 218 570; x_wconf 88' lang='grc' dir='ltr'>φησι</span> <span class='ocrx_word' id='word_1_26' title='bbox 256 503 310 555; x_wconf 84' lang='grc' dir='ltr'>τὸ</span> <span class='ocrx_word' id='word_1_27' title='bbox 348 503 546 571; x_wconf 79' lang='grc' dir='ltr'>γράμμα</span> <span class='ocrx_word' id='word_1_28' title='bbox 582 503 637 555; x_wconf 84' lang='grc' dir='ltr'>τὸ</span> <span class='ocrx_word' id='word_1_29' title='bbox 673 505 823 571; x_wconf 60' lang='grc' dir='ltr'>ἱερόν,</span> <span class='ocrx_word' id='word_1_30' title='bbox 866 506 992 555; x_wconf 83' lang='grc' dir='ltr'>“Ἐν</span> <span class='ocrx_word' id='word_1_31' title='bbox 1026 503 1114 554; x_wconf 72' lang='grc' dir='ltr'>ε”τει</span> <span class='ocrx_word' id='word_1_32' title='bbox 1145 505 1342 571; x_wconf 74' lang='grc' dir='ltr'>εἰκοστῷ</span> <span class='ocrx_word' id='word_1_33' title='bbox 1376 503 1452 553; x_wconf 80' lang='grc' dir='ltr'>καὶ</span> <span class='ocrx_word' id='word_1_34' title='bbox 1485 499 1672 569; x_wconf 75' lang='grc' dir='ltr'>ἑβδόμῳ</span> <span class='ocrx_word' id='word_1_35' title='bbox 1732 513 1854 588; x_wconf 52' lang='grc' dir='ltr'>ΞνΒείς.</span> 
     </span>
     <span class='ocr_line' id='line_1_5' title="bbox 94 566 1878 653; baseline -0.001 -16"><span class='ocrx_word' id='word_1_36' title='bbox 94 592 122 614; x_wconf 84' lang='grc'><strong>“</strong></span> <span class='ocrx_word' id='word_1_37' title='bbox 146 591 229 637; x_wconf 87' lang='grc' dir='ltr'>τοῦ</span> <span class='ocrx_word' id='word_1_38' title='bbox 272 587 521 653; x_wconf 78' lang='grc' dir='ltr'>Ἱεροβοάμ</span> <span class='ocrx_word' id='word_1_39' title='bbox 564 586 803 648; x_wconf 83' lang='grc' dir='ltr'>βασιλέως</span> <span class='ocrx_word' id='word_1_40' title='bbox 846 583 1061 653; x_wconf 84' lang='grc' dir='ltr'>Ἰσραὴλ,</span> <span class='ocrx_word' id='word_1_41' title='bbox 1104 585 1418 647; x_wconf 85' lang='grc' dir='ltr'>ἐβασίλευσεν</span> <span class='ocrx_word' id='word_1_42' title='bbox 1454 583 1672 649; x_wconf 76' lang='grc' dir='ltr'>Ἀζαρίας</span> <span class='ocrx_word' id='word_1_43' title='bbox 1780 582 1786 588; x_wconf 61' lang='grc'><strong>’</strong></span> <span class='ocrx_word' id='word_1_44' title='bbox 1828 566 1878 597; x_wconf 46' lang='lat'>‘⁵&#39;</span> 
     </span>
     <span class='ocr_line' id='line_1_6' title="bbox 52 665 1711 733; baseline -0.002 -13"><span class='ocrx_word' id='word_1_45' title='bbox 52 679 75 717; x_wconf 87' lang='grc'><strong>5</strong></span> <span class='ocrx_word' id='word_1_46' title='bbox 96 675 123 697; x_wconf 88' lang='grc'><strong>“</strong></span> <span class='ocrx_word' id='word_1_47' title='bbox 148 667 242 723; x_wconf 77' lang='grc' dir='ltr'>υἱὸς</span> <span class='ocrx_word' id='word_1_48' title='bbox 267 669 504 733; x_wconf 86' lang='grc' dir='ltr'>Ἀμασίου</span> <span class='ocrx_word' id='word_1_49' title='bbox 541 667 779 729; x_wconf 79' lang='grc' dir='ltr'>βασιλέως</span> <span class='ocrx_word' id='word_1_50' title='bbox 806 669 974 731; x_wconf 80' lang='grc' dir='ltr'>Ἰούδα,</span> <span class='ocrx_word' id='word_1_51' title='bbox 1007 667 1057 723; x_wconf 73' lang='grc' dir='ltr'>ὃς</span> <span class='ocrx_word' id='word_1_52' title='bbox 1095 667 1333 719; x_wconf 82' lang='grc' dir='ltr'>ἑκκαίδεκα</span> <span class='ocrx_word' id='word_1_53' title='bbox 1368 668 1484 718; x_wconf 80' lang='grc' dir='ltr'>ε’τῶν</span> <span class='ocrx_word' id='word_1_54' title='bbox 1521 665 1591 731; x_wconf 79' lang='grc' dir='ltr'>ἧν,</span> <span class='ocrx_word' id='word_1_55' title='bbox 1624 667 1711 717; x_wconf 76' lang='grc' dir='ltr'>ε’νθ</span> 
     </span>
     <span class='ocr_line' id='line_1_7' title="bbox 96 749 1672 820; baseline -0.001 -18"><span class='ocrx_word' id='word_1_56' title='bbox 96 758 123 780; x_wconf 90' lang='grc'><strong>“</strong></span> <span class='ocrx_word' id='word_1_57' title='bbox 148 755 214 820; x_wconf 74' lang='grc' dir='ltr'>τῷ</span> <span class='ocrx_word' id='word_1_58' title='bbox 273 751 544 813; x_wconf 81' lang='grc' dir='ltr'>βασιλεύειν</span> <span class='ocrx_word' id='word_1_59' title='bbox 624 749 778 814; x_wconf 82' lang='grc' dir='ltr'>αὐτόν,</span> <span class='ocrx_word' id='word_1_60' title='bbox 834 753 909 801; x_wconf 78' lang='grc' dir='ltr'>καὶ</span> <span class='ocrx_word' id='word_1_61' title='bbox 971 749 1053 802; x_wconf 83' lang='grc' dir='ltr'>δύο</span> <span class='ocrx_word' id='word_1_62' title='bbox 1114 752 1189 802; x_wconf 80' lang='grc' dir='ltr'>καὶ</span> <span class='ocrx_word' id='word_1_63' title='bbox 1244 749 1532 814; x_wconf 87' lang='grc' dir='ltr'>πεντήκοντα</span> <span class='ocrx_word' id='word_1_64' title='bbox 1594 749 1672 814; x_wconf 81' lang='grc' dir='ltr'>ε”τη</span> 
     </span>
     <span class='ocr_line' id='line_1_8' title="bbox 95 832 1672 901; baseline -0.002 -16"><span class='ocrx_word' id='word_1_65' title='bbox 95 839 124 862; x_wconf 89' lang='grc'><strong><em>“</em></strong></span> <span class='ocrx_word' id='word_1_66' title='bbox 149 834 463 894; x_wconf 81' lang='grc' dir='ltr'>ἐβασίλευσεν</span> <span class='ocrx_word' id='word_1_67' title='bbox 500 835 548 885; x_wconf 90' lang='grc' dir='ltr'>ἐν</span> <span class='ocrx_word' id='word_1_68' title='bbox 578 832 905 900; x_wconf 81' lang='grc' dir='ltr'>Ἰερουσαλήμ,</span> <span class='ocrx_word' id='word_1_69' title='bbox 945 834 1021 884; x_wconf 82' lang='grc' dir='ltr'>καὶ</span> <span class='ocrx_word' id='word_1_70' title='bbox 1066 832 1213 896; x_wconf 78' lang='grc' dir='ltr'>ὄνομα</span> <span class='ocrx_word' id='word_1_71' title='bbox 1252 836 1310 901; x_wconf 86' lang='grc' dir='ltr'>τῇ</span> <span class='ocrx_word' id='word_1_72' title='bbox 1350 836 1491 899; x_wconf 84' lang='grc' dir='ltr'>μητρὶ</span> <span class='ocrx_word' id='word_1_73' title='bbox 1532 833 1672 883; x_wconf 83' lang='grc' dir='ltr'>αὐτοῦ</span> 
     </span>
     <span class='ocr_line' id='line_1_9' title="bbox 100 914 1669 985; baseline -0.001 -18"><span class='ocrx_word' id='word_1_74' title='bbox 100 917 347 984; x_wconf 88' lang='grc' dir='ltr'>“Ἱεχελιά</span> <span class='ocrx_word' id='word_1_75' title='bbox 387 916 444 985; x_wconf 76' lang='grc' dir='ltr'>ἐξ</span> <span class='ocrx_word' id='word_1_76' title='bbox 472 914 803 982; x_wconf 86' lang='grc' dir='ltr'>Ἰερουσαλήμ.</span> <span class='ocrx_word' id='word_1_77' title='bbox 883 918 958 967; x_wconf 87' lang='grc' dir='ltr'>καὶ</span> <span class='ocrx_word' id='word_1_78' title='bbox 991 916 1183 980; x_wconf 85' lang='grc' dir='ltr'>ἐποίησε</span> <span class='ocrx_word' id='word_1_79' title='bbox 1225 914 1279 966; x_wconf 80' lang='grc' dir='ltr'>τὸ</span> <span class='ocrx_word' id='word_1_80' title='bbox 1318 914 1444 969; x_wconf 78' lang='grc' dir='ltr'>εὐθές</span> <span class='ocrx_word' id='word_1_81' title='bbox 1482 916 1530 966; x_wconf 90' lang='grc' dir='ltr'>ε’ν</span> <span class='ocrx_word' id='word_1_82' title='bbox 1574 916 1669 985; x_wconf 87' lang='grc' dir='ltr'>ὀφ-</span> 
     </span>
     <span class='ocr_line' id='line_1_10' title="bbox 97 997 1672 1065; baseline 0 -17"><span class='ocrx_word' id='word_1_83' title='bbox 97 1004 125 1026; x_wconf 86' lang='grc'><strong>“</strong></span> <span class='ocrx_word' id='word_1_84' title='bbox 150 1002 347 1063; x_wconf 87' lang='grc' dir='ltr'>θαλμοῖς</span> <span class='ocrx_word' id='word_1_85' title='bbox 389 999 578 1065; x_wconf 84' lang='grc' dir='ltr'>Κυρίου,</span> <span class='ocrx_word' id='word_1_86' title='bbox 624 997 744 1049; x_wconf 78' lang='grc' dir='ltr'>κατὰ</span> <span class='ocrx_word' id='word_1_87' title='bbox 780 997 936 1050; x_wconf 79' lang='grc' dir='ltr'>πάντα</span> <span class='ocrx_word' id='word_1_88' title='bbox 980 997 1074 1049; x_wconf 80' lang='grc' dir='ltr'>ὅσα</span> <span class='ocrx_word' id='word_1_89' title='bbox 1118 997 1338 1061; x_wconf 84' lang='grc' dir='ltr'>ἐποίησεν</span> <span class='ocrx_word' id='word_1_90' title='bbox 1370 997 1609 1060; x_wconf 86' lang='grc' dir='ltr'>Ἀμασίας</span> <span class='ocrx_word' id='word_1_91' title='bbox 1647 999 1672 1048; x_wconf 84' lang='grc' dir='ltr'>ὁ</span> 
     </span>
     <span class='ocr_line' id='line_1_11' title="bbox 26 1079 1671 1150; baseline 0.001 -19"><span class='ocrx_word' id='word_1_92' title='bbox 26 1094 73 1120; x_wconf 87' lang='lat'>10</span> <span class='ocrx_word' id='word_1_93' title='bbox 96 1086 123 1108; x_wconf 85' lang='lat'>“</span> <span class='ocrx_word' id='word_1_94' title='bbox 148 1079 302 1147; x_wconf 85' lang='grc' dir='ltr'>πατὴρ</span> <span class='ocrx_word' id='word_1_95' title='bbox 347 1081 499 1132; x_wconf 84' lang='grc' dir='ltr'>αὐτοῦ·</span> <span class='ocrx_word' id='word_1_96' title='bbox 549 1079 679 1146; x_wconf 88' lang='grc' dir='ltr'>πλὴν</span> <span class='ocrx_word' id='word_1_97' title='bbox 721 1081 780 1132; x_wconf 79' lang='grc' dir='ltr'>τὰ</span> <span class='ocrx_word' id='word_1_98' title='bbox 826 1080 996 1150; x_wconf 79' lang='grc' dir='ltr'>ὑψηλὰ</span> <span class='ocrx_word' id='word_1_99' title='bbox 1039 1081 1119 1132; x_wconf 78' lang='grc' dir='ltr'>οὐκ</span> <span class='ocrx_word' id='word_1_100' title='bbox 1163 1080 1341 1149; x_wconf 77' lang='grc' dir='ltr'>ἐξῇρεν,</span> <span class='ocrx_word' id='word_1_101' title='bbox 1380 1080 1446 1131; x_wconf 69' lang='grc' dir='ltr'>ε”τι</span> <span class='ocrx_word' id='word_1_102' title='bbox 1491 1081 1516 1131; x_wconf 84' lang='grc' dir='ltr'>ὁ</span> <span class='ocrx_word' id='word_1_103' title='bbox 1555 1079 1671 1134; x_wconf 82' lang='grc' dir='ltr'>λαὸς</span> 
     </span>
     <span class='ocr_line' id='line_1_12' title="bbox 95 1162 1671 1232; baseline 0.001 -19"><span class='ocrx_word' id='word_1_104' title='bbox 95 1168 122 1191; x_wconf 84' lang='grc'><strong>“</strong></span> <span class='ocrx_word' id='word_1_105' title='bbox 146 1163 355 1230; x_wconf 74' lang='grc' dir='ltr'>ε’θυσίαζε</span> <span class='ocrx_word' id='word_1_106' title='bbox 386 1165 461 1214; x_wconf 78' lang='grc' dir='ltr'>καὶ</span> <span class='ocrx_word' id='word_1_107' title='bbox 496 1164 660 1228; x_wconf 86' lang='grc' dir='ltr'>ἐθυμία</span> <span class='ocrx_word' id='word_1_108' title='bbox 691 1166 739 1216; x_wconf 88' lang='grc' dir='ltr'>ἐν</span> <span class='ocrx_word' id='word_1_109' title='bbox 769 1168 865 1218; x_wconf 89' lang='grc' dir='ltr'>τοῖς</span> <span class='ocrx_word' id='word_1_110' title='bbox 899 1165 1121 1232; x_wconf 78' lang='grc' dir='ltr'>ὑψηλοῖς.</span> <span class='ocrx_word' id='word_1_111' title='bbox 1188 1165 1264 1214; x_wconf 78' lang='grc' dir='ltr'>καὶ</span> <span class='ocrx_word' id='word_1_112' title='bbox 1298 1163 1460 1232; x_wconf 78' lang='grc' dir='ltr'>ἥψατο</span> <span class='ocrx_word' id='word_1_113' title='bbox 1498 1162 1671 1228; x_wconf 69' lang='grc' dir='ltr'>Κύριος</span> 
     </span>
     <span class='ocr_line' id='line_1_13' title="bbox 94 1244 1672 1313; baseline 0 -18"><span class='ocrx_word' id='word_1_114' title='bbox 94 1251 121 1273; x_wconf 88' lang='grc'><strong>“</strong></span> <span class='ocrx_word' id='word_1_115' title='bbox 147 1250 228 1295; x_wconf 86' lang='grc' dir='ltr'>τοῦ</span> <span class='ocrx_word' id='word_1_116' title='bbox 260 1246 512 1310; x_wconf 80' lang='grc' dir='ltr'>βασιλέως,</span> <span class='ocrx_word' id='word_1_117' title='bbox 544 1249 620 1298; x_wconf 80' lang='grc' dir='ltr'>καὶ</span> <span class='ocrx_word' id='word_1_118' title='bbox 651 1245 709 1311; x_wconf 82' lang='grc' dir='ltr'>ἧν</span> <span class='ocrx_word' id='word_1_119' title='bbox 747 1246 1100 1313; x_wconf 81' lang='grc' dir='ltr'>λελεπρωμένος</span> <span class='ocrx_word' id='word_1_120' title='bbox 1135 1246 1218 1299; x_wconf 78' lang='grc' dir='ltr'>ἕως</span> <span class='ocrx_word' id='word_1_121' title='bbox 1255 1245 1431 1312; x_wconf 78' lang='grc' dir='ltr'>ἡμέρας</span> <span class='ocrx_word' id='word_1_122' title='bbox 1469 1244 1672 1296; x_wconf 79' lang='grc' dir='ltr'>θανάτου</span> 
     </span>
     <span class='ocr_line' id='line_1_14' title="bbox 94 1326 1670 1397; baseline 0.001 -20"><span class='ocrx_word' id='word_1_123' title='bbox 94 1334 120 1356; x_wconf 85' lang='grc'><strong>“</strong></span> <span class='ocrx_word' id='word_1_124' title='bbox 146 1328 332 1378; x_wconf 83' lang='grc' dir='ltr'>αὐτοῦ.”</span> <span class='ocrx_word' id='word_1_125' title='bbox 411 1328 630 1394; x_wconf 78' lang='grc' dir='ltr'>Εὐσεβὴς</span> <span class='ocrx_word' id='word_1_126' title='bbox 667 1328 751 1393; x_wconf 76' lang='grc' dir='ltr'>μὲν</span> <span class='ocrx_word' id='word_1_127' title='bbox 787 1331 862 1380; x_wconf 79' lang='grc' dir='ltr'>καὶ</span> <span class='ocrx_word' id='word_1_128' title='bbox 894 1327 1116 1397; x_wconf 85' lang='grc' dir='ltr'>φιλόθεος</span> <span class='ocrx_word' id='word_1_129' title='bbox 1153 1329 1178 1379; x_wconf 85' lang='grc' dir='ltr'><strong>ὁ</strong></span> <span class='ocrx_word' id='word_1_130' title='bbox 1207 1327 1381 1394; x_wconf 75' lang='grc' dir='ltr'>Ὀζίας,</span> <span class='ocrx_word' id='word_1_131' title='bbox 1420 1326 1550 1392; x_wconf 88' lang='grc' dir='ltr'>πλὴν</span> <span class='ocrx_word' id='word_1_132' title='bbox 1584 1328 1670 1396; x_wconf 83' lang='grc' dir='ltr'>οὐχ</span> 
     </span>
     <span class='ocr_line' id='line_1_15' title="bbox 93 1409 1863 1480; baseline 0.003 -21"><span class='ocrx_word' id='word_1_133' title='bbox 93 1409 380 1477; x_wconf 85' lang='grc' dir='ltr'>ὀλοτρόπως·</span> <span class='ocrx_word' id='word_1_134' title='bbox 434 1412 486 1463; x_wconf 80' lang='grc' dir='ltr'>οὐ</span> <span class='ocrx_word' id='word_1_135' title='bbox 528 1411 621 1478; x_wconf 80' lang='grc' dir='ltr'>γὰρ</span> <span class='ocrx_word' id='word_1_136' title='bbox 655 1417 856 1480; x_wconf 83' lang='grc' dir='ltr'>περιεῖλε</span> <span class='ocrx_word' id='word_1_137' title='bbox 896 1410 956 1463; x_wconf 79' lang='grc' dir='ltr'>τὰ</span> <span class='ocrx_word' id='word_1_138' title='bbox 996 1411 1178 1480; x_wconf 78' lang='grc' dir='ltr'>ὑψηλὰ,</span> <span class='ocrx_word' id='word_1_139' title='bbox 1219 1413 1382 1480; x_wconf 77' lang='grc' dir='ltr'>φησὶν,</span> <span class='ocrx_word' id='word_1_140' title='bbox 1423 1411 1531 1461; x_wconf 82' lang='grc' dir='ltr'>ἀλλ’</span> <span class='ocrx_word' id='word_1_141' title='bbox 1560 1411 1664 1461; x_wconf 84' lang='grc' dir='ltr'>ε’θυ-</span> <span class='ocrx_word' id='word_1_142' title='bbox 1687 1438 1709 1462; x_wconf 84' lang='lat' dir='ltr'>a</span> <span class='ocrx_word' id='word_1_143' title='bbox 1763 1430 1787 1465; x_wconf 91' lang='lat'><strong>7</strong></span> <span class='ocrx_word' id='word_1_144' title='bbox 1808 1428 1863 1464; x_wconf 81' lang='lat' dir='ltr'>A.</span> 
     </span>
     <span class='ocr_line' id='line_1_16' title="bbox 22 1492 1665 1561; baseline 0.002 -19"><span class='ocrx_word' id='word_1_145' title='bbox 22 1502 68 1542; x_wconf 85' lang='lat'>15</span> <span class='ocrx_word' id='word_1_146' title='bbox 91 1492 210 1555; x_wconf 86' lang='grc' dir='ltr'>μίων</span> <span class='ocrx_word' id='word_1_147' title='bbox 235 1495 282 1545; x_wconf 88' lang='grc' dir='ltr'>ἐν</span> <span class='ocrx_word' id='word_1_148' title='bbox 307 1496 461 1549; x_wconf 84' lang='grc' dir='ltr'>αὐτοῖς</span> <span class='ocrx_word' id='word_1_149' title='bbox 491 1497 566 1546; x_wconf 83' lang='grc' dir='ltr'>καὶ</span> <span class='ocrx_word' id='word_1_150' title='bbox 599 1500 694 1549; x_wconf 85' lang='grc' dir='ltr'>τοῖς</span> <span class='ocrx_word' id='word_1_151' title='bbox 727 1494 977 1558; x_wconf 84' lang='grc' dir='ltr'>δαιμονίοις</span> <span class='ocrx_word' id='word_1_152' title='bbox 1000 1498 1250 1561; x_wconf 86' lang='grc' dir='ltr'>προσῆγον</span> <span class='ocrx_word' id='word_1_153' title='bbox 1276 1494 1443 1547; x_wconf 89' lang='grc' dir='ltr'>θυσίας</span> <span class='ocrx_word' id='word_1_154' title='bbox 1469 1497 1510 1545; x_wconf 81' lang='grc' dir='ltr'>οἱ</span> <span class='ocrx_word' id='word_1_155' title='bbox 1535 1502 1665 1545; x_wconf 88' lang='grc' dir='ltr'>πλα-</span> 
     </span>
     <span class='ocr_line' id='line_1_17' title="bbox 93 1575 1672 1646; baseline 0.001 -20"><span class='ocrx_word' id='word_1_156' title='bbox 93 1575 300 1639; x_wconf 83' lang='grc' dir='ltr'>νώμενοι.</span> <span class='ocrx_word' id='word_1_157' title='bbox 382 1575 478 1628; x_wconf 78' lang='grc' dir='ltr'>εἶτα</span> <span class='ocrx_word' id='word_1_158' title='bbox 528 1580 826 1646; x_wconf 79' lang='grc' dir='ltr'>παρενεχθεὶς</span> <span class='ocrx_word' id='word_1_159' title='bbox 862 1577 1097 1645; x_wconf 73' lang='grc' dir='ltr'>Ἀζαρίας,</span> <span class='ocrx_word' id='word_1_160' title='bbox 1139 1577 1286 1643; x_wconf 73' lang='grc' dir='ltr'>ἤγουν</span> <span class='ocrx_word' id='word_1_161' title='bbox 1330 1578 1355 1627; x_wconf 85' lang='grc' dir='ltr'><strong>ὁ</strong></span> <span class='ocrx_word' id='word_1_162' title='bbox 1388 1575 1568 1642; x_wconf 73' lang='grc' dir='ltr'>Ὀζίας,</span> <span class='ocrx_word' id='word_1_163' title='bbox 1608 1582 1672 1632; x_wconf 79' lang='grc' dir='ltr'>εἰς</span> 
     </span>
     <span class='ocr_line' id='line_1_18' title="bbox 93 1657 1670 1731; baseline 0.002 -24"><span class='ocrx_word' id='word_1_164' title='bbox 93 1658 314 1714; x_wconf 83' lang='grc' dir='ltr'>ἐκτόπους</span> <span class='ocrx_word' id='word_1_165' title='bbox 349 1661 536 1724; x_wconf 82' lang='grc' dir='ltr'>ἐννοίας,</span> <span class='ocrx_word' id='word_1_166' title='bbox 571 1659 698 1731; x_wconf 74' lang='grc' dir='ltr'>ᾠήθη</span> <span class='ocrx_word' id='word_1_167' title='bbox 735 1661 928 1727; x_wconf 78' lang='grc' dir='ltr'>πρέπειν</span> <span class='ocrx_word' id='word_1_168' title='bbox 958 1664 1016 1728; x_wconf 82' lang='grc' dir='ltr'>τῇ</span> <span class='ocrx_word' id='word_1_169' title='bbox 1055 1663 1137 1724; x_wconf 79' lang='grc' dir='ltr'>τῆς</span> <span class='ocrx_word' id='word_1_170' title='bbox 1171 1660 1420 1719; x_wconf 81' lang='grc' dir='ltr'>βασιλείας</span> <span class='ocrx_word' id='word_1_171' title='bbox 1452 1657 1568 1728; x_wconf 75' lang='grc' dir='ltr'>δόξῃ</span> <span class='ocrx_word' id='word_1_172' title='bbox 1595 1662 1670 1710; x_wconf 84' lang='grc' dir='ltr'>καὶ</span> 
     </span>
     <span class='ocr_line' id='line_1_19' title="bbox 93 1739 1672 1812; baseline 0.003 -20"><span class='ocrx_word' id='word_1_173' title='bbox 93 1739 147 1790; x_wconf 79' lang='grc' dir='ltr'>τὸ</span> <span class='ocrx_word' id='word_1_174' title='bbox 171 1744 338 1808; x_wconf 84' lang='grc' dir='ltr'>χρῆναι</span> <span class='ocrx_word' id='word_1_175' title='bbox 362 1748 578 1810; x_wconf 81' lang='grc' dir='ltr'>πληροῦν</span> <span class='ocrx_word' id='word_1_176' title='bbox 608 1742 668 1794; x_wconf 78' lang='grc' dir='ltr'>τὰ</span> <span class='ocrx_word' id='word_1_177' title='bbox 698 1742 1006 1807; x_wconf 78' lang='grc' dir='ltr'>νενομισμένα</span> <span class='ocrx_word' id='word_1_178' title='bbox 1031 1747 1097 1812; x_wconf 74' lang='grc' dir='ltr'>τῷ</span> <span class='ocrx_word' id='word_1_179' title='bbox 1125 1746 1246 1811; x_wconf 72' lang='grc' dir='ltr'>Θεῷ,</span> <span class='ocrx_word' id='word_1_180' title='bbox 1271 1745 1347 1794; x_wconf 83' lang='grc' dir='ltr'>καὶ</span> <span class='ocrx_word' id='word_1_181' title='bbox 1377 1742 1672 1808; x_wconf 83' lang='grc' dir='ltr'>λειτουργίας</span> 
     </span>
     <span class='ocr_line' id='line_1_20' title="bbox 94 1822 1672 1894; baseline 0.002 -22"><span class='ocrx_word' id='word_1_182' title='bbox 94 1822 369 1892; x_wconf 77' lang='grc' dir='ltr'>ἀντέχεσθαι</span> <span class='ocrx_word' id='word_1_183' title='bbox 402 1828 485 1890; x_wconf 86' lang='grc' dir='ltr'>τῆς</span> <span class='ocrx_word' id='word_1_184' title='bbox 519 1829 654 1894; x_wconf 83' lang='grc' dir='ltr'>ἱερᾶς·</span> <span class='ocrx_word' id='word_1_185' title='bbox 691 1830 767 1878; x_wconf 81' lang='grc' dir='ltr'>καὶ</span> <span class='ocrx_word' id='word_1_186' title='bbox 793 1825 849 1890; x_wconf 88' lang='grc' dir='ltr'>δὴ</span> <span class='ocrx_word' id='word_1_187' title='bbox 876 1827 953 1878; x_wconf 83' lang='grc' dir='ltr'>καὶ</span> <span class='ocrx_word' id='word_1_188' title='bbox 987 1827 1146 1877; x_wconf 79' lang='grc' dir='ltr'>τέθυκε</span> <span class='ocrx_word' id='word_1_189' title='bbox 1181 1826 1237 1875; x_wconf 89' lang='grc' dir='ltr'>δι’</span> <span class='ocrx_word' id='word_1_190' title='bbox 1265 1826 1441 1888; x_wconf 80' lang='grc' dir='ltr'>ἑαυτοῦ,</span> <span class='ocrx_word' id='word_1_191' title='bbox 1468 1829 1562 1875; x_wconf 81' lang='grc' dir='ltr'>τῶν</span> <span class='ocrx_word' id='word_1_192' title='bbox 1596 1823 1672 1876; x_wconf 77' lang='grc' dir='ltr'>διὰ</span> 
     </span>
     <span class='ocr_line' id='line_1_21' title="bbox 22 1906 1670 1975; baseline 0.001 -19"><span class='ocrx_word' id='word_1_193' title='bbox 22 1921 71 1946; x_wconf 83' lang='grc'>20</span> <span class='ocrx_word' id='word_1_194' title='bbox 96 1907 342 1962; x_wconf 68' lang='grc' dir='ltr'>Μωυσέως</span> <span class='ocrx_word' id='word_1_195' title='bbox 379 1908 627 1975; x_wconf 81' lang='grc' dir='ltr'>ἀλογήσας</span> <span class='ocrx_word' id='word_1_196' title='bbox 666 1908 835 1974; x_wconf 90' lang='grc' dir='ltr'>νόμων.</span> <span class='ocrx_word' id='word_1_197' title='bbox 913 1908 1068 1973; x_wconf 89' lang='grc' dir='ltr'>ἐπειδὴ</span> <span class='ocrx_word' id='word_1_198' title='bbox 1102 1908 1150 1960; x_wconf 79' lang='grc' dir='ltr'>δὲ</span> <span class='ocrx_word' id='word_1_199' title='bbox 1182 1908 1472 1972; x_wconf 78' lang='grc' dir='ltr'>ἀναβέβηκεν</span> <span class='ocrx_word' id='word_1_200' title='bbox 1499 1913 1560 1962; x_wconf 82' lang='grc' dir='ltr'>εἷς</span> <span class='ocrx_word' id='word_1_201' title='bbox 1585 1906 1670 1972; x_wconf 86' lang='grc' dir='ltr'>τὴν</span> 
     </span>
     <span class='ocr_line' id='line_1_22' title="bbox 94 1988 1712 2061; baseline 0.002 -24"><span class='ocrx_word' id='word_1_202' title='bbox 94 1988 349 2052; x_wconf 82' lang='grc' dir='ltr'>οὐδαμόθεν</span> <span class='ocrx_word' id='word_1_203' title='bbox 383 1992 507 2061; x_wconf 73' lang='grc' dir='ltr'>αὐτῷ</span> <span class='ocrx_word' id='word_1_204' title='bbox 539 1992 814 2058; x_wconf 77' lang='grc' dir='ltr'>πρέπουσαν</span> <span class='ocrx_word' id='word_1_205' title='bbox 851 1992 1159 2059; x_wconf 85' lang='grc' dir='ltr'>λειτουργίαν,</span> <span class='ocrx_word' id='word_1_206' title='bbox 1186 1993 1307 2059; x_wconf 82' lang='grc' dir='ltr'>φημὶ</span> <span class='ocrx_word' id='word_1_207' title='bbox 1338 1989 1394 2055; x_wconf 77' lang='grc' dir='ltr'>δὴ</span> <span class='ocrx_word' id='word_1_208' title='bbox 1420 1989 1505 2054; x_wconf 89' lang='grc' dir='ltr'>τὴν</span> <span class='ocrx_word' id='word_1_209' title='bbox 1530 1989 1712 2056; x_wconf 69' lang='grc' dir='ltr'>ἱερὰν,ἰ)</span> 
     </span>
     <span class='ocr_line' id='line_1_23' title="bbox 94 2068 1827 2143; baseline -0.001 -21"><span class='ocrx_word' id='word_1_210' title='bbox 94 2068 356 2141; x_wconf 65' lang='grc' dir='ltr'>“”Ήψατο,</span> <span class='ocrx_word' id='word_1_211' title='bbox 397 2077 535 2143; x_wconf 75' lang='grc' dir='ltr'>φησὶ,</span> <span class='ocrx_word' id='word_1_212' title='bbox 575 2074 747 2142; x_wconf 83' lang='grc' dir='ltr'>Κύριος</span> <span class='ocrx_word' id='word_1_213' title='bbox 782 2076 939 2134; x_wconf 82' lang='grc' dir='ltr'>αὐτοῦ,</span> <span class='ocrx_word' id='word_1_214' title='bbox 980 2076 1055 2126; x_wconf 82' lang='grc' dir='ltr'>καὶ</span> <span class='ocrx_word' id='word_1_215' title='bbox 1096 2073 1153 2140; x_wconf 81' lang='grc' dir='ltr'>ἧν</span> <span class='ocrx_word' id='word_1_216' title='bbox 1188 2072 1543 2140; x_wconf 80' lang='grc' dir='ltr'>λελεπρωμένος</span> <span class='ocrx_word' id='word_1_217' title='bbox 1585 2073 1668 2127; x_wconf 81' lang='grc' dir='ltr'>ἕως</span> <span class='ocrx_word' id='word_1_218' title='bbox 1730 2090 1779 2122; x_wconf 82' lang='lat' dir='ltr'>lb.</span> <span class='ocrx_word' id='word_1_219' title='bbox 1796 2098 1827 2130; x_wconf 85' lang='lat'>5·</span> 
     </span>
     <span class='ocr_line' id='line_1_24' title="bbox 94 2153 1667 2225; baseline 0.001 -20"><span class='ocrx_word' id='word_1_220' title='bbox 94 2158 121 2181; x_wconf 80' lang='lat'>‘⁶</span> <span class='ocrx_word' id='word_1_221' title='bbox 146 2153 317 2221; x_wconf 79' lang='grc' dir='ltr'>ἡμέρας</span> <span class='ocrx_word' id='word_1_222' title='bbox 366 2155 613 2208; x_wconf 81' lang='grc' dir='ltr'>θανάτου.”</span> <span class='ocrx_word' id='word_1_223' title='bbox 686 2156 948 2225; x_wconf 81' lang='grc' dir='ltr'>ἀκάθαρτος</span> <span class='ocrx_word' id='word_1_224' title='bbox 990 2156 1075 2221; x_wconf 79' lang='grc' dir='ltr'>μὲν</span> <span class='ocrx_word' id='word_1_225' title='bbox 1128 2157 1208 2208; x_wconf 79' lang='grc' dir='ltr'>οὖν</span> <span class='ocrx_word' id='word_1_226' title='bbox 1258 2155 1377 2207; x_wconf 81' lang='grc' dir='ltr'>κατὰ</span> <span class='ocrx_word' id='word_1_227' title='bbox 1430 2154 1598 2219; x_wconf 88' lang='grc' dir='ltr'>νόμους</span> <span class='ocrx_word' id='word_1_228' title='bbox 1642 2156 1667 2206; x_wconf 82' lang='grc' dir='ltr'>ὁ</span> 
     </span>
     <span class='ocr_line' id='line_1_25' title="bbox 93 2236 1667 2308; baseline 0.003 -23"><span class='ocrx_word' id='word_1_229' title='bbox 93 2236 280 2302; x_wconf 88' lang='grc' dir='ltr'>λεπρός,</span> <span class='ocrx_word' id='word_1_230' title='bbox 325 2241 400 2290; x_wconf 78' lang='grc' dir='ltr'>καὶ</span> <span class='ocrx_word' id='word_1_231' title='bbox 450 2239 780 2303; x_wconf 76' lang='grc' dir='ltr'>ἀπεπέμποντο</span> <span class='ocrx_word' id='word_1_232' title='bbox 828 2243 908 2304; x_wconf 83' lang='grc' dir='ltr'>τῆς</span> <span class='ocrx_word' id='word_1_233' title='bbox 951 2242 1259 2305; x_wconf 83' lang='grc' dir='ltr'>παρεμβολῆς</span> <span class='ocrx_word' id='word_1_234' title='bbox 1307 2241 1348 2288; x_wconf 82' lang='grc' dir='ltr'>οἱ</span> <span class='ocrx_word' id='word_1_235' title='bbox 1398 2242 1463 2307; x_wconf 70' lang='grc' dir='ltr'>τῷ</span> <span class='ocrx_word' id='word_1_236' title='bbox 1506 2240 1667 2308; x_wconf 76' lang='grc' dir='ltr'>τοιῷδε</span> 
     </span>
     <span class='ocr_line' id='line_1_26' title="bbox 22 2316 1664 2391; baseline 0.001 -21"><span class='ocrx_word' id='word_1_237' title='bbox 22 2331 70 2370; x_wconf 87' lang='lat'>25</span> <span class='ocrx_word' id='word_1_238' title='bbox 93 2316 230 2370; x_wconf 82' lang='grc' dir='ltr'>πάθει</span> <span class='ocrx_word' id='word_1_239' title='bbox 268 2321 633 2386; x_wconf 81' lang='grc' dir='ltr'>κατειλημμένοι.</span> <span class='ocrx_word' id='word_1_240' title='bbox 700 2321 791 2391; x_wconf 69' lang='grc' dir='ltr'>ε”φη</span> <span class='ocrx_word' id='word_1_241' title='bbox 826 2321 918 2389; x_wconf 81' lang='grc' dir='ltr'>γάρ</span> <span class='ocrx_word' id='word_1_242' title='bbox 958 2344 1071 2373; x_wconf 92' lang='grc' dir='ltr'>ποτε</span> <span class='ocrx_word' id='word_1_243' title='bbox 1113 2320 1234 2374; x_wconf 82' lang='grc' dir='ltr'>Θεὸς</span> <span class='ocrx_word' id='word_1_244' title='bbox 1267 2319 1387 2386; x_wconf 84' lang='grc' dir='ltr'>πρὸς</span> <span class='ocrx_word' id='word_1_245' title='bbox 1422 2318 1503 2371; x_wconf 81' lang='grc' dir='ltr'>τὸν</span> <span class='ocrx_word' id='word_1_246' title='bbox 1543 2324 1664 2388; x_wconf 79' lang='grc' dir='ltr'>ἱερο-</span> 
     </span>
     <span class='ocr_line' id='line_1_27' title="bbox 96 2399 1875 2472; baseline 0.002 -21"><span class='ocrx_word' id='word_1_247' title='bbox 96 2399 279 2466; x_wconf 79' lang='grc' dir='ltr'>φάντην</span> <span class='ocrx_word' id='word_1_248' title='bbox 298 2404 512 2454; x_wconf 77' lang='grc' dir='ltr'>Μωυσέα</span> <span class='ocrx_word' id='word_1_249' title='bbox 539 2412 565 2434; x_wconf 82' lang='grc'><strong>“</strong></span> <span class='ocrx_word' id='word_1_250' title='bbox 581 2404 815 2469; x_wconf 86' lang='grc' dir='ltr'>Λάλησον</span> <span class='ocrx_word' id='word_1_251' title='bbox 852 2409 947 2458; x_wconf 86' lang='grc' dir='ltr'>τοῖς</span> <span class='ocrx_word' id='word_1_252' title='bbox 984 2408 1095 2457; x_wconf 83' lang='grc' dir='ltr'>υἱοῖς</span> <span class='ocrx_word' id='word_1_253' title='bbox 1114 2401 1330 2469; x_wconf 88' lang='grc' dir='ltr'>Ἰσραὴλ,</span> <span class='ocrx_word' id='word_1_254' title='bbox 1351 2404 1426 2453; x_wconf 82' lang='grc' dir='ltr'>καὶ</span> <span class='ocrx_word' id='word_1_255' title='bbox 1451 2403 1663 2472; x_wconf 74' lang='grc' dir='ltr'>ἐξαποσ-</span> <span class='ocrx_word' id='word_1_256' title='bbox 1727 2411 1829 2443; x_wconf 87' lang='lat' dir='ltr'><strong>Num.</strong></span> <span class='ocrx_word' id='word_1_257' title='bbox 1844 2421 1875 2441; x_wconf 84' lang='lat' dir='ltr'>v.</span> 
     </span>
     <span class='ocr_line' id='line_1_28' title="bbox 96 2483 1666 2553; baseline 0.001 -19"><span class='ocrx_word' id='word_1_258' title='bbox 96 2489 124 2511; x_wconf 72' lang='lat'>‘⁶</span> <span class='ocrx_word' id='word_1_259' title='bbox 151 2484 444 2536; x_wconf 80' lang='grc' dir='ltr'>τειλοὶτωσαν</span> <span class='ocrx_word' id='word_1_260' title='bbox 463 2487 512 2536; x_wconf 88' lang='grc' dir='ltr'>ἐκ</span> <span class='ocrx_word' id='word_1_261' title='bbox 530 2489 612 2551; x_wconf 87' lang='grc' dir='ltr'>τῆς</span> <span class='ocrx_word' id='word_1_262' title='bbox 630 2489 936 2553; x_wconf 81' lang='grc' dir='ltr'>παρεμβολῆς</span> <span class='ocrx_word' id='word_1_263' title='bbox 955 2485 1110 2538; x_wconf 81' lang='grc' dir='ltr'>πάντα</span> <span class='ocrx_word' id='word_1_264' title='bbox 1135 2483 1312 2551; x_wconf 80' lang='grc' dir='ltr'>λεπρὸν</span> <span class='ocrx_word' id='word_1_265' title='bbox 1329 2487 1403 2536; x_wconf 81' lang='grc' dir='ltr'>καὶ</span> <span class='ocrx_word' id='word_1_266' title='bbox 1423 2487 1666 2553; x_wconf 86' lang='grc' dir='ltr'>γονοῤῥυῆ,</span> 
     </span>
     <span class='ocr_line' id='line_1_29' title="bbox 97 2566 1667 2639; baseline 0.003 -24"><span class='ocrx_word' id='word_1_267' title='bbox 97 2571 123 2594; x_wconf 88' lang='grc'><strong>“</strong></span> <span class='ocrx_word' id='word_1_268' title='bbox 150 2567 224 2615; x_wconf 78' lang='grc' dir='ltr'>καὶ</span> <span class='ocrx_word' id='word_1_269' title='bbox 250 2566 402 2617; x_wconf 84' lang='grc' dir='ltr'>πάντα</span> <span class='ocrx_word' id='word_1_270' title='bbox 429 2567 693 2635; x_wconf 82' lang='grc' dir='ltr'>ἀκάθαρτον</span> <span class='ocrx_word' id='word_1_271' title='bbox 718 2570 792 2620; x_wconf 81' lang='grc' dir='ltr'>ἐπὶ</span> <span class='ocrx_word' id='word_1_272' title='bbox 818 2569 994 2637; x_wconf 80' lang='grc' dir='ltr'>ψυχῇ.”</span> <span class='ocrx_word' id='word_1_273' title='bbox 1060 2569 1306 2631; x_wconf 83' lang='grc' dir='ltr'>ἐπετιμᾶτο</span> <span class='ocrx_word' id='word_1_274' title='bbox 1340 2567 1388 2619; x_wconf 78' lang='grc' dir='ltr'>δὲ</span> <span class='ocrx_word' id='word_1_275' title='bbox 1426 2572 1483 2637; x_wconf 88' lang='grc' dir='ltr'>τῇ</span> <span class='ocrx_word' id='word_1_276' title='bbox 1524 2568 1667 2639; x_wconf 73' lang='grc' dir='ltr'>νόσω,</span> 
     </span>
     <span class='ocr_line' id='line_1_30' title="bbox 93 2646 1663 2721; baseline 0.004 -24"><span class='ocrx_word' id='word_1_277' title='bbox 93 2646 388 2713; x_wconf 79' lang='grc' dir='ltr'>τετολμηκὼς</span> <span class='ocrx_word' id='word_1_278' title='bbox 415 2646 446 2699; x_wconf 78' lang='grc' dir='ltr'>ἃ</span> <span class='ocrx_word' id='word_1_279' title='bbox 470 2649 534 2713; x_wconf 89' lang='grc' dir='ltr'>μὴ</span> <span class='ocrx_word' id='word_1_280' title='bbox 562 2650 703 2714; x_wconf 72' lang='grc' dir='ltr'>θέμις,</span> <span class='ocrx_word' id='word_1_281' title='bbox 728 2653 802 2701; x_wconf 81' lang='grc' dir='ltr'>καὶ</span> <span class='ocrx_word' id='word_1_282' title='bbox 837 2651 1024 2713; x_wconf 87' lang='grc' dir='ltr'>ἀτιμίαν</span> <span class='ocrx_word' id='word_1_283' title='bbox 1057 2654 1139 2700; x_wconf 86' lang='grc' dir='ltr'>τοῦ</span> <span class='ocrx_word' id='word_1_284' title='bbox 1177 2651 1416 2711; x_wconf 84' lang='grc' dir='ltr'>βασιλέως</span> <span class='ocrx_word' id='word_1_285' title='bbox 1448 2654 1663 2721; x_wconf 81' lang='grc' dir='ltr'>κατεψη-</span> 
     </span>
     <span class='ocr_line' id='line_1_31' title="bbox 19 2728 1705 2801; baseline 0.004 -22"><span class='ocrx_word' id='word_1_286' title='bbox 19 2749 69 2784; x_wconf 84' lang='grc'>30</span> <span class='ocrx_word' id='word_1_287' title='bbox 93 2728 272 2798; x_wconf 86' lang='grc' dir='ltr'>φίσατο</span> <span class='ocrx_word' id='word_1_288' title='bbox 299 2729 419 2784; x_wconf 80' lang='grc' dir='ltr'>Θεὸς</span> <span class='ocrx_word' id='word_1_289' title='bbox 446 2730 530 2795; x_wconf 87' lang='grc' dir='ltr'>τὴν</span> <span class='ocrx_word' id='word_1_290' title='bbox 557 2731 682 2798; x_wconf 81' lang='grc' dir='ltr'>ἱερὰν</span> <span class='ocrx_word' id='word_1_291' title='bbox 708 2732 1010 2799; x_wconf 75' lang='grc' dir='ltr'>ἁρπάσαντος</span> <span class='ocrx_word' id='word_1_292' title='bbox 1034 2732 1192 2801; x_wconf 78' lang='grc' dir='ltr'>δόξαν.</span> <span class='ocrx_word' id='word_1_293' title='bbox 1683 2765 1705 2791; x_wconf 76' lang='lat'>0</span> 
     </span>
     <span class='ocr_line' id='line_1_32' title="bbox 165 2811 1666 2882; baseline 0.003 -19"><span class='ocrx_word' id='word_1_294' title='bbox 165 2811 355 2877; x_wconf 90' lang='grc' dir='ltr'>Ἐπειδὴ</span> <span class='ocrx_word' id='word_1_295' title='bbox 382 2811 430 2864; x_wconf 84' lang='grc' dir='ltr'>δὲ</span> <span class='ocrx_word' id='word_1_296' title='bbox 455 2815 538 2877; x_wconf 84' lang='grc' dir='ltr'>τῆς</span> <span class='ocrx_word' id='word_1_297' title='bbox 561 2816 847 2882; x_wconf 87' lang='grc' dir='ltr'>προφητείας</span> <span class='ocrx_word' id='word_1_298' title='bbox 872 2815 900 2878; x_wconf 84' lang='grc' dir='ltr'>ἡ</span> <span class='ocrx_word' id='word_1_299' title='bbox 927 2813 1117 2878; x_wconf 87' lang='grc' dir='ltr'>δύναμις</span> <span class='ocrx_word' id='word_1_300' title='bbox 1143 2815 1225 2866; x_wconf 84' lang='grc' dir='ltr'>οὐκ</span> <span class='ocrx_word' id='word_1_301' title='bbox 1248 2818 1309 2869; x_wconf 80' lang='grc' dir='ltr'>εἷς</span> <span class='ocrx_word' id='word_1_302' title='bbox 1333 2814 1478 2879; x_wconf 89' lang='grc' dir='ltr'>μόνον</span> <span class='ocrx_word' id='word_1_303' title='bbox 1500 2816 1666 2878; x_wconf 80' lang='grc' dir='ltr'>βλέπει</span> 
     </span>
    </p>
   </div>
   <div class='ocr_carea' id='block_1_3' title="bbox 95 2971 1665 3064">
    <p class='ocr_par' dir='ltr' id='par_1_3' title="bbox 95 2971 1665 3064">
     <span class='ocr_line' id='line_1_33' title="bbox 145 2971 1665 3020; baseline 0.003 -16"><span class='ocrx_word' id='word_1_304' title='bbox 145 2982 173 3004; x_wconf 86' lang='grc'>1.</span> <span class='ocrx_word' id='word_1_305' title='bbox 198 2971 316 3016; x_wconf 81' lang='grc' dir='ltr'>γέγονε</span> <span class='ocrx_word' id='word_1_306' title='bbox 333 2973 466 3016; x_wconf 85' lang='grc' dir='ltr'>τρόπων</span> <span class='ocrx_word' id='word_1_307' title='bbox 484 2971 549 3007; x_wconf 79' lang='lat' dir='ltr'>hoc</span> <span class='ocrx_word' id='word_1_308' title='bbox 568 2971 687 3007; x_wconf 77' lang='lat' dir='ltr'>ordine</span> <span class='ocrx_word' id='word_1_309' title='bbox 708 2971 749 3005; x_wconf 85' lang='lat' dir='ltr'>B.</span> <span class='ocrx_word' id='word_1_310' title='bbox 913 2983 964 3007; x_wconf 87' lang='lat'>10.</span> <span class='ocrx_word' id='word_1_311' title='bbox 990 2972 1055 3018; x_wconf 74' lang='grc' dir='ltr'>ἔτι]</span> <span class='ocrx_word' id='word_1_312' title='bbox 1080 2978 1116 3014; x_wconf 81' lang='grc' dir='ltr'>-Ι-</span> <span class='ocrx_word' id='word_1_313' title='bbox 1137 2975 1202 3019; x_wconf 83' lang='grc' dir='ltr'>γὰρ</span> <span class='ocrx_word' id='word_1_314' title='bbox 1221 2975 1410 3010; x_wconf 72' lang='lat' dir='ltr'>Aubertus.</span> <span class='ocrx_word' id='word_1_315' title='bbox 1570 2987 1621 3020; x_wconf 77' lang='lat'>13.</span> <span class='ocrx_word' id='word_1_316' title='bbox 1648 2977 1665 3008; x_wconf 82' lang='grc' dir='ltr'>ὁ</span> 
     </span>
     <span class='ocr_line' id='line_1_34' title="bbox 95 3018 1157 3064; baseline 0.003 -12"><span class='ocrx_word' id='word_1_317' title='bbox 95 3025 313 3062; x_wconf 80' lang='lat' dir='ltr'>assumptum</span> <span class='ocrx_word' id='word_1_318' title='bbox 332 3031 372 3053; x_wconf 80' lang='lat' dir='ltr'>ex</span> <span class='ocrx_word' id='word_1_319' title='bbox 393 3019 432 3053; x_wconf 93' lang='lat' dir='ltr'>B.</span> <span class='ocrx_word' id='word_1_320' title='bbox 626 3030 679 3063; x_wconf 80' lang='lat'>23.</span> <span class='ocrx_word' id='word_1_321' title='bbox 707 3018 865 3064; x_wconf 80' lang='grc' dir='ltr'>θανάτου]</span> <span class='ocrx_word' id='word_1_322' title='bbox 890 3024 926 3059; x_wconf 72' lang='lat'>—{—</span> <span class='ocrx_word' id='word_1_323' title='bbox 947 3020 1047 3054; x_wconf 73' lang='grc' dir='ltr'>αὐτοῦ</span> <span class='ocrx_word' id='word_1_324' title='bbox 1067 3019 1157 3055; x_wconf 84' lang='lat' dir='ltr'><strong>Edd.</strong></span> 
     </span>
    </p>
   </div>
   <div class='ocr_carea' id='block_1_4' title="bbox 153 3089 894 3117">
    <p class='ocr_par' dir='ltr' id='par_1_4' title="bbox 153 3089 894 3117">
     <span class='ocr_line' id='line_1_35' title="bbox 153 3089 894 3117; baseline 0.004 -3"><span class='ocrx_word' id='word_1_325' title='bbox 153 3089 243 3116; x_wconf 66' lang='lat' dir='ltr'>VOL.</span> <span class='ocrx_word' id='word_1_326' title='bbox 268 3090 295 3117; x_wconf 92' lang='grc' dir='ltr'>Ι.</span> <span class='ocrx_word' id='word_1_327' title='bbox 872 3091 894 3117; x_wconf 56' lang='lat'>(22</span> 
     </span>
    </p>
   </div>
  </div>
 </body>
</html>
