2021 3434
129 192 172 234 ii.
198 207 349 250 21—24.
568 201 643 241 IN
685 201 957 242 JOELEM.
1018 200 1167 241 TOM.
1200 199 1260 239 II.
1618 195 1700 234 331

130 301 255 354 οὗτοι
287 305 370 358 τὸν
403 313 496 360 τῶν
532 310 953 374 ἀποκτηνωθέντων
979 309 1258 378 ἐκτρέφουσι
1290 312 1411 368 νοῦν,
1435 306 1510 356 ἵνα
1541 305 1615 356 καὶ
1643 308 1702 357 εἰς

128 387 325 441 σύνεσιν
349 394 592 455 ἀναβῶσιν
617 397 1009 462 ἀνθρωποπρεπῆ.
1076 394 1166 463 ἔφη
1194 391 1240 444 δὲ
1273 392 1339 443 ὅτι
1373 392 1448 441 καὶ
1478 389 1602 459 ξύλον
1628 388 1703 456 ἐξ·

128 470 280 537 ἤνεγκε
306 474 388 526 τὸν
416 476 581 547 καρπον
608 480 753 536 αὐτοῦ,
783 479 989 545 ἄμπελὸν
1019 500 1067 528 τε
1105 484 1180 527 καὶ
1218 474 1347 534 συκῆν
1382 473 1466 537 τὴν
1492 472 1609 523 ἰδίαν
1633 472 1705 522 ἐκ-

130 549 269 606 ὃοῧνοιι
308 557 514 622 δύναμιν,
548 558 629 610 τὸν
664 558 858 625 στερεὸν
890 557 1014 623 οἶμαι
1058 563 1152 610 τῶν
1194 556 1511 608 διδασκόντων
1543 553 1704 619 λόγον,

86 632 166 703 ὅῷ
205 636 355 689 ε”νεστι
391 639 475 703 μὲν
515 640 569 691 τὸ
607 640 772 706 γλυκὺ,
815 641 967 691 ἔνεστι
1007 641 1054 692 δὲ
1093 641 1150 691 αὖ
1197 638 1314 706 πρὸς
1351 637 1499 706 τούτῳ
1539 637 1613 686 καὶ
1651 633 1745 686 ‘cbo

129 723 478 789 κατευφραίνειν
503 722 633 786 εἷδὸς,
659 728 753 776 τοῖς
780 721 872 774 ἀπὸ
904 722 1040 783 συκῆς
1072 724 1146 772 καὶ
1179 719 1389 789 ἀμπέλου
1419 717 1707 784 παρεικάζων

128 807 335 867 καρποῖς.
402 803 620 869 ἁρμόσειε
661 805 700 855 δ’
740 804 796 854 ἂν
840 805 916 854 καὶ
959 802 1091 866 μάλα
1141 801 1337 864 εἰκότως,
1378 805 1472 853 τοῖς
1517 799 1600 862 μὲν
1643 799 1707 850 ε”τι

128 885 404 951 παχυτέροις
448 884 530 937 τὸν
570 891 678 937 νοῦν
724 888 798 936 καὶ
843 886 1036 938 νωθείαν
1078 885 1241 952 ἔχουσι
1278 883 1362 947 τὴν
1397 885 1706 947 κτηνοπρεπῆ,

129 965 468 1029 κατανέμεσθαι
502 967 711 1032 μάθησιν
748 967 833 1032 τὴν
865 968 1249 1035 χθαμαλωτέραν,
1291 964 1375 1029 τὴν
1415 966 1475 1018 ὡς
1518 965 1565 1014 ἐν
1604 964 1708 1014 ε’ίδει

64 1066 111 1091 10
129 1045 206 1097 καὶ
250 1048 438 1112 δυνάμει
477 1050 597 1104 πόας
636 1052 685 1101 ἐν
723 1055 817 1104 τοῖς
861 1049 920 1100 τὰ
963 1049 1104 1117 μικρὰ
1142 1047 1420 1100 διδάσκουσι
1460 1045 1710 1114 φυομένην,

129 1134 224 1183 τοῖς
248 1130 396 1196 γεμὴν
422 1132 510 1197 ἤδη
542 1134 731 1185 τελείοις
761 1131 844 1183 τὸν
876 1133 1002 1201 ὑψοῦ
1029 1155 1077 1183 τε
1103 1132 1191 1197 ἤδη
1218 1130 1478 1194 νοούμενον,
1506 1130 1581 1178 καὶ
1612 1127 1710 1178 οἷον

129 1210 278 1281 ξύλοις
311 1214 492 1279 ὡραίοις
529 1214 818 1280 ε’πηνθηκότα
853 1213 1048 1280 καρπὸν,
1079 1213 1161 1265 τὸν
1199 1215 1303 1278 περὶ
1342 1215 1422 1276 τῆς
1463 1212 1597 1276 ἁγίας
1635 1212 1710 1261 καὶ

130 1294 382 1355 ὀμοουσίου
408 1295 623 1363 Τριάδος,
649 1297 792 1363 ἤγουν
817 1296 1103 1349 παιδεύσεως
1127 1297 1302 1360 ἠθικῆς,
1326 1297 1408 1358 τῆς
1435 1296 1497 1346 ὡς
1525 1295 1572 1343 ἐν
1600 1293 1708 1360 ὕψει
1727 1300 1754 1340 d

130 1376 460 1443 θεωρημάτων.
526 1379 761 1446 τοιγάρτοι
815 1381 935 1440 κτήνη
974 1378 1059 1442 μὲν
1101 1380 1292 1431 ἐκείνους
1334 1376 1557 1442 ὀνομάζει,
1602 1372 1709 1429 Σιων

65 1482 111 1521 15
131 1458 179 1510 δὲ
222 1459 351 1511 τέκνοι
393 1460 500 1516 τοὺς
543 1462 865 1528 τελειοτέρους,
911 1461 976 1516 οἶς
1029 1463 1104 1512 καὶ
1154 1458 1492 1525 ἐπιγάννυσθαι
1536 1455 1711 1508 κελεύει

133 1542 269 1612 Κυρίῳ
307 1548 366 1614 τῷ
404 1550 504 1614 Θεῷ
537 1545 702 1596 αὐτῶν.
757 1545 784 1608 ἡ
811 1549 948 1595 πᾶσα
979 1543 1071 1610 γὰρ
1102 1544 1233 1607 ἡμῶν
1259 1542 1459 1605 θυμηδία
1482 1537 1710 1606 Χριστὸς,

129 1625 236 1690 παρ’
265 1625 319 1676 οὗ
349 1629 424 1677 καὶ
457 1629 500 1678 δι
544 1626 598 1677 οὗ
631 1631 766 1678 πᾶσα
799 1625 1048 1694 πλήρωσις
1082 1627 1294 1692 ἀγαθῶν,
1325 1626 1399 1675 καὶ
1438 1627 1531 1674 τῶν
1570 1623 1708 1688 οὐρα-

131 1706 240 1757 νίων
274 1708 583 1775 χαρισμάτων
607 1708 891 1778 ἀμφιλαφὴς
917 1709 1117 1776 χορηγία
1148 1713 1244 1761 τοῖς
1274 1709 1525 1773 ἀγαπῶσιν
1557 1703 1711 1766 αὐτὸν,

131 1790 194 1843 ὡς
230 1790 278 1840 ἐν
316 1790 527 1861 πρωῖμοις
564 1813 613 1842 τε
648 1793 723 1842 καὶ
758 1788 947 1861 ὀψίμοις
981 1795 1174 1857 καρποῖς
1205 1788 1427 1852 νοουμένη
1460 1789 1535 1838 καὶ
1574 1789 1635 1840 ὡς
1666 1787 1712 1836 ἐν

66 1896 114 1922 20
133 1874 240 1942 σίτῳ
266 1878 526 1940 πληροῦντι
559 1872 644 1937 τὴν
672 1871 785 1936 ἅλω,
813 1875 888 1924 καὶ
919 1875 981 1927 ὡς
1012 1874 1059 1924 ἐν
1096 1874 1185 1942 οἴνῳ
1215 1873 1338 1932 ληνοῦ
1377 1868 1711 1937 ὑπερχεομένῳ,

132 1956 206 2006 καὶ
232 1956 294 2009 ὡς
320 1956 368 2006 ἐν
393 1956 528 2026 ἐλαίῳ
554 1960 620 2026 τῷ
640 1953 993 2022 ὑπερβλύζοντι.
1048 1954 1204 2006 ἰστέον
1231 1954 1292 2017 δὲ,
1320 1952 1390 2004 ὅτι
1415 1955 1490 2003 καὶ
1515 1951 1633 2002 κατά
1659 1974 1712 2016 γε

132 2035 214 2087 τὸν
249 2037 426 2103 τρόπον
458 2041 540 2102 τῆς
577 2041 806 2102 μυστικῆς
840 2037 1133 2103 πληρώσεως
1159 2034 1338 2101 ἀληθὴς
1370 2035 1398 2099 ἡ
1431 2033 1706 2100 ὑπόσχεσις.
1729 2061 1750 2086 e

133 2119 313 2171 δέδοται
356 2120 448 2187 γὰρ
490 2121 600 2185 ἡμῖν
642 2123 704 2175 ὡς
743 2122 789 2172 ἐν
835 2125 938 2190 ὑετῷ
975 2119 1030 2172 τὸ
1075 2121 1198 2185 ὕδωρ
1235 2119 1289 2170 τὸ
1330 2118 1418 2185 ζῶν
1455 2123 1537 2168 τοῦ
1576 2117 1711 2181 ἁγίου

133 2203 477 2267 βαπτίσματος,
504 2205 565 2257 ὡς
599 2205 647 2254 ἐν
682 2206 787 2273 ο-ίτῳ
819 2205 968 2268 γεμὴν
993 2204 1017 2253 ὁ
1045 2202 1182 2268 ἄρτος
1210 2205 1291 2266 τῆς
1323 2200 1437 2266 ζωῆς
1469 2202 1543 2250 καὶ
1575 2200 1636 2252 ὠς
1664 2202 1711 2250 ἐν

67 2306 114 2344 25
135 2286 223 2354 οἴνῳ
250 2283 303 2335 τὸ
329 2284 458 2349 αἷμα·
525 2286 989 2351 προ[σ]επενήνεκται
1019 2287 1066 2336 δὲ
1093 2286 1169 2335 καὶ
1203 2285 1231 2345 ἡ
1267 2289 1348 2334 τοῦ
1382 2284 1528 2334 ἐλοιίου
1565 2282 1709 2349 χρεία,

184 2501 213 2525 1.
239 2491 298 2524 τὸν
314 2496 393 2536 post
409 2489 707 2533 ἀποκτηνωθεντων
723 2495 854 2533 transp.
870 2488 962 2522 Edd.
1012 2490 1090 2522 νοῦν
1107 2486 1410 2532 κατευφραίνουσιν
1427 2498 1490 2531 pro
1503 2487 1710 2532 ἐκτρέφουσι

134 2539 211 2571 νοῦν
227 2537 286 2571 iid.
593 2548 624 2570 2.
650 2536 819 2580 ἀνάγωσιν
835 2536 894 2569 iid.
945 2538 1059 2580 ἤνεγκε
1079 2535 1122 2570 Β.
1141 2534 1201 2568 sed
1219 2535 1262 2568 cf.
1284 2534 1392 2568 Hom.
1412 2533 1535 2568 Pasch.
1553 2534 1598 2568 vi.
1617 2535 1660 2579 89
1680 2547 1708 2570 e.

134 2595 166 2628 3.
192 2584 344 2627 ι’ίμπελόν
368 2598 405 2617 τε
430 2584 482 2617 καὶ
507 2584 614 2625 συκῆν
637 2598 666 2617 τ.
693 2583 715 2616 ἷ.
742 2581 908 2640 ἐκδοῦναι]
932 2582 1082 2625 ἀμπελός
1106 2596 1142 2615 τε
1167 2582 1220 2614 καὶ
1246 2582 1331 2625 συκῆ
1356 2581 1416 2624 τὴν
1440 2581 1526 2614 ἰδίαν
1551 2581 1709 2615 ἐκδέδωκε

136 2630 228 2664 Edd.
496 2639 529 2674 5.
555 2628 841 2673 ἔνεστι-ἔνεστι]
860 2628 1184 2672 μέτεστι-μέτεστι
1202 2627 1258 2661 11(1.
1308 2627 1349 2661 αὐ
1367 2633 1588 2671 aSsumptum
1605 2640 1646 2662 ex
1666 2628 1708 2663 B.

137 2677 262 2711 Statim
279 2677 364 2720 πρὸς
380 2687 450 2709 om.
470 2676 512 2710 Β.
686 2676 719 2708 6.
744 2674 829 2719 τοῖς]
850 2690 889 2719 τη
893 2690 908 2710 ς
926 2675 1017 2708 Edd.
1066 2676 1272 2719 παρεικάζων
1288 2676 1427 2718 καρποῖς
1443 2674 1509 2707 hoc
1527 2674 1647 2709 ordine
1666 2676 1707 2709 B.

136 2736 168 2769 9.
193 2724 340 2767 μάθησιν
356 2723 416 2766 τὴν
431 2720 552 2767 χθαμ.]
572 2737 625 2756 και
642 2722 744 2766 χθαμ.
763 2691 909 2765 μάθησιν
927 2721 1255 2756 11(1.ΙΙ.
1280 2720 1400 2766 γεμὴν]
1422 2721 1457 2754 δε
1473 2720 1532 2755 11(1.
1584 2721 1709 2756 Statim

134 2771 195 2813 ἤδη
212 2770 353 2804 τελείοις
369 2769 435 2802 hoc
453 2769 574 2803 ordine
594 2769 634 2802 B.
684 2769 744 2812 ἤδη
762 2769 819 2801 alt.
839 2769 984 2802 accessit
1000 2780 1040 2801 ex
1061 2768 1346 2810 B.14.
1372 2768 1598 2812 θεωρουμένης
1618 2769 1709 2803 Edd.

140 2826 192 2861 15.
219 2815 273 2861 δὲ]
293 2820 330 2856 -1-
346 2816 407 2859 ἤδη
425 2815 849 2858 1111.16.ἡμὼν
867 2827 928 2859 pro
946 2815 1053 2849 αυτῶν
1069 2814 1127 2848 fid.
1178 2814 1268 2857 ἡμῶν
1285 2815 1427 2859 θυμηδία
1445 2815 1510 2849 hOC
1528 2815 1647 2849 ordine
1666 2816 1707 2849 B.

140 2865 193 2897 18.
219 2862 422 2907 ἀμφιλαφὴς
439 2863 582 2920 accesfit
599 2874 639 2895 ex
660 2861 701 2895 B.
894 2873 946 2906 19.
966 2860 1119 2906 καρποῖς]
1140 2862 1247 2897 ὑετοῖς
1265 2862 1356 2896 Edd.
1531 2873 1587 2896 20.
1614 2862 1709 2897 Haec

134 2912 320 2954 πληροῦντι
337 2910 395 2952 τὴν
411 2915 445 2943 et
461 2909 505 2944 ὡς
521 2924 556 2943 εν
573 2914 792 2942 accesserunt
808 2920 849 2942 ex
868 2908 910 2942 Β.
959 2910 1073 2951 ληνοῖς
1090 2908 1181 2942 Edd.
1458 2920 1513 2943 21.
1539 2910 1582 2944 ὡς
1599 2909 1644 2949 ἐν,
1662 2912 1708 2956 τῷ

136 2964 170 2991 et
185 2971 225 3002 γε
243 2959 424 3000 assumpta
440 2967 482 2989 ex
501 2955 543 2990 B.
696 2966 751 2997 24.
778 2955 813 2988 ἐν
830 2955 915 3001 σίτῳ
932 2954 1052 3001 γεμὴν]
1073 2955 1100 2989 δ’
1119 2955 1154 2989 ἐν
1171 2955 1255 2990 σίτω
1273 2955 1332 2990 iid.
1493 2965 1547 3002 25.
1573 2956 1711 3001 προ[σ]-

137 3001 364 3048 επενῆνεκται]
385 3002 442 3037 Sic
461 3002 602 3037 conexi.
621 3001 896 3048 προεπενὴνεκται
916 3002 973 3037 iid.

874 3070 991 3098 15u2
