<?xml version="1.0" encoding="UTF-8"?>
<!DOCTYPE html PUBLIC "-//W3C//DTD XHTML 1.0 Transitional//EN"
    "http://www.w3.org/TR/xhtml1/DTD/xhtml1-transitional.dtd">
<html xmlns="http://www.w3.org/1999/xhtml" xml:lang="en" lang="en">
 <head>
  <title>
</title>
<meta http-equiv="Content-Type" content="text/html;charset=utf-8" />
  <meta name='ocr-system' content='tesseract 3.04.00' />
  <meta name='ocr-capabilities' content='ocr_page ocr_carea ocr_par ocr_line ocrx_word'/>
</head>
<body>
  <div class='ocr_page' id='page_1' title='image "./operacyrilli01cyriuoft_0558.png"; bbox 0 0 2021 3434; ppageno 0'>
   <div class='ocr_carea' id='block_1_1' title="bbox 312 185 1880 238">
    <p class='ocr_par' dir='ltr' id='par_1_1' title="bbox 312 185 1880 238">
     <span class='ocr_line' id='line_1_1' title="bbox 312 185 1880 238; baseline 0.001 -14"><span class='ocrx_word' id='word_1_1' title='bbox 312 185 396 224; x_wconf 81' lang='lat'>512</span> <span class='ocrx_word' id='word_1_2' title='bbox 697 188 747 228; x_wconf 92' lang='grc' dir='ltr'>Β.</span> <span class='ocrx_word' id='word_1_3' title='bbox 790 187 1065 229; x_wconf 88' lang='lat' dir='ltr'>CYRILLI</span> <span class='ocrx_word' id='word_1_4' title='bbox 1107 188 1486 229; x_wconf 87' lang='lat' dir='ltr'><strong>ALEXANDR.</strong></span> <span class='ocrx_word' id='word_1_5' title='bbox 1673 186 1759 227; x_wconf 81' lang='lat' dir='ltr'><strong>viii.</strong></span> <span class='ocrx_word' id='word_1_6' title='bbox 1783 187 1880 238; x_wconf 80' lang='lat'><strong>4-6,</strong></span> 
     </span>
    </p>
   </div>
   <div class='ocr_carea' id='block_1_2' title="bbox 86 296 1952 2508">
    <p class='ocr_par' dir='ltr' id='par_1_2' title="bbox 86 296 1952 2508">
     <span class='ocr_line' id='line_1_2' title="bbox 311 296 1883 366; baseline 0.002 -20"><span class='ocrx_word' id='word_1_7' title='bbox 311 296 539 359; x_wconf 77' lang='grc' dir='ltr'>νουμένων</span> <span class='ocrx_word' id='word_1_8' title='bbox 569 298 922 365; x_wconf 77' lang='grc' dir='ltr'>παρατρέπουσι</span> <span class='ocrx_word' id='word_1_9' title='bbox 956 299 1039 354; x_wconf 77' lang='grc' dir='ltr'>τὰς</span> <span class='ocrx_word' id='word_1_10' title='bbox 1070 300 1297 354; x_wconf 78' lang='grc' dir='ltr'>σπουδάς·</span> <span class='ocrx_word' id='word_1_11' title='bbox 1340 304 1381 351; x_wconf 82' lang='grc' dir='ltr'>οἱ</span> <span class='ocrx_word' id='word_1_12' title='bbox 1407 300 1455 351; x_wconf 79' lang='grc' dir='ltr'>δὲ</span> <span class='ocrx_word' id='word_1_13' title='bbox 1486 304 1547 353; x_wconf 80' lang='grc' dir='ltr'>εἷς</span> <span class='ocrx_word' id='word_1_14' title='bbox 1572 298 1714 363; x_wconf 85' lang='grc' dir='ltr'>μόνον</span> <span class='ocrx_word' id='word_1_15' title='bbox 1739 301 1883 366; x_wconf 88' lang='grc' dir='ltr'>ὁρῶν-</span> 
     </span>
     <span class='ocr_line' id='line_1_3' title="bbox 310 377 1883 449; baseline 0.003 -23"><span class='ocrx_word' id='word_1_16' title='bbox 310 400 384 431; x_wconf 91' lang='grc' dir='ltr'>τες</span> <span class='ocrx_word' id='word_1_17' title='bbox 425 377 479 428; x_wconf 83' lang='grc' dir='ltr'>τὸ</span> <span class='ocrx_word' id='word_1_18' title='bbox 521 377 922 433; x_wconf 61' lang='grc' dir='ltr'>καταδυναστεύειν</span> <span class='ocrx_word' id='word_1_19' title='bbox 958 381 1100 445; x_wconf 72' lang='grc' dir='ltr'>τινας,</span> <span class='ocrx_word' id='word_1_20' title='bbox 1139 383 1214 434; x_wconf 80' lang='grc' dir='ltr'>καὶ</span> <span class='ocrx_word' id='word_1_21' title='bbox 1257 387 1339 433; x_wconf 86' lang='grc' dir='ltr'>τοῦ</span> <span class='ocrx_word' id='word_1_22' title='bbox 1382 384 1549 449; x_wconf 85' lang='grc' dir='ltr'>χρῆναι</span> <span class='ocrx_word' id='word_1_23' title='bbox 1591 386 1883 432; x_wconf 81' lang='grc' dir='ltr'>πλεονεκτεῖν</span> 
     </span>
     <span class='ocr_line' id='line_1_4' title="bbox 267 458 1880 531; baseline 0.005 -24"><span class='ocrx_word' id='word_1_24' title='bbox 267 466 292 505; x_wconf 90' lang='lat' dir='ltr'>d</span> <span class='ocrx_word' id='word_1_25' title='bbox 312 458 443 510; x_wconf 76' lang='grc' dir='ltr'>οὐδὲν</span> <span class='ocrx_word' id='word_1_26' title='bbox 480 459 592 511; x_wconf 75' lang='grc' dir='ltr'>εἶναι</span> <span class='ocrx_word' id='word_1_27' title='bbox 630 461 887 528; x_wconf 75' lang='grc' dir='ltr'>νομίζοντες</span> <span class='ocrx_word' id='word_1_28' title='bbox 917 463 971 515; x_wconf 82' lang='grc' dir='ltr'>τὸ</span> <span class='ocrx_word' id='word_1_29' title='bbox 1004 469 1303 527; x_wconf 83' lang='grc' dir='ltr'>ἱσοστατοῦν,</span> <span class='ocrx_word' id='word_1_30' title='bbox 1329 464 1464 531; x_wconf 78' lang='grc' dir='ltr'>ἔργον</span> <span class='ocrx_word' id='word_1_31' title='bbox 1493 469 1729 514; x_wconf 83' lang='grc' dir='ltr'>ποιοῦνται</span> <span class='ocrx_word' id='word_1_32' title='bbox 1755 486 1880 529; x_wconf 87' lang='grc' dir='ltr'>περι-</span> 
     </span>
     <span class='ocr_line' id='line_1_5' title="bbox 310 541 1881 614; baseline 0.003 -23"><span class='ocrx_word' id='word_1_33' title='bbox 310 541 619 593; x_wconf 87' lang='grc' dir='ltr'>σπούδαστον</span> <span class='ocrx_word' id='word_1_34' title='bbox 659 543 713 594; x_wconf 81' lang='grc' dir='ltr'>τὸ</span> <span class='ocrx_word' id='word_1_35' title='bbox 756 545 887 599; x_wconf 76' lang='grc' dir='ltr'>εὐθὺς</span> <span class='ocrx_word' id='word_1_36' title='bbox 929 547 1186 614; x_wconf 78' lang='grc' dir='ltr'>ἀρχομένης</span> <span class='ocrx_word' id='word_1_37' title='bbox 1228 547 1337 611; x_wconf 83' lang='grc' dir='ltr'>ἠοῦς</span> <span class='ocrx_word' id='word_1_38' title='bbox 1377 547 1508 610; x_wconf 82' lang='grc' dir='ltr'>εὐνῆς</span> <span class='ocrx_word' id='word_1_39' title='bbox 1550 545 1881 611; x_wconf 83' lang='grc' dir='ltr'>ἀναθρώσκειν,</span> 
     </span>
     <span class='ocr_line' id='line_1_6' title="bbox 309 623 1924 696; baseline 0.005 -23"><span class='ocrx_word' id='word_1_40' title='bbox 309 625 384 673; x_wconf 82' lang='grc' dir='ltr'>καὶ</span> <span class='ocrx_word' id='word_1_41' title='bbox 420 623 539 690; x_wconf 80' lang='grc' dir='ltr'>πρὸς</span> <span class='ocrx_word' id='word_1_42' title='bbox 575 624 662 689; x_wconf 91' lang='grc' dir='ltr'>τὴν</span> <span class='ocrx_word' id='word_1_43' title='bbox 705 627 860 681; x_wconf 83' lang='grc' dir='ltr'>αὐτοῖς</span> <span class='ocrx_word' id='word_1_44' title='bbox 901 628 1085 692; x_wconf 87' lang='grc' dir='ltr'>συνήθη</span> <span class='ocrx_word' id='word_1_45' title='bbox 1125 629 1328 695; x_wconf 76' lang='grc' dir='ltr'>βαδίζειν</span> <span class='ocrx_word' id='word_1_46' title='bbox 1366 626 1654 696; x_wconf 84' lang='grc' dir='ltr'>φαυλότητα,</span> <span class='ocrx_word' id='word_1_47' title='bbox 1693 629 1768 678; x_wconf 82' lang='grc' dir='ltr'>καὶ</span> <span class='ocrx_word' id='word_1_48' title='bbox 1804 627 1881 681; x_wconf 79' lang='grc' dir='ltr'>οὓς</span> <span class='ocrx_word' id='word_1_49' title='bbox 1902 656 1924 694; x_wconf 83' lang='lat'>5</span> 
     </span>
     <span class='ocr_line' id='line_1_7' title="bbox 309 702 1883 777; baseline 0.003 -23"><span class='ocrx_word' id='word_1_50' title='bbox 309 702 368 754; x_wconf 76' lang='grc' dir='ltr'>ἂν</span> <span class='ocrx_word' id='word_1_51' title='bbox 417 705 630 758; x_wconf 84' lang='grc' dir='ltr'>δύναιντο</span> <span class='ocrx_word' id='word_1_52' title='bbox 680 715 985 774; x_wconf 83' lang='grc' dir='ltr'>πλεονεκτεῖν,</span> <span class='ocrx_word' id='word_1_53' title='bbox 1025 710 1169 774; x_wconf 89' lang='grc' dir='ltr'>μόνον</span> <span class='ocrx_word' id='word_1_54' title='bbox 1214 710 1261 762; x_wconf 82' lang='grc' dir='ltr'>δὲ</span> <span class='ocrx_word' id='word_1_55' title='bbox 1305 712 1406 777; x_wconf 80' lang='grc' dir='ltr'>οὐχὶ</span> <span class='ocrx_word' id='word_1_56' title='bbox 1449 711 1523 760; x_wconf 75' lang='grc' dir='ltr'>καὶ</span> <span class='ocrx_word' id='word_1_57' title='bbox 1569 708 1883 776; x_wconf 82' lang='grc' dir='ltr'>ὑπερχομένην</span> 
     </span>
     <span class='ocr_line' id='line_1_8' title="bbox 309 786 1882 857; baseline 0.003 -20"><span class='ocrx_word' id='word_1_58' title='bbox 309 786 431 841; x_wconf 83' lang='grc' dir='ltr'>ὅλως</span> <span class='ocrx_word' id='word_1_59' title='bbox 472 790 624 843; x_wconf 82' lang='grc' dir='ltr'>αὐτοῖς</span> <span class='ocrx_word' id='word_1_60' title='bbox 668 790 753 854; x_wconf 86' lang='grc' dir='ltr'>τὴν</span> <span class='ocrx_word' id='word_1_61' title='bbox 791 792 932 843; x_wconf 82' lang='grc' dir='ltr'>νύκτα</span> <span class='ocrx_word' id='word_1_62' title='bbox 971 796 1046 844; x_wconf 79' lang='grc' dir='ltr'>καὶ</span> <span class='ocrx_word' id='word_1_63' title='bbox 1080 792 1356 857; x_wconf 74' lang='grc' dir='ltr'>μέλλουσαν</span> <span class='ocrx_word' id='word_1_64' title='bbox 1401 791 1672 855; x_wconf 79' lang='grc' dir='ltr'>αἰτιώμενοι,</span> <span class='ocrx_word' id='word_1_65' title='bbox 1711 790 1780 842; x_wconf 79' lang='grc' dir='ltr'>ὅτι</span> <span class='ocrx_word' id='word_1_66' title='bbox 1818 791 1882 856; x_wconf 88' lang='grc' dir='ltr'>μὴ</span> 
     </span>
     <span class='ocr_line' id='line_1_9' title="bbox 339 869 1883 943; baseline 0.004 -24"><span class='ocrx_word' id='word_1_67' title='bbox 339 869 474 921; x_wconf 90' lang='grc' dir='ltr'>ίδωσι</span> <span class='ocrx_word' id='word_1_68' title='bbox 515 871 675 939; x_wconf 79' lang='grc' dir='ltr'>καιρὸν</span> <span class='ocrx_word' id='word_1_69' title='bbox 719 874 872 928; x_wconf 83' lang='grc' dir='ltr'>αὐτοῖς</span> <span class='ocrx_word' id='word_1_70' title='bbox 906 874 989 926; x_wconf 82' lang='grc' dir='ltr'>τὸν</span> <span class='ocrx_word' id='word_1_71' title='bbox 1029 876 1342 943; x_wconf 81' lang='grc' dir='ltr'>ἀποχρώντως</span> <span class='ocrx_word' id='word_1_72' title='bbox 1383 875 1551 943; x_wconf 76' lang='grc' dir='ltr'>ἔχοντα</span> <span class='ocrx_word' id='word_1_73' title='bbox 1587 872 1705 940; x_wconf 80' lang='grc' dir='ltr'>πρὸς</span> <span class='ocrx_word' id='word_1_74' title='bbox 1742 881 1883 925; x_wconf 86' lang='grc' dir='ltr'>πλεο-</span> 
     </span>
     <span class='ocr_line' id='line_1_10' title="bbox 308 951 1880 1025; baseline 0.004 -24"><span class='ocrx_word' id='word_1_75' title='bbox 308 951 478 1020; x_wconf 73' lang='grc' dir='ltr'>νεξίαν.</span> <span class='ocrx_word' id='word_1_76' title='bbox 539 954 669 1005; x_wconf 75' lang='grc' dir='ltr'>οὗτοί</span> <span class='ocrx_word' id='word_1_77' title='bbox 714 959 837 1023; x_wconf 90' lang='grc' dir='ltr'>φασι</span> <span class='ocrx_word' id='word_1_78' title='bbox 883 960 997 1009; x_wconf 76' lang='grc' dir='ltr'>Πότε</span> <span class='ocrx_word' id='word_1_79' title='bbox 1047 955 1312 1009; x_wconf 50' lang='grc' dir='ltr'>διελεύσεται</span> <span class='ocrx_word' id='word_1_80' title='bbox 1353 964 1371 1010; x_wconf 87' lang='lat' dir='ltr'>o‘</span> <span class='ocrx_word' id='word_1_81' title='bbox 1415 957 1495 1025; x_wconf 67' lang='grc' dir='ltr'>μὴν</span> <span class='ocrx_word' id='word_1_82' title='bbox 1539 961 1615 1008; x_wconf 65' lang='grc' dir='ltr'>καὶ</span> <span class='ocrx_word' id='word_1_83' title='bbox 1659 961 1880 1024; x_wconf 79' lang='grc' dir='ltr'>απεμπο-</span> 
     </span>
     <span class='ocr_line' id='line_1_11' title="bbox 307 1035 1952 1108; baseline 0.003 -24"><span class='ocrx_word' id='word_1_84' title='bbox 307 1035 526 1103; x_wconf 73' lang='grc' dir='ltr'>λήσομεν;</span> <span class='ocrx_word' id='word_1_85' title='bbox 574 1038 899 1090; x_wconf 84' lang='grc' dir='ltr'>δεδανεικότων</span> <span class='ocrx_word' id='word_1_86' title='bbox 939 1039 987 1091; x_wconf 78' lang='grc' dir='ltr'>δὲ</span> <span class='ocrx_word' id='word_1_87' title='bbox 1027 1042 1144 1104; x_wconf 78' lang='grc' dir='ltr'>αὕτη</span> <span class='ocrx_word' id='word_1_88' title='bbox 1179 1042 1252 1090; x_wconf 77' lang='grc' dir='ltr'>καὶ</span> <span class='ocrx_word' id='word_1_89' title='bbox 1290 1038 1720 1108; x_wconf 81' lang='grc' dir='ltr'>ἐκβραχυπλούτων</span> <span class='ocrx_word' id='word_1_90' title='bbox 1759 1039 1881 1107; x_wconf 82' lang='grc' dir='ltr'>εὐχὴ,</span> <span class='ocrx_word' id='word_1_91' title='bbox 1906 1070 1952 1095; x_wconf 86' lang='lat'>10</span> 
     </span>
     <span class='ocr_line' id='line_1_12' title="bbox 308 1120 1883 1189; baseline 0.004 -24"><span class='ocrx_word' id='word_1_92' title='bbox 308 1120 521 1184; x_wconf 77' lang='grc' dir='ltr'>αἰσχρῶν</span> <span class='ocrx_word' id='word_1_93' title='bbox 565 1121 639 1170; x_wconf 84' lang='grc' dir='ltr'>καὶ</span> <span class='ocrx_word' id='word_1_94' title='bbox 682 1121 1059 1186; x_wconf 85' lang='grc' dir='ltr'>ῥυποκονδύλων,</span> <span class='ocrx_word' id='word_1_95' title='bbox 1103 1121 1146 1173; x_wconf 75' lang='grc' dir='ltr'>οἳ</span> <span class='ocrx_word' id='word_1_96' title='bbox 1195 1121 1249 1173; x_wconf 83' lang='grc' dir='ltr'>τὸ</span> <span class='ocrx_word' id='word_1_97' title='bbox 1298 1128 1380 1173; x_wconf 86' lang='grc' dir='ltr'>τοῦ</span> <span class='ocrx_word' id='word_1_98' title='bbox 1424 1120 1557 1187; x_wconf 79' lang='grc' dir='ltr'>μηνὸς</span> <span class='ocrx_word' id='word_1_99' title='bbox 1595 1122 1663 1171; x_wconf 80' lang='grc' dir='ltr'>ἀεὶ</span> <span class='ocrx_word' id='word_1_100' title='bbox 1702 1123 1883 1189; x_wconf 79' lang='grc' dir='ltr'>διψῶσι</span> 
     </span>
     <span class='ocr_line' id='line_1_13' title="bbox 270 1200 1883 1274; baseline 0.004 -24"><span class='ocrx_word' id='word_1_101' title='bbox 270 1200 464 1265; x_wconf 77' lang='grc' dir='ltr'>θπέρας,</span> <span class='ocrx_word' id='word_1_102' title='bbox 491 1201 566 1252; x_wconf 82' lang='grc' dir='ltr'>ἵνα</span> <span class='ocrx_word' id='word_1_103' title='bbox 600 1203 675 1252; x_wconf 79' lang='grc' dir='ltr'>καὶ</span> <span class='ocrx_word' id='word_1_104' title='bbox 707 1202 908 1268; x_wconf 80' lang='grc' dir='ltr'>σμικρὸν</span> <span class='ocrx_word' id='word_1_105' title='bbox 941 1206 1014 1255; x_wconf 79' lang='grc' dir='ltr'>ἐπὶ</span> <span class='ocrx_word' id='word_1_106' title='bbox 1043 1209 1229 1274; x_wconf 76' lang='grc' dir='ltr'>σμικρῷ</span> <span class='ocrx_word' id='word_1_107' title='bbox 1266 1204 1599 1270; x_wconf 78' lang='grc' dir='ltr'>συλλέγοντες,</span> <span class='ocrx_word' id='word_1_108' title='bbox 1635 1203 1883 1269; x_wconf 79' lang='grc' dir='ltr'>ἁδροτέρας</span> 
     </span>
     <span class='ocr_line' id='line_1_14' title="bbox 307 1282 1882 1349; baseline 0.006 -19"><span class='ocrx_word' id='word_1_109' title='bbox 307 1286 513 1333; x_wconf 83' lang='grc' dir='ltr'>ποιοῖντο</span> <span class='ocrx_word' id='word_1_110' title='bbox 539 1282 622 1337; x_wconf 80' lang='grc' dir='ltr'>τὰς</span> <span class='ocrx_word' id='word_1_111' title='bbox 645 1285 818 1335; x_wconf 82' lang='grc' dir='ltr'>ἑαυτῶν</span> <span class='ocrx_word' id='word_1_112' title='bbox 843 1286 1065 1349; x_wconf 81' lang='grc' dir='ltr'>ἐμπολὰς,</span> <span class='ocrx_word' id='word_1_113' title='bbox 1092 1289 1167 1337; x_wconf 77' lang='grc' dir='ltr'>καὶ</span> <span class='ocrx_word' id='word_1_114' title='bbox 1201 1285 1362 1340; x_wconf 87' lang='grc' dir='ltr'>τόκους</span> <span class='ocrx_word' id='word_1_115' title='bbox 1400 1289 1473 1338; x_wconf 77' lang='grc' dir='ltr'>ἐπὶ</span> <span class='ocrx_word' id='word_1_116' title='bbox 1507 1285 1657 1339; x_wconf 85' lang='grc' dir='ltr'>τόκοις</span> <span class='ocrx_word' id='word_1_117' title='bbox 1683 1287 1882 1339; x_wconf 80' lang='grc' dir='ltr'>ἀνοσίως</span> 
     </span>
     <span class='ocr_line' id='line_1_15' title="bbox 307 1362 1883 1435; baseline 0.004 -23"><span class='ocrx_word' id='word_1_118' title='bbox 307 1362 612 1429; x_wconf 73' lang='grc' dir='ltr'>ἐρανιζόμενοι</span> <span class='ocrx_word' id='word_1_119' title='bbox 655 1368 999 1428; x_wconf 79' lang='grc' dir='ltr'>καταθλίβουσι</span> <span class='ocrx_word' id='word_1_120' title='bbox 1041 1367 1147 1422; x_wconf 79' lang='grc' dir='ltr'>τοὺς</span> <span class='ocrx_word' id='word_1_121' title='bbox 1192 1368 1570 1435; x_wconf 76' lang='grc' dir='ltr'>ἀσθενεστέρους,</span> <span class='ocrx_word' id='word_1_122' title='bbox 1613 1369 1759 1418; x_wconf 89' lang='grc' dir='ltr'>καίτοι</span> <span class='ocrx_word' id='word_1_123' title='bbox 1799 1373 1883 1419; x_wconf 84' lang='grc' dir='ltr'>τοῦ</span> 
     </span>
     <span class='ocr_line' id='line_1_16' title="bbox 86 1443 1950 1531; baseline 0.004 -37"><span class='ocrx_word' id='word_1_124' title='bbox 86 1447 216 1531; x_wconf 52' lang='grc' dir='ltr'>Ξξξ(ῑ2·5</span> <span class='ocrx_word' id='word_1_125' title='bbox 308 1443 451 1508; x_wconf 83' lang='grc' dir='ltr'>νόμου</span> <span class='ocrx_word' id='word_1_126' title='bbox 488 1448 709 1512; x_wconf 81' lang='grc' dir='ltr'>λε’γοντος</span> <span class='ocrx_word' id='word_1_127' title='bbox 746 1450 950 1515; x_wconf 84' lang='grc' dir='ltr'>ἐναργῶς</span> <span class='ocrx_word' id='word_1_128' title='bbox 987 1449 1148 1501; x_wconf 59' lang='lat' dir='ltr'><strong>“’Edv</strong></span> <span class='ocrx_word' id='word_1_129' title='bbox 1183 1451 1230 1501; x_wconf 80' lang='grc' dir='ltr'>δὲ</span> <span class='ocrx_word' id='word_1_130' title='bbox 1268 1451 1486 1517; x_wconf 81' lang='grc' dir='ltr'>ἀργύριον</span> <span class='ocrx_word' id='word_1_131' title='bbox 1521 1451 1785 1518; x_wconf 85' lang='grc' dir='ltr'>ἐκδανείσῃς</span> <span class='ocrx_word' id='word_1_132' title='bbox 1816 1454 1882 1519; x_wconf 74' lang='grc' dir='ltr'>τῷ</span> <span class='ocrx_word' id='word_1_133' title='bbox 1905 1482 1950 1518; x_wconf 88' lang='lat'>15</span> 
     </span>
     <span class='ocr_line' id='line_1_17' title="bbox 155 1517 1881 1602; baseline 0.003 -25"><span class='ocrx_word' id='word_1_134' title='bbox 155 1517 162 1523; x_wconf 45' lang='grc'><strong>”</strong></span> <span class='ocrx_word' id='word_1_135' title='bbox 308 1534 335 1556; x_wconf 88' lang='grc'><strong>“</strong></span> <span class='ocrx_word' id='word_1_136' title='bbox 359 1529 580 1592; x_wconf 85' lang='grc' dir='ltr'>πλησίον,</span> <span class='ocrx_word' id='word_1_137' title='bbox 617 1530 699 1581; x_wconf 82' lang='grc' dir='ltr'>οὐκ</span> <span class='ocrx_word' id='word_1_138' title='bbox 733 1530 820 1599; x_wconf 73' lang='grc' dir='ltr'>ε”σῃ</span> <span class='ocrx_word' id='word_1_139' title='bbox 858 1531 998 1584; x_wconf 82' lang='grc' dir='ltr'>αὐτὸν</span> <span class='ocrx_word' id='word_1_140' title='bbox 1035 1533 1331 1599; x_wconf 81' lang='grc' dir='ltr'>κατεπείγων,</span> <span class='ocrx_word' id='word_1_141' title='bbox 1366 1534 1448 1584; x_wconf 83' lang='grc' dir='ltr'>οὐκ</span> <span class='ocrx_word' id='word_1_142' title='bbox 1486 1532 1721 1596; x_wconf 83' lang='grc' dir='ltr'>ἐπιθήσεις</span> <span class='ocrx_word' id='word_1_143' title='bbox 1757 1533 1881 1602; x_wconf 73' lang='grc' dir='ltr'>αὐτῷ</span> 
     </span>
     <span class='ocr_line' id='line_1_18' title="bbox 308 1608 1879 1683; baseline 0.003 -23"><span class='ocrx_word' id='word_1_144' title='bbox 308 1616 335 1639; x_wconf 86' lang='grc'><strong>“</strong></span> <span class='ocrx_word' id='word_1_145' title='bbox 361 1608 544 1661; x_wconf 85' lang='grc' dir='ltr'>τόκον.”</span> <span class='ocrx_word' id='word_1_146' title='bbox 614 1614 722 1663; x_wconf 79' lang='grc' dir='ltr'>ἀλλ’</span> <span class='ocrx_word' id='word_1_147' title='bbox 763 1617 805 1664; x_wconf 79' lang='grc' dir='ltr'>οἱ</span> <span class='ocrx_word' id='word_1_148' title='bbox 848 1615 932 1678; x_wconf 77' lang='grc' dir='ltr'>μέν</span> <span class='ocrx_word' id='word_1_149' title='bbox 970 1620 1092 1683; x_wconf 89' lang='grc' dir='ltr'>φασι</span> <span class='ocrx_word' id='word_1_150' title='bbox 1139 1617 1249 1667; x_wconf 70' lang='grc' dir='ltr'>Πότε</span> <span class='ocrx_word' id='word_1_151' title='bbox 1295 1614 1563 1667; x_wconf 60' lang='grc' dir='ltr'>διελεύσεται</span> <span class='ocrx_word' id='word_1_152' title='bbox 1609 1621 1627 1666; x_wconf 83' lang='grc' dir='ltr'><em>ὁ</em></span> <span class='ocrx_word' id='word_1_153' title='bbox 1676 1613 1762 1683; x_wconf 57' lang='grc' dir='ltr'>μὴν</span> <span class='ocrx_word' id='word_1_154' title='bbox 1803 1621 1879 1666; x_wconf 66' lang='grc' dir='ltr'>καὶ</span> 
     </span>
     <span class='ocr_line' id='line_1_19' title="bbox 307 1691 1881 1765; baseline 0.005 -23"><span class='ocrx_word' id='word_1_155' title='bbox 307 1691 644 1762; x_wconf 72' lang='grc' dir='ltr'>ἐμπολήσσμενς</span> <span class='ocrx_word' id='word_1_156' title='bbox 685 1698 726 1746; x_wconf 80' lang='grc' dir='ltr'>οἱ</span> <span class='ocrx_word' id='word_1_157' title='bbox 752 1695 800 1747; x_wconf 76' lang='grc' dir='ltr'>δὲ</span> <span class='ocrx_word' id='word_1_158' title='bbox 826 1701 925 1750; x_wconf 80' lang='grc' dir='ltr'>ταῖς</span> <span class='ocrx_word' id='word_1_159' title='bbox 950 1697 1087 1760; x_wconf 76' lang='grc' dir='ltr'>ἰ’σαις,</span> <span class='ocrx_word' id='word_1_160' title='bbox 1113 1696 1142 1762; x_wconf 75' lang='grc' dir='ltr'>ἦ</span> <span class='ocrx_word' id='word_1_161' title='bbox 1170 1701 1243 1749; x_wconf 76' lang='grc' dir='ltr'>καὶ</span> <span class='ocrx_word' id='word_1_162' title='bbox 1274 1697 1338 1748; x_wconf 78' lang='grc' dir='ltr'>ε”τι</span> <span class='ocrx_word' id='word_1_163' title='bbox 1371 1698 1577 1765; x_wconf 89' lang='grc' dir='ltr'>χείροσιν</span> <span class='ocrx_word' id='word_1_164' title='bbox 1602 1698 1881 1764; x_wconf 81' lang='grc' dir='ltr'>ἀῤῥωστίαις</span> 
     </span>
     <span class='ocr_line' id='line_1_20' title="bbox 307 1775 1882 1848; baseline 0.004 -24"><span class='ocrx_word' id='word_1_165' title='bbox 307 1775 617 1843; x_wconf 77' lang='grc' dir='ltr'>ἐνισχημένοι,</span> <span class='ocrx_word' id='word_1_166' title='bbox 647 1780 722 1829; x_wconf 76' lang='grc' dir='ltr'>καὶ</span> <span class='ocrx_word' id='word_1_167' title='bbox 755 1779 1014 1844; x_wconf 83' lang='grc' dir='ltr'>λημμάτων</span> <span class='ocrx_word' id='word_1_168' title='bbox 1039 1784 1250 1848; x_wconf 76' lang='grc' dir='ltr'>αἰσχρῶν</span> <span class='ocrx_word' id='word_1_169' title='bbox 1284 1780 1548 1844; x_wconf 80' lang='grc' dir='ltr'>ἡττώμενοι,</span> <span class='ocrx_word' id='word_1_170' title='bbox 1576 1781 1698 1848; x_wconf 73' lang='grc' dir='ltr'>φασὶ</span> <span class='ocrx_word' id='word_1_171' title='bbox 1734 1779 1882 1831; x_wconf 80' lang='grc' dir='ltr'>πάλιν</span> 
     </span>
     <span class='ocr_line' id='line_1_21' title="bbox 87 1854 1950 1933; baseline 0.006 -28"><span class='ocrx_word' id='word_1_172' title='bbox 87 1868 168 1902; x_wconf 87' lang='grc'>333</span> <span class='ocrx_word' id='word_1_173' title='bbox 189 1867 238 1901; x_wconf 86' lang='lat' dir='ltr'>A·</span> <span class='ocrx_word' id='word_1_174' title='bbox 271 1858 421 1908; x_wconf 67' lang='lat' dir='ltr'>aHo&#39;rs</span> <span class='ocrx_word' id='word_1_175' title='bbox 459 1854 732 1912; x_wconf 49' lang='grc' dir='ltr'>διελεύσεται</span> <span class='ocrx_word' id='word_1_176' title='bbox 777 1860 838 1913; x_wconf 72' lang='grc' dir='ltr'>τα</span> <span class='ocrx_word' id='word_1_177' title='bbox 875 1864 1110 1923; x_wconf 63' lang='grc' dir='ltr'>σάββατα</span> <span class='ocrx_word' id='word_1_178' title='bbox 1156 1868 1233 1915; x_wconf 61' lang='grc' dir='ltr'>καὶ</span> <span class='ocrx_word' id='word_1_179' title='bbox 1276 1863 1494 1933; x_wconf 64' lang='grc' dir='ltr'>ἀνώξομεν</span> <span class='ocrx_word' id='word_1_180' title='bbox 1530 1861 1770 1933; x_wconf 67' lang='grc' dir='ltr'>θησαυρσῖις,</span> <span class='ocrx_word' id='word_1_181' title='bbox 1811 1865 1882 1914; x_wconf 67' lang='grc' dir='ltr'>τοῦ</span> <span class='ocrx_word' id='word_1_182' title='bbox 1902 1894 1950 1918; x_wconf 84' lang='lat'>20</span> 
     </span>
     <span class='ocr_line' id='line_1_22' title="bbox 308 1938 1879 2014; baseline 0.005 -26"><span class='ocrx_word' id='word_1_183' title='bbox 308 1938 489 1998; x_wconf 59' lang='grc' dir='ltr'>ποιῆσαι</span> <span class='ocrx_word' id='word_1_184' title='bbox 514 1943 664 2008; x_wconf 61' lang='grc' dir='ltr'>μικρὶν</span> <span class='ocrx_word' id='word_1_185' title='bbox 687 1943 836 2012; x_wconf 67' lang='grc' dir='ltr'>μέτρον</span> <span class='ocrx_word' id='word_1_186' title='bbox 870 1950 946 1996; x_wconf 65' lang='grc' dir='ltr'>καὶ</span> <span class='ocrx_word' id='word_1_187' title='bbox 979 1947 1050 1996; x_wconf 67' lang='grc' dir='ltr'>τοῦ</span> <span class='ocrx_word' id='word_1_188' title='bbox 1079 1948 1333 2014; x_wconf 77' lang='grc' dir='ltr'>μεγαλῧναι</span> <span class='ocrx_word' id='word_1_189' title='bbox 1366 1944 1566 2013; x_wconf 70' lang='grc' dir='ltr'>σταθμια</span> <span class='ocrx_word' id='word_1_190' title='bbox 1595 1953 1670 1996; x_wconf 67' lang='grc' dir='ltr'>καὶ</span> <span class='ocrx_word' id='word_1_191' title='bbox 1698 1944 1879 2005; x_wconf 62' lang='grc' dir='ltr'>ποιῆσαι</span> 
     </span>
     <span class='ocr_line' id='line_1_23' title="bbox 309 2021 1880 2095; baseline 0.004 -24"><span class='ocrx_word' id='word_1_192' title='bbox 309 2021 434 2090; x_wconf 64' lang='grc' dir='ltr'>ζυγὶν</span> <span class='ocrx_word' id='word_1_193' title='bbox 469 2021 648 2084; x_wconf 44' lang='lat' dir='ltr'>&amp;Aaou</span> <span class='ocrx_word' id='word_1_194' title='bbox 691 2028 765 2076; x_wconf 78' lang='grc' dir='ltr'>καὶ</span> <span class='ocrx_word' id='word_1_195' title='bbox 791 2027 840 2077; x_wconf 90' lang='grc' dir='ltr'>τί</span> <span class='ocrx_word' id='word_1_196' title='bbox 865 2025 920 2091; x_wconf 85' lang='grc' dir='ltr'>δὴ</span> <span class='ocrx_word' id='word_1_197' title='bbox 953 2027 1089 2078; x_wconf 83' lang='grc' dir='ltr'>τοῦτό</span> <span class='ocrx_word' id='word_1_198' title='bbox 1121 2029 1263 2090; x_wconf 85' lang='grc' dir='ltr'>ἐστιν,</span> <span class='ocrx_word' id='word_1_199' title='bbox 1290 2026 1319 2092; x_wconf 77' lang='grc' dir='ltr'>ἦ</span> <span class='ocrx_word' id='word_1_200' title='bbox 1346 2029 1491 2079; x_wconf 88' lang='grc' dir='ltr'>ποίων</span> <span class='ocrx_word' id='word_1_201' title='bbox 1516 2027 1779 2087; x_wconf 66' lang='grc' dir='ltr'>σαββάτων</span> <span class='ocrx_word' id='word_1_202' title='bbox 1805 2029 1880 2095; x_wconf 72' lang='grc' dir='ltr'>ζη-</span> 
     </span>
     <span class='ocr_line' id='line_1_24' title="bbox 307 2105 1880 2180; baseline 0.005 -27"><span class='ocrx_word' id='word_1_203' title='bbox 307 2109 443 2155; x_wconf 87' lang='grc' dir='ltr'>τοῦσι</span> <span class='ocrx_word' id='word_1_204' title='bbox 467 2105 675 2172; x_wconf 79' lang='grc' dir='ltr'>πάροδον</span> <span class='ocrx_word' id='word_1_205' title='bbox 694 2108 767 2159; x_wconf 84' lang='grc' dir='ltr'>ἵνα</span> <span class='ocrx_word' id='word_1_206' title='bbox 787 2111 861 2160; x_wconf 75' lang='grc' dir='ltr'>καὶ</span> <span class='ocrx_word' id='word_1_207' title='bbox 885 2111 1098 2179; x_wconf 70' lang='grc' dir='ltr'>ανοίξειαν</span> <span class='ocrx_word' id='word_1_208' title='bbox 1122 2108 1346 2180; x_wconf 56' lang='grc' dir='ltr'>θησαυροὺς</span> <span class='ocrx_word' id='word_1_209' title='bbox 1376 2115 1451 2161; x_wconf 64' lang='grc' dir='ltr'>καὶ</span> <span class='ocrx_word' id='word_1_210' title='bbox 1478 2110 1626 2179; x_wconf 66' lang='grc' dir='ltr'>μικρὶν</span> <span class='ocrx_word' id='word_1_211' title='bbox 1652 2112 1880 2170; x_wconf 77' lang='grc' dir='ltr'>ποιήσειαν</span> 
     </span>
     <span class='ocr_line' id='line_1_25' title="bbox 307 2185 1638 2260; baseline 0.005 -24"><span class='ocrx_word' id='word_1_212' title='bbox 307 2185 468 2254; x_wconf 64' lang='grc' dir='ltr'>μέτρον,</span> <span class='ocrx_word' id='word_1_213' title='bbox 492 2189 780 2256; x_wconf 75' lang='grc' dir='ltr'>μεγαλύνωσι</span> <span class='ocrx_word' id='word_1_214' title='bbox 807 2214 855 2241; x_wconf 93' lang='grc' dir='ltr'>τε</span> <span class='ocrx_word' id='word_1_215' title='bbox 881 2190 941 2243; x_wconf 69' lang='grc' dir='ltr'>τα</span> <span class='ocrx_word' id='word_1_216' title='bbox 967 2191 1180 2260; x_wconf 75' lang='grc' dir='ltr'>σταθμια,</span> <span class='ocrx_word' id='word_1_217' title='bbox 1208 2196 1347 2244; x_wconf 79' lang='grc' dir='ltr'>εἰπεῖν</span> <span class='ocrx_word' id='word_1_218' title='bbox 1373 2195 1638 2258; x_wconf 79' lang='grc' dir='ltr'>ἀναγκαῖον.</span> 
     </span>
     <span class='ocr_line' id='line_1_26' title="bbox 88 2258 1948 2346; baseline 0.001 -21"><span class='ocrx_word' id='word_1_219' title='bbox 88 2258 230 2343; x_wconf 48' lang='grc' dir='ltr'>ξζῗηξζδ,</span> <span class='ocrx_word' id='word_1_220' title='bbox 383 2269 651 2336; x_wconf 76' lang='grc' dir='ltr'>Γέγραπται</span> <span class='ocrx_word' id='word_1_221' title='bbox 685 2274 838 2324; x_wconf 89' lang='grc' dir='ltr'>τοίνυν</span> <span class='ocrx_word' id='word_1_222' title='bbox 878 2275 926 2324; x_wconf 86' lang='grc' dir='ltr'>ἐν</span> <span class='ocrx_word' id='word_1_223' title='bbox 959 2277 1026 2343; x_wconf 71' lang='grc' dir='ltr'>τῷ</span> <span class='ocrx_word' id='word_1_224' title='bbox 1067 2275 1415 2344; x_wconf 76' lang='grc' dir='ltr'>Δευτερονομίῳ</span> <span class='ocrx_word' id='word_1_225' title='bbox 1454 2282 1481 2304; x_wconf 87' lang='lat'>“</span> <span class='ocrx_word' id='word_1_226' title='bbox 1498 2275 1571 2325; x_wconf 89' lang='grc' dir='ltr'>Δι’</span> <span class='ocrx_word' id='word_1_227' title='bbox 1610 2273 1727 2326; x_wconf 79' lang='grc' dir='ltr'>ἑπτὰ</span> <span class='ocrx_word' id='word_1_228' title='bbox 1764 2276 1878 2326; x_wconf 87' lang='grc' dir='ltr'>ἐτῶν</span> <span class='ocrx_word' id='word_1_229' title='bbox 1900 2308 1948 2346; x_wconf 86' lang='lat'>25</span> 
     </span>
     <span class='ocr_line' id='line_1_27' title="bbox 307 2350 1874 2425; baseline 0.006 -24"><span class='ocrx_word' id='word_1_230' title='bbox 307 2357 335 2380; x_wconf 76' lang='lat'>‘⁶</span> <span class='ocrx_word' id='word_1_231' title='bbox 358 2350 570 2415; x_wconf 88' lang='grc' dir='ltr'>ποιήσεις</span> <span class='ocrx_word' id='word_1_232' title='bbox 604 2354 790 2423; x_wconf 74' lang='grc' dir='ltr'>ἄφεσιν,</span> <span class='ocrx_word' id='word_1_233' title='bbox 824 2358 897 2407; x_wconf 79' lang='grc' dir='ltr'>καὶ</span> <span class='ocrx_word' id='word_1_234' title='bbox 934 2357 1077 2410; x_wconf 78' lang='grc' dir='ltr'>οὕτως</span> <span class='ocrx_word' id='word_1_235' title='bbox 1111 2356 1165 2407; x_wconf 84' lang='grc' dir='ltr'>τὸ</span> <span class='ocrx_word' id='word_1_236' title='bbox 1201 2356 1490 2423; x_wconf 87' lang='grc' dir='ltr'>πρόσταγμα</span> <span class='ocrx_word' id='word_1_237' title='bbox 1527 2359 1608 2421; x_wconf 83' lang='grc' dir='ltr'>τῆς</span> <span class='ocrx_word' id='word_1_238' title='bbox 1647 2357 1874 2425; x_wconf 78' lang='grc' dir='ltr'>ἀφέσεως·</span> 
     </span>
     <span class='ocr_line' id='line_1_28' title="bbox 307 2433 1880 2508; baseline 0.006 -25"><span class='ocrx_word' id='word_1_239' title='bbox 307 2439 333 2462; x_wconf 86' lang='grc'><strong>“</strong></span> <span class='ocrx_word' id='word_1_240' title='bbox 358 2433 560 2502; x_wconf 82' lang='grc' dir='ltr'>ἀφήσεις</span> <span class='ocrx_word' id='word_1_241' title='bbox 604 2441 698 2487; x_wconf 84' lang='grc' dir='ltr'>πᾶν</span> <span class='ocrx_word' id='word_1_242' title='bbox 742 2437 876 2505; x_wconf 82' lang='grc' dir='ltr'>χρεός</span> <span class='ocrx_word' id='word_1_243' title='bbox 917 2438 1032 2490; x_wconf 80' lang='grc' dir='ltr'>ἰ’διον</span> <span class='ocrx_word' id='word_1_244' title='bbox 1076 2437 1101 2490; x_wconf 73' lang='grc' dir='ltr'><em>ὃ</em></span> <span class='ocrx_word' id='word_1_245' title='bbox 1142 2439 1320 2508; x_wconf 84' lang='grc' dir='ltr'>ὀφείλει</span> <span class='ocrx_word' id='word_1_246' title='bbox 1362 2462 1441 2490; x_wconf 93' lang='grc' dir='ltr'>σοι</span> <span class='ocrx_word' id='word_1_247' title='bbox 1480 2440 1504 2489; x_wconf 88' lang='grc' dir='ltr'><strong>ὁ</strong></span> <span class='ocrx_word' id='word_1_248' title='bbox 1541 2439 1761 2504; x_wconf 87' lang='grc' dir='ltr'>πλησίον,</span> <span class='ocrx_word' id='word_1_249' title='bbox 1805 2443 1880 2492; x_wconf 82' lang='grc' dir='ltr'>καὶ</span> 
     </span>
    </p>
   </div>
   <div class='ocr_carea' id='block_1_3' title="bbox 306 2613 1878 2944">
    <p class='ocr_par' dir='ltr' id='par_1_3' title="bbox 306 2613 1878 2944">
     <span class='ocr_line' id='line_1_29' title="bbox 354 2613 1878 2666; baseline 0.005 -18"><span class='ocrx_word' id='word_1_250' title='bbox 354 2613 387 2648; x_wconf 91' lang='grc'>6.</span> <span class='ocrx_word' id='word_1_251' title='bbox 414 2614 450 2648; x_wconf 84' lang='grc' dir='ltr'>δέ</span> <span class='ocrx_word' id='word_1_252' title='bbox 468 2622 688 2661; x_wconf 84' lang='lat' dir='ltr'><strong>assumptum</strong></span> <span class='ocrx_word' id='word_1_253' title='bbox 707 2629 747 2651; x_wconf 81' lang='lat' dir='ltr'>ex</span> <span class='ocrx_word' id='word_1_254' title='bbox 767 2617 809 2652; x_wconf 92' lang='lat' dir='ltr'>B.</span> <span class='ocrx_word' id='word_1_255' title='bbox 859 2617 1088 2663; x_wconf 81' lang='grc' dir='ltr'>ὑπερχομένην</span> <span class='ocrx_word' id='word_1_256' title='bbox 1105 2618 1148 2652; x_wconf 91' lang='grc' dir='ltr'>Α.</span> <span class='ocrx_word' id='word_1_257' title='bbox 1167 2619 1284 2664; x_wconf 83' lang='grc' dir='ltr'>ἐπερχ.</span> <span class='ocrx_word' id='word_1_258' title='bbox 1304 2619 1346 2653; x_wconf 92' lang='grc' dir='ltr'>Β.</span> <span class='ocrx_word' id='word_1_259' title='bbox 1364 2619 1456 2653; x_wconf 89' lang='lat' dir='ltr'><strong>Edd.</strong></span> <span class='ocrx_word' id='word_1_260' title='bbox 1700 2621 1733 2655; x_wconf 92' lang='lat'>8.</span> <span class='ocrx_word' id='word_1_261' title='bbox 1759 2621 1799 2655; x_wconf 85' lang='grc' dir='ltr'>τὰ</span> <span class='ocrx_word' id='word_1_262' title='bbox 1816 2634 1878 2666; x_wconf 89' lang='lat' dir='ltr'>pro</span> 
     </span>
     <span class='ocr_line' id='line_1_30' title="bbox 306 2661 1876 2712; baseline 0.006 -18"><span class='ocrx_word' id='word_1_263' title='bbox 306 2661 365 2694; x_wconf 89' lang='grc' dir='ltr'>τὸν</span> <span class='ocrx_word' id='word_1_264' title='bbox 383 2661 474 2696; x_wconf 86' lang='lat' dir='ltr'><strong>Edd.</strong></span> <span class='ocrx_word' id='word_1_265' title='bbox 663 2675 695 2709; x_wconf 89' lang='lat'>9.</span> <span class='ocrx_word' id='word_1_266' title='bbox 724 2664 1009 2708; x_wconf 81' lang='grc' dir='ltr'>ἀπεμπολήσομεν</span> <span class='ocrx_word' id='word_1_267' title='bbox 1028 2665 1069 2700; x_wconf 89' lang='grc' dir='ltr'>Β.</span> <span class='ocrx_word' id='word_1_268' title='bbox 1088 2665 1340 2710; x_wconf 84' lang='grc' dir='ltr'>ἐμπωλήσῶμεν</span> <span class='ocrx_word' id='word_1_269' title='bbox 1357 2665 1445 2711; x_wconf 82' lang='lat' dir='ltr'>(Sic)</span> <span class='ocrx_word' id='word_1_270' title='bbox 1463 2666 1504 2699; x_wconf 88' lang='grc' dir='ltr'>Α.</span> <span class='ocrx_word' id='word_1_271' title='bbox 1523 2665 1767 2712; x_wconf 83' lang='grc' dir='ltr'>ε’μπωλήσομεν</span> <span class='ocrx_word' id='word_1_272' title='bbox 1785 2669 1876 2703; x_wconf 89' lang='lat' dir='ltr'><strong>Edd.</strong></span> 
     </span>
     <span class='ocr_line' id='line_1_31' title="bbox 312 2708 1878 2764; baseline 0.005 -23"><span class='ocrx_word' id='word_1_273' title='bbox 312 2718 364 2741; x_wconf 90' lang='lat'>10.</span> <span class='ocrx_word' id='word_1_274' title='bbox 391 2708 714 2764; x_wconf 76' lang='grc' dir='ltr'>ἐκβραχυπλούτων]</span> <span class='ocrx_word' id='word_1_275' title='bbox 739 2710 795 2745; x_wconf 87' lang='lat' dir='ltr'>Sic</span> <span class='ocrx_word' id='word_1_276' title='bbox 820 2711 924 2746; x_wconf 85' lang='lat' dir='ltr'><strong>edidi.</strong></span> <span class='ocrx_word' id='word_1_277' title='bbox 942 2712 977 2745; x_wconf 87' lang='grc' dir='ltr'>ἐκ</span> <span class='ocrx_word' id='word_1_278' title='bbox 994 2713 1108 2757; x_wconf 83' lang='grc' dir='ltr'>βραχὺ</span> <span class='ocrx_word' id='word_1_279' title='bbox 1123 2714 1280 2747; x_wconf 82' lang='grc' dir='ltr'>πλουτῶν</span> <span class='ocrx_word' id='word_1_280' title='bbox 1297 2715 1339 2747; x_wconf 91' lang='grc' dir='ltr'>Α.</span> <span class='ocrx_word' id='word_1_281' title='bbox 1356 2712 1625 2758; x_wconf 82' lang='grc' dir='ltr'>βραχυπλούτων</span> <span class='ocrx_word' id='word_1_282' title='bbox 1644 2714 1685 2748; x_wconf 91' lang='lat' dir='ltr'>B.</span> <span class='ocrx_word' id='word_1_283' title='bbox 1704 2715 1739 2748; x_wconf 86' lang='grc' dir='ltr'>ἐν</span> <span class='ocrx_word' id='word_1_284' title='bbox 1753 2716 1878 2761; x_wconf 82' lang='grc' dir='ltr'>βραχεῖ</span> 
     </span>
     <span class='ocr_line' id='line_1_32' title="bbox 306 2756 1878 2807; baseline 0.005 -19"><span class='ocrx_word' id='word_1_285' title='bbox 306 2756 542 2790; x_wconf 84' lang='grc' dir='ltr'>πλουτουντων</span> <span class='ocrx_word' id='word_1_286' title='bbox 560 2756 798 2802; x_wconf 84' lang='grc' dir='ltr'>[πλουτώντων</span> <span class='ocrx_word' id='word_1_287' title='bbox 816 2757 936 2803; x_wconf 84' lang='lat' dir='ltr'><strong>Pont.]</strong></span> <span class='ocrx_word' id='word_1_288' title='bbox 956 2758 1048 2794; x_wconf 89' lang='lat' dir='ltr'><strong>Edd.</strong></span> <span class='ocrx_word' id='word_1_289' title='bbox 1099 2759 1223 2794; x_wconf 82' lang='lat' dir='ltr'>Statim</span> <span class='ocrx_word' id='word_1_290' title='bbox 1241 2759 1343 2805; x_wconf 80' lang='grc' dir='ltr'>εὐχὴν</span> <span class='ocrx_word' id='word_1_291' title='bbox 1359 2760 1402 2794; x_wconf 89' lang='grc' dir='ltr'>Α.</span> <span class='ocrx_word' id='word_1_292' title='bbox 1684 2773 1736 2796; x_wconf 92' lang='lat'>12.</span> <span class='ocrx_word' id='word_1_293' title='bbox 1758 2764 1878 2807; x_wconf 84' lang='grc' dir='ltr'>πικρὸν</span> 
     </span>
     <span class='ocr_line' id='line_1_33' title="bbox 307 2804 1875 2850; baseline 0.006 -16"><span class='ocrx_word' id='word_1_294' title='bbox 307 2812 369 2844; x_wconf 88' lang='lat' dir='ltr'>pro</span> <span class='ocrx_word' id='word_1_295' title='bbox 387 2804 529 2847; x_wconf 86' lang='grc' dir='ltr'>σμικρὸν</span> <span class='ocrx_word' id='word_1_296' title='bbox 545 2804 589 2837; x_wconf 85' lang='grc' dir='ltr'>Α.</span> <span class='ocrx_word' id='word_1_297' title='bbox 922 2817 974 2850; x_wconf 83' lang='grc'>13.</span> <span class='ocrx_word' id='word_1_298' title='bbox 1004 2806 1159 2850; x_wconf 81' lang='grc' dir='ltr'>ἐμπωλὰς</span> <span class='ocrx_word' id='word_1_299' title='bbox 1178 2806 1269 2841; x_wconf 85' lang='lat' dir='ltr'><strong>Edd.</strong></span> <span class='ocrx_word' id='word_1_300' title='bbox 1598 2818 1650 2850; x_wconf 89' lang='lat'>14.</span> <span class='ocrx_word' id='word_1_301' title='bbox 1676 2823 1728 2842; x_wconf 92' lang='grc' dir='ltr'>τοι</span> <span class='ocrx_word' id='word_1_302' title='bbox 1744 2820 1814 2843; x_wconf 88' lang='lat' dir='ltr'>om.</span> <span class='ocrx_word' id='word_1_303' title='bbox 1833 2811 1875 2843; x_wconf 90' lang='lat' dir='ltr'>A.</span> 
     </span>
     <span class='ocr_line' id='line_1_34' title="bbox 310 2848 1875 2901; baseline 0.006 -20"><span class='ocrx_word' id='word_1_304' title='bbox 310 2848 362 2881; x_wconf 79' lang='grc'>18.</span> <span class='ocrx_word' id='word_1_305' title='bbox 388 2848 628 2894; x_wconf 81' lang='grc' dir='ltr'>ἐμπολήσομεν</span> <span class='ocrx_word' id='word_1_306' title='bbox 644 2850 748 2885; x_wconf 81' lang='lat' dir='ltr'>habet</span> <span class='ocrx_word' id='word_1_307' title='bbox 766 2851 809 2885; x_wconf 89' lang='grc' dir='ltr'>Β.</span> <span class='ocrx_word' id='word_1_308' title='bbox 857 2851 876 2895; x_wconf 85' lang='grc' dir='ltr'>ἢ</span> <span class='ocrx_word' id='word_1_309' title='bbox 893 2864 964 2886; x_wconf 90' lang='lat' dir='ltr'>om.</span> <span class='ocrx_word' id='word_1_310' title='bbox 982 2852 1026 2887; x_wconf 90' lang='lat' dir='ltr'>A.</span> <span class='ocrx_word' id='word_1_311' title='bbox 1078 2855 1194 2898; x_wconf 79' lang='grc' dir='ltr'>χεῖρον</span> <span class='ocrx_word' id='word_1_312' title='bbox 1210 2853 1253 2888; x_wconf 90' lang='lat' dir='ltr'>A.</span> <span class='ocrx_word' id='word_1_313' title='bbox 1381 2864 1436 2887; x_wconf 87' lang='lat'>20.</span> <span class='ocrx_word' id='word_1_314' title='bbox 1465 2853 1657 2901; x_wconf 77' lang='grc' dir='ltr'>ἀνοίξομεν]</span> <span class='ocrx_word' id='word_1_315' title='bbox 1681 2860 1718 2897; x_wconf 61' lang='grc'>-1-</span> <span class='ocrx_word' id='word_1_316' title='bbox 1738 2855 1815 2890; x_wconf 80' lang='grc' dir='ltr'>τοὺς</span> <span class='ocrx_word' id='word_1_317' title='bbox 1831 2856 1875 2890; x_wconf 93' lang='grc' dir='ltr'>Α.</span> 
     </span>
     <span class='ocr_line' id='line_1_35' title="bbox 307 2893 1875 2944; baseline 0.006 -17"><span class='ocrx_word' id='word_1_318' title='bbox 307 2893 397 2928; x_wconf 88' lang='lat' dir='ltr'><strong>Edd.</strong></span> <span class='ocrx_word' id='word_1_319' title='bbox 517 2907 572 2930; x_wconf 88' lang='lat'>21.</span> <span class='ocrx_word' id='word_1_320' title='bbox 599 2898 763 2941; x_wconf 86' lang='grc' dir='ltr'>στάθμιον</span> <span class='ocrx_word' id='word_1_321' title='bbox 781 2898 871 2933; x_wconf 91' lang='lat' dir='ltr'><strong>Edd.</strong></span> <span class='ocrx_word' id='word_1_322' title='bbox 994 2910 1048 2944; x_wconf 85' lang='lat'>23.</span> <span class='ocrx_word' id='word_1_323' title='bbox 1075 2901 1127 2933; x_wconf 79' lang='grc' dir='ltr'>καὶ</span> <span class='ocrx_word' id='word_1_324' title='bbox 1145 2900 1240 2944; x_wconf 86' lang='lat' dir='ltr'>prius</span> <span class='ocrx_word' id='word_1_325' title='bbox 1258 2906 1476 2944; x_wconf 84' lang='lat' dir='ltr'><strong>assumptum</strong></span> <span class='ocrx_word' id='word_1_326' title='bbox 1494 2912 1534 2935; x_wconf 84' lang='lat' dir='ltr'>ex</span> <span class='ocrx_word' id='word_1_327' title='bbox 1552 2901 1641 2936; x_wconf 90' lang='lat' dir='ltr'><strong>A.B.</strong></span> <span class='ocrx_word' id='word_1_328' title='bbox 1759 2912 1814 2944; x_wconf 86' lang='lat'>24.</span> <span class='ocrx_word' id='word_1_329' title='bbox 1840 2918 1875 2937; x_wconf 81' lang='grc' dir='ltr'>τε</span> 
     </span>
    </p>
   </div>
   <div class='ocr_carea' id='block_1_4' title="bbox 305 2944 1877 3021">
    <p class='ocr_par' dir='ltr' id='par_1_4' title="bbox 305 2944 1877 3021">
     <span class='ocr_line' id='line_1_36' title="bbox 305 2944 1877 3020; baseline 0.008 -48"><span class='ocrx_word' id='word_1_330' title='bbox 305 2945 527 3020; x_wconf 59' lang='lat' dir='ltr'><strong>assurssptum</strong></span> <span class='ocrx_word' id='word_1_331' title='bbox 545 2956 586 2978; x_wconf 87' lang='lat' dir='ltr'>ex</span> <span class='ocrx_word' id='word_1_332' title='bbox 606 2944 647 2978; x_wconf 88' lang='lat' dir='ltr'>B.</span> <span class='ocrx_word' id='word_1_333' title='bbox 666 2946 717 2980; x_wconf 78' lang='grc' dir='ltr'>καὶ</span> <span class='ocrx_word' id='word_1_334' title='bbox 734 2945 949 2990; x_wconf 78' lang='grc' dir='ltr'>μεγαλύνωσι</span> <span class='ocrx_word' id='word_1_335' title='bbox 966 2947 1009 2981; x_wconf 90' lang='lat' dir='ltr'>A.</span> <span class='ocrx_word' id='word_1_336' title='bbox 1061 2946 1186 2982; x_wconf 83' lang='lat' dir='ltr'>Statim</span> <span class='ocrx_word' id='word_1_337' title='bbox 1204 2948 1241 2982; x_wconf 85' lang='grc' dir='ltr'>τὸ</span> <span class='ocrx_word' id='word_1_338' title='bbox 1259 2947 1424 2991; x_wconf 80' lang='grc' dir='ltr'>στάθμιον</span> <span class='ocrx_word' id='word_1_339' title='bbox 1441 2946 1484 2981; x_wconf 80' lang='lat' dir='ltr'>A.</span> <span class='ocrx_word' id='word_1_340' title='bbox 1710 2958 1765 2994; x_wconf 83' lang='lat'>27.</span> <span class='ocrx_word' id='word_1_341' title='bbox 1791 2947 1877 2984; x_wconf 83' lang='grc' dir='ltr'>ἴδιον</span> 
     </span>
     <span class='ocr_line' id='line_1_37' title="bbox 305 2997 435 3021; baseline 0.023 -3"><span class='ocrx_word' id='word_1_342' title='bbox 305 2997 373 3020; x_wconf 85' lang='lat' dir='ltr'>om.</span> <span class='ocrx_word' id='word_1_343' title='bbox 430 3015 435 3021; x_wconf 94' lang='lat'><strong>.</strong></span> 
     </span>
    </p>
   </div>
   <div class='ocr_carea' id='block_1_5' title="bbox 1994 2157 2021 3434">
    <p class='ocr_par' dir='ltr' id='par_1_5' title="bbox 1994 2157 2021 3434">
     <span class='ocr_line' id='line_1_38' title="bbox 1994 2157 2021 3434; baseline 0 0"><span class='ocrx_word' id='word_1_344' title='bbox 1994 2157 2021 3434; x_wconf 95' lang='lat' dir='ltr'> </span> 
     </span>
    </p>
   </div>
  </div>
 </body>
</html>
