2021 3434
143 217 374 272 .vi.13-16.
520 218 593 259 IN
636 217 1022 259 MICHAEAM.
1082 216 1235 258 TOM.
1268 215 1354 256 III.
1636 216 1716 254 707

211 323 327 377 “Orc
350 325 398 377 δὲ
424 328 500 377 καὶ
524 330 606 391 τῆς
636 327 693 396 ἐξ
723 328 881 393 ἀγρῶν
906 326 1154 393 εὐκαρπίας
1184 323 1493 390 ἐστερημένοι,
1518 323 1593 372 καὶ
1619 326 1718 375 ταῖς

145 411 239 458 τῶν
273 409 537 473 ἀναγκαίων
573 410 761 463 ἐνδείαις
795 406 1111 474 ἐκτετηγμένοι
1146 406 1478 467 διαβιώσονται
1515 403 1598 467 μὲν
1635 405 1720 454 ἀθ-

145 489 272 552 λίως,
298 490 581 542 ἀποτίσουσι
614 491 662 542 δὲ
697 492 824 544 δίκας
857 495 951 541 τῶν
983 490 1182 543 ἀνοσίως
1208 489 1362 541 αὐτοῖς
1387 486 1719 552 εἰργασμένων,

145 572 428 636 καθίστησιν
463 572 662 639 ἐναργὲς,
691 572 766 624 διά
803 595 858 638 γε
882 576 975 623 τῶν
1000 571 1186 640 ἐφεξῆς.
1255 572 1427 639 σπερεῖς
1465 568 1557 634 γάρ
1597 572 1720 637 φησι
1740 580 1768 621 d

102 674 125 713 5
148 659 225 704 καὶ
267 656 342 705 οὐκ
377 656 578 722 ἀμήσεις,
610 655 996 723 καταφθείροντος
1036 651 1162 716 οἶμαι
1200 655 1324 703 Θεοῦ
1358 650 1463 704 τοὺς
1502 649 1720 716 καρποὺς,

144 737 220 785 καὶ
246 732 415 790 meh-215
452 735 536 799 μὲν
568 737 725 788 ἐλαίαν
751 736 901 790 αὐτός·
943 734 1221 804 ἐλαιοφόρος
1246 733 1338 800 γὰρ
1365 733 1392 797 ἡ
1420 736 1722 798 Σαμαρειτῶν

143 815 292 883 χώρα·
334 817 422 885 ε”σῃ
459 816 507 869 δὲ
543 820 686 872 οὕτως
721 818 893 880 ἐλαίου,
930 820 1093 886 φησὶν,
1133 815 1299 880 ἐνδεὴς,
1339 817 1401 870 ὡς
1438 815 1547 879 μηδ’
1588 813 1647 865 ἂν
1685 818 1722 865 εἰ

144 897 284 960 ἕλοιο,
310 896 429 964 πρὸς
459 898 667 968 ἀλοιφὴν
700 901 844 966 εὑρεῖν
874 899 1136 965 εὐπορῆσαί
1168 921 1260 949 που
1297 896 1433 965 τάχα.
1499 904 1718 958 πολυαμ-

143 977 291 1031 πέλου
324 980 371 1031 δὲ
405 982 514 1032 λίαν
551 983 696 1046 οὔσης
729 984 835 1045 ὑμῖν
872 984 954 1046 τῆς
992 981 1147 1049 χώρας
1179 982 1252 1031 καὶ
1284 977 1551 1042 εὖοινούσης
1583 977 1720 1043 ἄγαν,

79 1087 126 1112 ιο
145 1063 207 1115 ὡς
246 1063 320 1113 καὶ
357 1062 560 1114 πόλεσιν
589 1062 730 1114 αὑτὸν
763 1064 989 1125 διανεμειν
1020 1062 1205 1128 ἑτέραις,
1231 1062 1313 1112 οὐκ
1345 1061 1402 1111 ἂν
1429 1062 1575 1125 εὕροις
1600 1063 1722 1110 πιεῖν

144 1141 296 1196 αὐτός.
362 1143 562 1210 ἀργήσει
595 1144 642 1196 δὲ
677 1147 752 1196 καὶ
787 1144 846 1196 τὰ
877 1144 1043 1213 νόμιμοί
1069 1150 1233 1211 φησιν,
1260 1141 1291 1193 ἃ
1314 1142 1378 1193 σὺ
1402 1141 1604 1194 τέθεικας
1626 1146 1721 1194 τοῖς
1741 1165 1762 1191 e

145 1224 352 1279 εἰδώλοις
394 1227 722 1293 προσκομίζων
765 1228 918 1281 αὐτοῖς
957 1229 1040 1290 τῆς
1084 1226 1332 1291 εὐκαρπίας
1369 1223 1452 1278 τὰς
1489 1222 1722 1292 ἀφορμάς.

146 1311 280 1360 ποῖος
327 1306 421 1374 γὰρ
469 1307 534 1358 ε”τι
582 1307 755 1359 λοιπὸν
803 1310 1018 1376 ἀπαρχῆς
1075 1308 1309 1365 ἀνάθεσις,
1361 1310 1398 1357 εἰ
1448 1304 1570 1359 ἅπας
1618 1307 1724 1369 ὑμῖν

147 1387 376 1439 διόλωλεν
414 1389 439 1440 ὁ
478 1388 655 1456 καρπὸς
696 1392 771 1441 καὶ
806 1389 1077 1458 κατεφθάρη
1114 1389 1173 1440 τὰ
1209 1391 1257 1440 ἐν
1300 1391 1490 1455 ἀγροῖς;
1546 1386 1573 1452 ἢ
1612 1392 1724 1439 ποῖα

79 1492 126 1531 15
145 1470 419 1535 προσοίσεις
459 1472 754 1539 χαριστήρια,
800 1475 876 1524 καὶ
926 1475 999 1524 ἐπὶ
1051 1473 1178 1523 τίσιν
1226 1471 1424 1534 εἰκότως,
1469 1471 1494 1521 ὁ
1538 1471 1724 1522 πίπτων

146 1552 322 1606 ἀθλίως
361 1555 435 1604 καὶ
474 1554 831 1618 δαπανώμενος;

221 1632 340 1685 Εἶτα
375 1635 610 1686 διδάσκων
649 1635 720 1687 ὅτι
753 1637 839 1704 οὐχ
874 1636 1025 1702 ἕτερος
1056 1637 1180 1705 αὐτῷ
1213 1636 1455 1701 παραίτιος
1486 1634 1543 1684 ἂν
1573 1639 1724 1685 νοοῖτο

143 1717 227 1778 τῆς
264 1719 517 1785 συμφορᾶς
550 1716 769 1782 γεγονὼς,
807 1719 916 1768 ἀλλ’
951 1716 1088 1772 αὐτὸς
1126 1717 1289 1768 ἑαυτὸν
1326 1715 1552 1781 ἀδικήσας
1590 1716 1719 1767 ἁλώ-

144 1820 281 1848 σεται
305 1802 400 1849 τῶν
431 1797 502 1849 ὅτι
534 1798 748 1863 μάλιστα
774 1798 1191 1864 δεδυσσεβηκότων
1221 1798 1438 1866 ζηλώσας
1470 1801 1576 1852 τοὺς
1608 1796 1720 1865 τρό-

78 1911 128 1936 20
144 1902 272 1942 πους,
320 1879 524 1948 ἐπιφερει
580 1882 660 1931 καί
712 1886 835 1949 φησι
888 1887 976 1932 Ka:
1035 1881 1273 1951 ἐφυλαξοις
1321 1905 1381 1932 τοι
1431 1877 1724 1949 δικαιώματα

145 1960 338 2030 Ζαμβρη
386 1985 462 2013 και
508 1963 660 2014 πάντα
703 1974 762 2014 τοι
809 1963 918 2033 ἔργα
963 1963 1076 2015 οἶκου
1118 1963 1329 2027 Ἀχααβ,
1371 1986 1447 2015 και
1489 1962 1763 2031 επορευθητεει
1789 1977 1875 2011 453
1891 1977 1940 2011 A.

145 2044 184 2095 ἐν
227 2068 330 2099 ταις
367 2045 557 2103 βουλαῖς
599 2044 749 2106 αὐτων,
794 2046 912 2100 ὅπως
955 2041 1212 2114 παραὸωσω
1252 2069 1303 2096 σε
1345 2051 1404 2100 εἷς
1448 2045 1720 2113 α’φοινισ-μον.

145 2124 336 2196 Ζαμβρῆ
379 2125 540 2192 γέγονε
580 2124 810 2187 βασιλεὺς
849 2128 923 2177 ἐπὶ
960 2125 1043 2177 τὸν
1078 2126 1292 2193 Ἰσραὴλ,
1331 2125 1468 2180 αὐτὸς
1508 2126 1562 2177 δέ
1593 2128 1726 2177 ἐστιν

101 2204 107 2211 ’
146 2208 172 2258 ὃ
200 2207 392 2275 Ἀχαᾶβ
425 2206 594 2274 πατὴρ,
627 2209 735 2258 ἀλλ’
771 2210 833 2261 ὡς
872 2207 926 2259 τὸ
969 2207 1167 2274 γράμμα
1211 2211 1333 2276 φησὶ
1370 2207 1425 2259 τὸ
1464 2207 1597 2275 ἱερὸν,
1635 2232 1721 2259 πε-

78 2321 127 2360 25
145 2288 364 2356 πόρευται
397 2288 521 2354 μὲν6
525 2292 603 2341 ςέν
635 2291 727 2360 ὁδῷ
752 2289 999 2387 Ἱεροβοαμ
1031 2293 1129 2342 υἱοῦ
1162 2289 1383 2353 Ναβατ,”
1412 2289 1461 2344 ὃς
1493 2290 1724 2359 ἐξήμαρτε
1786 2311 1906 2351 3Recr

557 2379 584 2401 c<
1701 2372 1714 2387 x
1783 2356 1849 2387 xvi.
1871 2355 1919 2388 26.

146 2370 229 2423 τὸν
277 2371 495 2438 Ἰσραήλ·
603 2371 947 2438 ἐπονηρεύσατο
997 2372 1045 2423 δὲ
1094 2372 1208 2438 ὑπὲρ
1252 2372 1430 2426 πάντας
1475 2396 1582 2427 τους
1630 2397 1723 2439 προ
1784 2399 1836 2431 Ib
1854 2410 1906 2440 25.

196 2556 228 2580 2.
254 2544 487 2591 ἐκτετηγμένοι
505 2545 548 2580 Β.
566 2544 795 2590 ἐντετηγμένοι
813 2545 856 2579 A.
874 2544 1104 2589 ἐκτετρυμένοι
1123 2544 1215 2579 Edd.
1475 2558 1507 2588 4.
1533 2561 1573 2591 ’γε
1590 2557 1659 2580 om.
1681 2546 1723 2581 B.

147 2593 182 2626 6.
208 2593 269 2636 μὲν
286 2604 348 2637 pro
365 2593 430 2637 γὰρ
448 2593 492 2626 A.
543 2592 637 2625 ἐστιν
661 2598 740 2636 post
765 2596 846 2636 Σαμ.
873 2603 1045 2636 suprascr.
1064 2592 1108 2625 A.
1134 2598 1213 2636 post
1236 2591 1301 2636 γὰρ
1327 2591 1407 2626 add.
1434 2591 1526 2626 Edd.
1552 2593 1661 2626 invito
1682 2593 1723 2627 Β.

150 2648 183 2684 7.
209 2639 359 2673 ἐτελοῖτο
377 2638 466 2684 (sic)
484 2650 547 2683 pro
565 2638 593 2672 εἰ
610 2638 704 2672 ἕλοιο
721 2639 765 2672 Α.
1004 2650 1037 2682 9.
1062 2638 1138 2681 ὑμῖν
1155 2641 1258 2681 οὔσης
1273 2639 1410 2672 inverso
1427 2639 1548 2672 ordine
1567 2639 1609 2673 B.
1657 2639 1725 2683 ἅμα

149 2697 214 2730 pro
229 2686 315 2731 ἄγαν
331 2686 376 2721 ὡς
393 2686 436 2719 A.
716 2696 767 2718 10.
794 2684 896 2728 αὐτὴν
911 2696 975 2729 pro
991 2685 1092 2718 αὐτὸν
1110 2684 1199 2718 Edd.
1218 2685 1335 2719 invitis
1352 2685 1395 2718 A.
1402 2685 1443 2719 B.
1491 2685 1645 2730 εὑρήσεις
1662 2698 1724 2730 pro

150 2731 260 2777 εὕροις
279 2732 321 2766 Β.
553 2743 605 2766 12.
631 2731 788 2776 αφορμάς
807 2730 848 2765 Β.
865 2731 1019 2776 ἀπαρχάς
1038 2731 1129 2765 Edd.
1344 2743 1396 2776 13.
1421 2733 1516 2767 ποῖος
1539 2733 1605 2777 γὰρ
1623 2733 1671 2766 ἔτι
1688 2735 1722 2766 λ.

149 2778 304 2837 ἀπαρχῆς
327 2778 486 2814 ἀνάθεσις
510 2778 554 2812 A.
580 2778 677 2813 ποίας
700 2779 765 2823 γὰρ
785 2778 812 2811 ἕ.
830 2779 864 2812 λ.
889 2777 1044 2822 ἀπαρχὰς
1068 2777 1266 2821 ἀναθήσεις,
1294 2777 1386 2812 Edd.
1438 2779 1562 2813 Statim
1587 2779 1670 2813 haec
1695 2780 1724 2813 εἰ

150 2823 326 2860 ἅπας-τὰ
350 2825 385 2859 ἐν
401 2825 518 2870 ἀγροῖς
535 2831 754 2859 accesserunt
771 2836 811 2857 ex
828 2824 872 2857 A.
1003 2834 1055 2870 17.
1082 2823 1187 2871 αὐτῷ]
1207 2825 1314 2858 αὐτῶν
1330 2825 1373 2858 Α.
1503 2836 1559 2859 21.
1585 2828 1722 2871 Ζαμβρῆ

152 2870 311 2916 [modo
293 2888 325 2915 η,
343 2871 479 2906 modo
466 2887 497 2915 η,
518 2877 556 2905 ut
572 2871 641 2905 vid.
646 2870 660 2916 ]
679 2872 722 2905 A.
728 2871 769 2904 Β.
789 2871 915 2916 Ζαμβρ
909 2886 918 2904 ι
936 2870 1027 2905 Edd.
1166 2882 1221 2905 22.
1247 2871 1347 2905 αὐτοῦ
1364 2871 1423 2905 iid.
1559 2883 1614 2917 23.
1635 2879 1723 2916 Ζαμ-

149 2920 218 2962 βρὴ
244 2919 287 2952 A.
293 2919 334 2953 B.
361 2919 488 2963 Ζαμβρ
481 2933 490 2951 ι
518 2917 609 2952 Edd.
659 2918 726 2951 Pro
749 2916 886 2961 Ἀμβρὶ,
912 2917 1069 2952 Achaabi
1093 2924 1199 2963 p,ate1·
1225 2917 1353 2952 habent
1378 2918 1508 2962 Ζαμβρὶ
1530 2919 1630 2953 Alex.
1657 2919 1723 2954 XI.

151 2964 246 2999 unde
264 2965 370 2999 Zimri
387 2976 469 2999 cum
488 2964 600 3005 Omri,
618 2963 774 2998 Achaabi
792 2971 900 3008 patre,
914 2930 1116 2999 confunditp
1114 2965 1155 2999 B.
1176 2964 1327 3010 Cyrillus
1345 2971 1383 2998 ut
1401 2971 1494 3010 patet
1511 2977 1552 3000 ex
1569 2966 1623 3001 his
1637 2978 1725 3012 quae

151 3018 361 3058 sequuntur.
553 3020 608 3056 2.5
632 3011 699 3057 ὁδῷ
716 3011 761 3045 A.
778 3011 868 3046 ὁδοῖς
885 3010 978 3045 Edd.

894 3079 1016 3118 4X2
