2021 3434
98 210 124 250 i.
149 212 244 251 6-8.
590 215 662 255 IN
703 216 895 256 AMOS.
955 214 1106 255 TOM.
1151 213 1186 253 I.
1590 209 1671 248 385

163 338 304 377 τεῦσαι
343 337 497 380 αὐτοὺς
537 337 824 394 αἰχμαλωσίαν
863 341 935 380 τοῦ
972 337 1197 387 Σαλομών,
1231 338 1302 376 τοῦ
1338 331 1576 382 ουΓκλεῖοαι
1613 332 1672 374 εἷο

163 421 239 461 τὴν
270 420 522 470 Ἰδουμαίαν·
573 423 641 464 καὶ
675 423 951 466 ἐξαποστελῶ
988 425 1064 478 πῦρ
1103 420 1172 462 ὲπὶ
1207 420 1257 461 τὰ
1294 418 1404 474 τείχΗ
1439 417 1577 475 ΓάζΗο,
1606 417 1674 457 καὶ
1696 424 1714 461 7

166 506 456 560 καταφάΓεται
482 507 531 547 τὰ
567 509 739 555 θεμέλια
778 507 917 548 αὐτῆς·
958 506 1025 546 καὶ
1052 506 1347 560 ὲΞολοθρεύσω
1375 504 1672 543 κατοικοῦντας
1693 508 1714 542 8

165 588 425 645 ὲὲἈςώτου,
466 591 533 631 καὶ
569 591 848 648 ὲΞαρθύοεται
882 591 994 646 φυλή
1030 589 1382 639 ὲξἈσκαλὼνοο,
1421 588 1488 627 καὶ
1525 587 1673 627 ἐπαὲω

57 672 80 710 5
165 671 241 712 τιὶν
267 670 384 729 χεῖρά
409 688 487 721 μου
513 674 572 715 ἐπ’
598 675 836 731 Ἀκκαρὼν,
864 675 932 715 καὶ
962 674 1219 714 ἀπολοῦνται
1246 670 1283 712 οἷ
1311 672 1560 711 κατάλοιποι
1586 669 1671 709 τών
1691 686 1712 711 c

164 753 438 810 ἀλλοφύλων,
465 757 576 803 λέΓει
604 756 764 813 Κύριος.

171 878 451 942 Ἀναγκαῖον
485 879 687 943 ἡγοῦμαι
725 882 799 930 καὶ
832 877 925 945 πρό
956 901 1009 943 γε
1044 882 1138 928 τῶν
1165 877 1329 927 ἄλλων
1355 877 1496 926 ἐκεῖνο
1523 879 1676 936 εἰπεῖν,

100 961 162 1012 ὡς
199 960 303 1010 οὕτε
342 963 436 1010 τῶν
465 961 703 1027 Ἑβραίων
740 961 768 1025 ἡ
809 961 1005 1023 ἐκδοσις,
1045 961 1148 1010 οὕτε
1186 957 1278 1022 μὴν
1317 958 1344 1022 ἡ
1383 961 1476 1007 τῶν
1514 955 1678 1022 ἑτέρων

100 1039 326 1105 μέμνηται
352 1048 434 1093 τοῦ
460 1043 695 1111 Σαλομῶν,
722 1044 832 1094 ἀλλ’
860 1041 1099 1108 εἰρήκασιν
1124 1042 1338 1106 Ἑβραῖοι
1374 1038 1456 1102 μὲν
1485 1036 1680 1089 ’Ένεκεν

38 1146 84 1171 10
101 1127 182 1173 τοῦ
208 1127 588 1190 αὶχμαλωτεῦσαι
615 1124 778 1178 αὐτοὺς
806 1123 1150 1192 αἰχμαλωσίαν,
1178 1125 1218 1172 οἱ
1250 1121 1297 1172 δὲ
1333 1123 1490 1172 λοιποὶ
1525 1141 1680 1186 προσ-

102 1205 271 1256 έθεσαν
325 1208 426 1256 ἀντὶ
489 1212 570 1257 τοῦ
630 1206 862 1275 Σαλομῶν,
925 1203 1277 1272 ἀπηρτισμένην
1327 1203 1428 1267 ἤτοι
1478 1201 1676 1252 τελείαν.

102 1286 315 1357 ἑψόμεθα
366 1287 413 1339 δὲ
463 1289 722 1355 ἀναγκαίως
774 1289 901 1353 ἡμεῖς
963 1290 1038 1338 καὶ
1094 1291 1151 1355 τῇ
1208 1290 1300 1336 τῶν
1362 1283 1682 1348 ἑβδομήκοντα

103 1374 284 1438 γραφῇ.
350 1372 613 1436 ἐγκαλεῖται
662 1370 717 1435 δὴ
769 1372 849 1421 οὖν
888 1370 917 1434 ἡ
959 1370 1104 1439 Γάζα·
1148 1368 1287 1422 πόλις
1326 1365 1373 1418 δὲ
1424 1367 1538 1430 αὕτη
1589 1370 1683 1416 τῶν

105 1454 400 1516 Φυλιστιεῖμ,
432 1451 460 1517 ἢ
499 1458 580 1504 νῦν
614 1455 716 1504 ε’στι
753 1452 1071 1516 Παλαιστίνη·
1116 1453 1176 1505 ὡς
1216 1452 1546 1517 αἰχμαλωσίαν
1574 1454 1727 1512 αἰχ-(1

41 1555 87 1595 15
104 1534 445 1603 μαλωτεόσασα
495 1537 564 1586 roffi
614 1534 849 1604 Σαλομῶν,
890 1537 962 1586 τοῦ
1013 1537 1286 1600 συγκλεῖσαι
1334 1538 1392 1587 εἰς
1443 1530 1510 1591 &w
1550 1527 1683 1582 ’1800-

104 1618 262 1686 μαίαν.
331 1616 418 1668 κᾶν
461 1617 545 1681 μὲν
580 1619 700 1669 οὕτω
740 1621 929 1680 νοῶμεν,
977 1618 1037 1669 ὡς
1075 1621 1190 1681 γοῦν
1229 1619 1270 1665 οἱ
1309 1614 1451 1680 ἕτεροι
1493 1614 1685 1664 ἐκδεδω-

105 1720 247 1750 κασιν
289 1701 571 1766 ἑρμηνευταῖ,
613 1701 666 1750 οὐ
706 1699 790 1764 τὴν
840 1704 1080 1766 τυχοῦσαν
1127 1696 1400 1761 πεποίηνται
1441 1694 1560 1746 κατὰ
1602 1698 1685 1758 τῆς

107 1781 334 1836 Ἰουδαίας
373 1781 457 1846 τὴν
490 1781 739 1848 πόρθησιν,
777 1783 885 1832 ἀλλ’
918 1782 1247 1848 αἰχμαλωσίαν
1285 1778 1472 1831 ἑλόντες
1511 1776 1683 1840 ἱκανὴν,

109 1862 197 1914 ὑπὸ
224 1868 356 1931 χεῖρα
382 1864 611 1915 δεδώκασι
636 1868 730 1915 τῶν
746 1861 998 1932 Ἰδουμαίων
1019 1862 1176 1926 αὐτήν.
1223 1858 1459 1928 Ἰδουμαῖοι
1481 1859 1528 1909 δὲ
1548 1858 1686 1924 γεγό-

43 1965 92 1990 20
110 1967 220 1997 νασι
252 1946 335 2007 μὲν
368 1946 424 2015 ἐξ
458 1947 650 2010 αἵματος
673 1948 850 2009 Ἠσαῦ,
877 1944 1021 2013 ἐχθρὰ
1055 1943 1202 2010 γεμὴν
1236 1942 1590 2008 πεφρονήκασιν
1617 1942 1686 1991 ἀεὶ

109 2031 203 2081 τοῖς
227 2028 283 2096 ἐξ
304 2027 521 2095 Ἰσραὴλ,
550 2028 615 2083 οἷς
650 2027 1056 2095 συνεργασάμενοι
1088 2028 1162 2077 καὶ
1192 2025 1424 2076 σύνοπλοι
1451 2022 1685 2089 γενόμενοι
1703 2050 1724 2076 e

111 2110 302 2180 Γαζαῖοί
332 2133 381 2160 τε
418 2113 493 2162 καὶ
517 2112 719 2182 Ἀζώτιοι
757 2113 832 2161 καὶ
857 2109 1204 2170 Ἀσ-καλωνίται,
1232 2110 1305 2157 καὶ
1345 2110 1387 2157 οὶ
1424 2108 1505 2169 τῆς
1544 2112 1682 2170 λεγο-

111 2191 248 2256 μένης
282 2193 512 2262 Ἀκκαρων
550 2196 624 2244 καὶ
663 2192 807 2259 ἕτεροι
846 2192 893 2244 δὲ
931 2196 1024 2243 τῶν
1063 2189 1359 2258 ἀλλοφύλων
1397 2186 1526 2249 τινες,
1568 2186 1687 2237 κατὰ

113 2273 280 2340 κράτος
312 2276 432 2326 ἑλεῖν
469 2278 550 2339 τῆς
575 2274 801 2328 Ἰουδαίας
832 2273 914 2327 τὰς
945 2272 1105 2326 πόλεις
1130 2269 1508 2338 παρεσκεύασαν.
1577 2273 1613 2320 εἰ
1640 2269 1687 2320 δὲ

48 2367 96 2407 25
115 2355 169 2420 δὴ
201 2358 276 2407 καὶ
314 2357 430 2409 κατὰ
468 2356 553 2422 τὴν
587 2362 681 2408 τῶν
719 2355 1040 2419 ἑβδομήκοντα
1077 2353 1267 2422 γραφὴν
1305 2354 1686 2420 αἱχμαλωτεῧσαι

114 2438 329 2504 λε’γοιμεν
360 2438 512 2495 αὐτ-οὖς
551 2442 880 2508 αἰχμαλωσίαν
912 2439 984 2489 τοῦ
1014 2435 1250 2504 Σαλομῶν,
1273 2433 1415 2485 ἐκεῖνό
1448 2456 1540 2485 που
1569 2433 1688 2485 πάν-

166 2615 195 2638 1.
214 2604 333 2640 αὐτοὺς
345 2615 414 2638 om.
426 2604 471 2638 A.
484 2603 604 2649 (240.)
645 2604 806 2642 Σαλομῶν
819 2614 848 2636 e.
864 2601 1025 2644 Σολομὼν
1036 2600 1078 2634 Β.
1093 2601 1253 2642 Σολομὼν
1267 2599 1304 2633 F.
1317 2597 1408 2632 Edd.
1424 2597 1522 2643 (42.)
1564 2597 1688 2632 Statim

116 2650 169 2684 καὶ
186 2650 266 2685 add.
286 2651 328 2685 Β.
465 2663 498 2695 3.
524 2652 565 2685 τὰ
583 2662 651 2685 om.
670 2651 712 2683 A.
732 2650 850 2694 (Alex.
870 2648 975 2691 XII.)
1109 2648 1143 2681 8.
1168 2649 1233 2679 τῶν
1251 2647 1323 2689 ἑβρ.
1342 2645 1359 2688 ἡ
1378 2645 1443 2678 hoc
1461 2645 1579 2678 ordine
1597 2645 1688 2679 AB.

116 2697 181 2741 μὴν
197 2704 416 2742 assumptum
434 2709 475 2731 ex
492 2698 583 2732 AB.
632 2700 697 2730 τῶν
714 2708 782 2730 om.
803 2697 846 2729 A.
968 2706 1000 2739 9.
1028 2692 1205 2738 Σαλομῶν]
1227 2692 1283 2726 Sic
1301 2704 1434 2736 semper
1453 2691 1544 2725 edidi
1562 2703 1641 2725 cum
1658 2704 1688 2726 e.

117 2745 278 2788 Σαλομὼν
295 2756 430 2789 semper
447 2744 489 2779 Β.
509 2744 569 2778 sed
587 2744 631 2778 cf.
651 2754 755 2787 supra
774 2753 792 2775 2
812 2754 840 2776 e.
860 2742 1018 2785 Σολομὼν
1036 2740 1127 2774 Edd.
1267 2750 1319 2773 10.
1345 2739 1580 2782 αἰχμαλωσίαν
1597 2738 1688 2773 ΑΒ.

117 2790 331 2835 αἰχμαλωσίᾳ
351 2791 442 2825 Edd.
674 2801 726 2823 12.
754 2788 915 2833 ἑψώμεθα
933 2790 975 2821 Α.
1206 2786 1259 2820 16.
1285 2786 1507 2820 ἐκδεδώκασιν
1526 2785 1568 2819 Β.
1587 2785 1688 2819 δεδώ-

118 2851 216 2871 κασιν
232 2838 275 2870 Α.
294 2837 487 2881 νενοὴκασιν
505 2837 595 2871 Edd.
766 2836 818 2869 18.
845 2835 903 2877 τὴν
920 2840 1142 2878 assumptum
1159 2844 1201 2866 ex
1218 2833 1261 2866 A.
1429 2843 1480 2877 19.
1506 2834 1688 2877 γεγόνασιν

118 2895 181 2928 pro
199 2884 383 2919 δεδώκασιν
403 2884 444 2918 Β.
494 2882 610 2929 αὐτὴν]
631 2883 737 2917 αὐτῶν
755 2883 798 2915 Α.
848 2882 883 2915 δὲ
902 2887 1120 2924 assumptum
1140 2892 1180 2913 ex
1198 2879 1288 2913 A.B.
1401 2889 1456 2912 20.
1480 2879 1541 2921 μὲν
1557 2891 1627 2913 om.
1645 2881 1689 2913 A.

120 2932 177 2964 νῦν
193 2942 255 2975 pro
271 2934 336 2975 μὴν
352 2932 395 2964 A.
672 2940 726 2963 21.
752 2928 923 2974 γενόμενοι
941 2929 983 2960 A.
1001 2928 1177 2972 γεγονότες
1197 2926 1285 2959 Edd.
1556 2936 1610 2968 25.
1636 2926 1690 2959 καὶ

119 2983 339 3021 assumptum
357 2989 398 3011 ex
418 2977 459 3011 B.
729 2976 782 3009 26.
809 2974 966 3020 λέγοιμεν
982 2974 1025 3007 A.
1043 2973 1187 3018 λέγομεν
1205 2972 1296 3007 Edd.
1345 2972 1581 3017 αἰχμαλωσίαν
1597 2972 1688 3007 Α.Β.

120 3022 334 3068 αἰχμαλωσίᾳ
353 3023 443 3057 Edd.

180 3089 270 3118 voL.
294 3092 322 3118 1.
879 3089 902 3130 3
926 3089 951 3115 υ
