2021 3434
332 188 417 227 440
707 187 753 228 Β.
796 187 1075 228 CYRILLI
1120 189 1506 230 ALEXANDR.
1795 189 1849 228 iv.
1872 203 1910 240 4.

331 294 417 346 κᾶν
454 299 490 346 εὶ
527 292 754 352 δεσπόταις
787 298 933 364 ἔχοιεν
971 298 1150 361 αὐτοὺς,
1179 299 1288 349 ἀλλ’
1326 299 1406 349 οὖν
1446 301 1627 364 ὁρῶντα
1664 303 1762 352 ταῖς
1801 300 1910 363 ἡδυ-

105 390 192 424 289
209 389 260 426 Α.
291 378 539 432 επαθείαις
571 379 970 445 ὑπεστρωμένους,
998 382 1071 430 καὶ
1104 379 1158 431 τὸ
1198 381 1355 434 αὐταῖς
1394 380 1464 431 ὅτι
1502 380 1715 443 μάλιστα
1749 383 1913 432 δοκοῦν

327 465 543 524 πληροῦν
576 462 922 514 ἀναπείθουσιν.
987 464 1096 512 ἀλλ’
1132 464 1248 526 ὑμᾶς
1285 463 1369 526 μέν
1401 467 1566 530 φησιν,
1597 460 1634 513 ὦ
1668 460 1912 532 θαμάλεις,

326 542 364 592 ἐν
404 542 560 596 ’ὅπλοις
604 541 848 612 λήψονται·
892 543 1136 595 τουτέστιν
1179 545 1261 595 οὐκ
1302 545 1350 595 ἐν
1394 544 1524 614 τάξει
1569 549 1662 595 τῶν
1702 544 1913 611 ἐρώντων

325 622 583 689 γεγονότες,
627 623 670 675 οῗ
705 626 1032 680 κολακεύοντες
1078 626 1384 678 ἀναπείθουσι
1422 631 1496 677 καὶ
1542 625 1913 694 ὑποκοριζόμενοι
1932 637 1954 676 5

325 706 648 770 θεραπεύουσι,
679 706 754 758 διά
791 730 861 758 τοι
897 707 951 759 τὸ
986 709 1095 760 λίαν
1129 709 1360 773 ἡττᾶσθαι
1393 711 1475 773 τῆς
1502 713 1564 763 εἰς
1591 711 1708 773 ὑμᾶς
1733 709 1911 773 ἡδονῆς,

324 788 434 837 ἀλλ’
476 790 611 851 ὠμῶς
654 791 728 839 καὶ
775 791 947 857 ἀγρίως
991 794 1066 841 καὶ
1113 791 1239 861 νόμῳ
1283 791 1507 854 πολέμου,
1548 793 1623 842 καὶ
1661 790 1826 845 αὐτοὺς
1863 792 1912 843 δὲ

321 868 429 923 τοῦς
479 872 583 935 μεθ’
634 873 762 935 ὑμῶν
807 872 913 927 τοὺς
957 877 1236 942 τρυφῶντας
1280 873 1482 939 ἐραστὰς
1527 879 1906 940 κατεμπυριοῦσι.

321 956 485 1020 γυμναὶ
523 952 571 1004 δὲ
608 956 732 1017 ὑμεῖς
763 959 856 1005 τῶν
893 955 1103 1007 ἐκτόπων
1138 956 1320 1008 ἐκείνων
1355 958 1622 1022 ὡραϊσμῶν,
1652 961 1710 1011 εἷς
1743 960 1789 1007 τὸ
1823 957 1910 1026 ἔρος

276 1041 303 1081 b
322 1035 369 1086 τι]
397 1035 596 1105 ξΡεμμῖιιι
627 1036 1054 1107 ἁποκομισθήσεσθε.

279 1248 555 1301 4Εἶσιὶλθετε
603 1250 662 1294 εἰς
708 1253 868 1295 Βαιθι“ιλ
913 1255 979 1295 καὶ
1028 1255 1284 1306 ὐνομήοατε,
1329 1254 1397 1296 καὶ
1440 1253 1498 1296 εἰς
1545 1254 1739 1302 Γαλταλὰ
1779 1257 1909 1297 ’entm—

392 1336 544 1377 Θύνατε
581 1339 654 1377 τοῦ
690 1337 906 1388 ἀσεβῆσαι.

400 1445 731 1510 Παρατίθησιν
775 1445 907 1500 εὐθὺς
948 1452 1047 1499 ταῖς
1091 1447 1236 1500 δίκαις
1286 1445 1345 1496 τὰ
1387 1445 1789 1511 πλημμελήματα,
1833 1449 1908 1498 καὶ

323 1529 422 1578 ταῖς
461 1530 555 1577 τῶν
587 1530 747 1578 δεινῶν
781 1529 1059 1596 ἁφηγήσεσι
1091 1530 1277 1594 γείτονα
1311 1534 1507 1580 ποιεῖται
1544 1530 1789 1595 χρησίμως
1823 1529 1908 1593 τὴν

323 1611 417 1658 τῶν
450 1608 898 1676 ἀνοσιουργημάτων
938 1610 1129 1680 ἔνδειξιν
1169 1612 1354 1677 ἐναργῆ,
1387 1613 1449 1665 ὡς
1493 1610 1550 1662 ἂν
1581 1610 1646 1676 μὴ
1684 1622 1901 1675 καταμω-

322 1689 530 1754 μήσαιτό
565 1715 645 1754 τις,
681 1691 798 1757 μήτε
835 1692 928 1758 μὴν
965 1695 1208 1763 ἐπαιτιῲτο
1244 1693 1381 1756 Θεὸν,
1423 1696 1484 1748 ὡς
1522 1694 1843 1760 ἀπηνεστέραν
1877 1693 1906 1759 ἢ

322 1771 413 1840 χρὴ
458 1772 623 1838 ποινὴν
662 1774 996 1841 ἐπαρτήσαντα
1031 1781 1126 1829 τοῖς
1164 1776 1220 1844 ἐξ
1247 1774 1463 1842 Ἰσραήλ.
1529 1775 1638 1827 τάδε
1675 1775 1769 1843 γὰρ
1807 1776 1906 1845 ἥξει

282 1880 303 1906 e
323 1856 473 1922 φησὶν
499 1857 569 1924 ἐφ’
601 1857 731 1921 ὑμᾶς,
757 1859 832 1908 καὶ
859 1855 981 1909 τάδε.
1044 1860 1118 1908 καὶ
1154 1860 1258 1909 ἀνθ’
1288 1857 1397 1909 ὅτου
1423 1857 1645 1924 λέγουσιν
1671 1862 1732 1912 εἰς
1757 1859 1905 1921 με’σον

320 1937 435 2006 ἥξει,
474 1943 580 2000 βοᾶ·
636 1938 850 2000 εἰσήλθετε
904 1945 962 1995 εἰς
1013 1939 1178 2000 Βαιθῆλ
1231 1945 1308 1992 καὶ
1361 1942 1614 2008 &voluho-owe,
1659 1940 1770 1992 ἔνθα
1819 1940 1904 2004 τὴν

99 2041 115 2071 3
134 2032 182 2062 Re

96 2076 153 2106 xii.

172 2043 224 2116 {2⁰8

319 2103 476 2157 δεινῶς
525 2105 600 2154 καὶ
651 2102 856 2159 ἐκτόπως
906 2111 1283 2172 παρανομοῦντες
1327 2105 1592 2158 ἁλώσεσθε.
1657 2104 1897 2168 νενομοθέ·

98 2198 158 2230 Ex
178 2210 232 2231 xx.
318 2207 437 2249 τηκα
469 2209 555 2250 μεν
594 2209 688 2252 γαρ
727 2185 802 2237 διὰ
835 2193 919 2238 τοῦ
956 2188 1212 2256 πανσόφου
1256 2188 1503 2242 Μωυσεως
1533 2188 1653 2239 “Ob
1691 2186 1902 2252 ποιήσεις

96 2252 196 2318 ῗᾷἶέιιι.
213 2287 257 2318 vi.
334 2273 557 2339 ίσεαυτῶ
592 2268 722 2324 θεοὺς
755 2276 964 2337 χρυσοῦς
995 2273 1070 2321 καὶ
1103 2269 1235 2325 θεους
1266 2270 1536 2338 ἀργυροῦς,”
1573 2273 1647 2322 καὶ
1679 2278 1705 2300 “
1725 2270 1901 2338 Κύριόν

99 2340 146 2371 13.

369 2447 398 2471 1.
426 2437 479 2471 καὶ
496 2437 540 2472 ὣς
556 2449 619 2482 pro
637 2436 696 2471 κᾶν
713 2437 741 2471 εἷ
758 2437 802 2471 Α.
852 2438 982 2482 ὁρῶντα
1002 2437 1042 2472 Β.
1063 2439 1170 2483 ὁρῶσι
1187 2438 1231 2472 Α.
1255 2437 1398 2483 ἐρῶντας
1418 2437 1508 2472 Edd.
1715 2448 1747 2472 2.
1774 2437 1827 2471 καὶ
1844 2449 1898 2471 as-

319 2489 500 2536 sumptium
519 2496 559 2518 ex
573 2484 617 2518 A.
667 2485 779 2520 αυτοῖς
797 2484 889 2519 Edd.
1079 2496 1112 2530 3.
1140 2485 1180 2529 δὴ
1198 2484 1256 2520 οὖν
1272 2497 1336 2531 pro
1352 2485 1413 2529 μὲν
1429 2485 1473 2518 A.
1663 2497 1695 2527 4.
1722 2483 1899 2519 τουτέστιν

318 2530 439 2565 deest
432 2542 468 2564 ln
486 2530 579 2565 Edd.
628 2530 828 2577 ἐρώντων]’
812 2531 973 2575 ετέρωνΞ
982 2532 1122 2622 ἑταέρων
1138 2533 1182 2566 Α.
1325 2542 1357 2577 5,
1372 2532 1404 2566 6.
1424 2531 1661 2567 κολακεύοντες
1677 2531 1898 2566 ἀναπειθουσι

317 2577 525 2617 οῐῐ1ἰ88ἰ8,οἲ
551 2578 603 2612 καὶ
628 2579 725 2612 ὑποκ.
728 2579 834 2622 -τῆς
858 2578 904 2614 εἷς
924 2579 1048 2623 σφᾶς(
1053 2591 1115 2624 pro
1140 2579 1238 2622 ὑμᾶς)
1255 2578 1374 2623 ἡδονῆς
1399 2586 1478 2612 ante
1502 2578 1579 2612 ἀλλ’
1598 2579 1682 2622 ὑμᾶς
1706 2579 1758 2623 (3)
1783 2585 1897 2612 trans-

317 2625 417 2668 ponit
445 2624 486 2659 Β.
516 2625 777 2669 ἐπικοριζόμενοι
807 2624 1029 2660 κολακευουσι
1058 2638 1120 2671 pro
1149 2626 1421 2671 ὑποκοριζόμενοι
1456 2624 1681 2670 θεραπεύουσι
1713 2626 1748 2659 in
1777 2637 1898 2659 rasura

318 2670 422 2705 habet
439 2671 484 2705 A.
532 2671 698 2715 ἡττᾶσθαι
712 2673 755 2706 Α.
773 2671 938 2716 ἡττῆσθαι
956 2672 1048 2707 Edd.
1208 2682 1238 2718 7.
1266 2672 1354 2717 ὅμως
1371 2684 1435 2717 pro
1452 2673 1548 2716 ὠμῶς
1564 2672 1608 2706 Α.
1762 2672 1795 2706 8.
1819 2672 1897 2707 τοὺς

317 2718 414 2761 prius
432 2730 503 2752 om.
523 2718 566 2753 B.
615 2720 904 2764 κατεμπορίσουσι
922 2718 1014 2753 Edd.
1293 2730 1345 2753 10.
1369 2719 1513 2763 Ῥεμμᾶν
1529 2719 1572 2753 A.
1588 2718 1736 2763 ιΡαμμὰν
1752 2719 1881 2762 (Sle)B

316 2763 392 2809 Ῥεμ
395 2767 453 2799 νᾶν
471 2764 562 2799 Edd.
709 2777 762 2800 11.
787 2766 862 2810 εἷση
850 2765 965 2800 ’λθετε
983 2766 1026 2800 Β.
1031 2767 1067 2801 F.
1086 2765 1178 2801 Edd.
1197 2766 1298 2809 (XII.
1304 2766 1316 2810 )
1334 2766 1516 2811 εἰσήλθατε
1532 2766 1576 2800 Α.
1592 2765 1656 2811 (Α.
1659 2766 1703 2799 V.
1709 2765 1725 2810 )
1781 2763 1891 2810 ἢνομ.]

317 2779 514 2855 ἠσεβήσατε
541 2811 635 2847 Edd.
663 2812 776 2856 (Vat.)
837 2813 872 2847 ἐν
895 2825 958 2857 pro
987 2813 1034 2849 εἷς
1059 2814 1104 2847 Α.
1169 2815 1237 2847 Γαλ
1241 2813 1347 2859 γαλὰ]
1370 2817 1408 2854 -1-
1429 2828 1482 2847 και
1508 2811 1767 2857 F.Edd.(62,
1797 2812 1895 2857 147.)

321 2865 374 2901 17.
400 2858 504 2902 ἐχρῆν
520 2858 613 2893 Edd.
659 2858 733 2903 ἥξει
750 2860 859 2905 φησὶν
875 2859 942 2894 hoc
959 2859 1080 2894 Ordine
1094 2860 1137 2894 A.
1260 2860 1313 2894 18.
1332 2859 1495 2906 λέγουσιν
1510 2865 1731 2905 assumptum
1748 2871 1790 2893 ex
1802 2859 1845 2892 A.
1851 2858 1894 2892 B.

316 2904 355 2936 τὸ
374 2911 451 2947 post
468 2906 514 2940 εἷς
530 2905 610 2940 add.
629 2906 674 2941 A.
866 2918 919 2952 19.
943 2905 1006 2952 ἥξο
1021 2909 1114 2946 βοῶν
1131 2906 1211 2951 (Sic)
1230 2918 1291 2951 pro
1307 2905 1380 2950 ἥξει
1395 2908 1462 2948 βοᾶ
1475 2906 1519 2942 A.
1570 2906 1696 2941 Statim
1713 2904 1894 2949 εἰσήλθατε

319 2949 378 2993 (ut
395 2951 518 2995 supra)
537 2952 581 2987 A.
802 2964 858 2988 21.
884 2953 1186 2999 νενομοθετήκαμεν
1202 2965 1265 2998 pro
1282 2968 1346 2988 νεν.
1363 2954 1424 2998 μὲν
1440 2954 1485 2988 Α.
1713 2963 1768 2987 22.
1796 2951 1894 2987 Haec

317 2998 377 3029 τοῦ
394 2999 577 3043 πανσόφου
594 3005 774 3045 assumpta
787 3012 828 3034 ex
846 3000 889 3034 A.
895 3000 937 3035 Β.
1082 3011 1137 3046 23.
1164 3001 1269 3047 ἑαυτῷ
1288 3001 1332 3035 A.
1388 3001 1441 3035 καὶ
1459 3001 1518 3036 alt.
1536 3012 1606 3036 om.
1626 2999 1668 3034 B.

320 2020 524 2083 δάμαλιν
568 2021 765 2073 ἀπέθετο
810 2021 895 2087 τὴν
935 2025 1118 2090 χρυσῆν
1162 2025 1186 2074 ὁ
1229 2022 1451 2087 θεομισὴς
1488 2022 1748 2089 Ἱεροβοάμ’
1816 2024 1909 2074 ἐκεῖ

2016 448 2021 526 1⁴

1998 567 2012 751 ὲ

1996 752 2006 894 3

1933 1054 1981 1082 10
1998 1044 2009 1095 ’ἱ

1930 1624 1976 1663 15

1925 2043 1975 2068 20
