2021 3434
316 178 398 216 202
704 181 753 220 B.
797 181 1070 222 CYRILLI
1110 184 1488 225 ALEXANDR.
1738 184 1792 224 ix.
1818 192 1881 235 15·

317 311 385 341 τις
409 292 492 353 τῆς
522 289 716 354 ἐνούσης
747 293 900 345 αὐτοῖς
935 293 1229 360 φαυλότητος
1255 295 1338 359 τὴν
1369 293 1652 361 ὑπερβολὴν,
1682 295 1885 358 ἐννενοη-

272 369 407 423 (Ικὼς
444 369 528 434 τὴν
556 372 775 437 Γαλγάλ.
846 375 939 424 ἐκεῖ
967 379 1131 425 πᾶσαν
1162 377 1314 426 αὐτῶν
1345 376 1562 437 τεθέαμαι
1594 373 1679 437 τὴν
1713 375 1886 437 κακίαν,

315 452 408 501 ἐκεῖ
442 454 677 519 μεμίσηκοι
722 453 889 517 αὐτους,
931 457 984 505 οὐ
1027 455 1103 507 διά
1142 480 1196 523 γε
1240 456 1322 508 τὸν
1363 456 1525 509 τόπον·
1580 457 1736 520 εὔηθες
1775 456 1885 521 γάρ·

313 534 672 601 κατεστυγηκὼς
705 537 752 588 δὲ
786 543 974 601 μᾶλλον
1008 539 1066 591 τά
1098 542 1146 591 ἐν
1180 542 1303 610 αὐτῷ
1334 539 1574 607 γεγονότα.
1639 538 1888 604 τοιγάρτοι,

314 618 477 683 φησὶν,
504 617 683 686 ἐξοικιῶ
716 619 800 683 μὲν
833 621 1010 684 αὐτοὺς,
1039 627 1115 673 καὶ
1148 624 1295 687 αὐλῆς
1329 621 1627 687 ἀποσοβήσω
1658 623 1740 685 τῆς
1765 622 1889 684 ἐμῆς,

314 700 390 747 καὶ
422 699 694 765 οἰκειότητος
728 702 932 762 ἐκβαλῶ.
999 704 1260 773 μεμισηκῶς
1298 704 1345 758 δὲ
1380 706 1575 768 δικαίως,
1601 701 1895 767 ἐνστήσομαί

312 801 362 829 τε
410 779 594 841 λοιπὸν,
638 785 713 833 καὶ
764 785 845 835 οὐκ
892 783 948 836 ἀν
996 788 1281 851 μεταθοίμην
1329 787 1395 838 ε”τι
1441 785 1558 853 πρὸς
1601 785 1655 837 τὸ
1699 786 1890 850 ἀγαπᾶν

313 861 507 913 ἑλέσθαι
543 864 656 915 ποτὲ
693 864 799 920 τοῦς
837 866 896 917 τὰ
933 867 1085 918 τοιάδε
1122 869 1595 933 πεπλημμεληκότας.

388 942 527 994 Ἀλλ’
556 943 687 1009 οἶμαί
715 970 784 1001 τις
808 950 901 1014 ε’ρεῖ
923 953 1035 1003 Πῶς
1061 950 1142 1001 οῦν
1168 950 1440 1013 ἀνεκόμισεν
1467 954 1529 1004 εἷς
1554 949 1638 1014 τὴν
1662 948 1891 1000 Ἰουδαίαν

278 1028 365 1076 εέκ
393 1029 477 1090 τῆς
505 1028 779 1095 Ἀσσυρίων
817 1030 995 1094 αὐτοὺς,
1036 1031 1063 1096 ἢ
1101 1037 1202 1086 πῶς
1237 1035 1376 1096 ἀνῆκε
1409 1035 1491 1096 τῆς
1529 1031 1888 1099 αἰχμαλωσίαςς

315 1105 385 1174 ἀρ’
415 1109 515 1176 οὐχὶ
553 1112 924 1175 μετατεθειμένος
963 1118 1024 1167 εἷς
1058 1114 1330 1180 ἡμερότητα,
1357 1117 1431 1166 καὶ
1466 1118 1652 1182 φειδοῦς
1675 1115 1749 1164 καὶ
1774 1112 1890 1179 ἀγά-

313 1213 404 1254 πης
447 1191 656 1260 ἀξιώσας
696 1195 892 1257 αὑτούς;
933 1198 1005 1246 ναὶ
1047 1197 1191 1264 φαίην
1231 1195 1288 1247 ἂν
1327 1199 1481 1261 ἀληθῆ
1521 1199 1596 1248 καὶ
1633 1194 1771 1250 αὐτὸς
1808 1193 1890 1246 τὸν

314 1271 474 1337 λόγον.
540 1274 759 1338 ἠλεήνται
793 1275 886 1342 γὰρ
920 1278 977 1346 ἐξ
1003 1276 1294 1344 ἡμερότητος,
1330 1278 1724 1344 ὁμολογουμένως.
1776 1276 1887 1328 ἀλλ’

315 1354 411 1419 οἵγε
445 1354 549 1405 καθ’
590 1354 654 1406 ὧν
692 1358 716 1407 ὁ
750 1358 893 1424 λόγος
932 1358 1179 1429 ἀπῴχοντο
1217 1361 1301 1424 μὲν
1340 1365 1400 1414 εἰς
1439 1361 1782 1428 αἰχμαλωσίαν,
1818 1361 1889 1410 ε’ν-

313 1435 564 1499 τεθνήκασι
605 1436 653 1488 δὲ
697 1443 754 1507 τῇ
799 1441 913 1508 δίκῃ,
950 1439 1119 1508 χρόνου
1158 1448 1337 1508 μακροῦ
1375 1442 1746 1495 διιππεύσαντος.
1813 1444 1888 1492 καὶ
1921 1464 1924 1467 ·

312 1515 473 1584 ὥσπερ
515 1519 832 1584 ἐπηγγέλλετο
871 1521 954 1585 μὲν
995 1522 1069 1574 διὰ
1106 1523 1350 1578 Μωυσέως
1382 1523 1501 1575 κατά
1530 1523 1615 1587 τὴν
1647 1523 1888 1590 Αἴγυπτον

312 1603 407 1652 τοῖς
445 1599 502 1668 ἐξ
537 1600 752 1667 Ἰσραὴλ,
787 1603 991 1672 εἰσάξειν
1032 1603 1241 1659 ἅπαντας
1281 1610 1342 1659 εἰς
1373 1605 1458 1670 τὴν
1495 1609 1597 1672 γῆν,
1634 1604 1692 1669 ἢν
1729 1603 1887 1669 ὤμοσε

90 1700 162 1733 141
184 1700 233 1734 A.
274 1711 296 1734 a
313 1686 406 1735 τοῖς
444 1682 682 1749 πατράσιν
716 1685 882 1747 αὐτῶν,
909 1688 989 1738 οὐκ
1029 1687 1286 1752 εἰσέβησαν
1315 1687 1363 1739 δὲ
1394 1687 1731 1752 ἀπειθήσαντές
1755 1711 1888 1751 τινες,

90 1766 177 1797 Hel),
197 1768 242 1799 iii„

94 1819 143 1849 η.

313 1770 340 1791 “
356 1761 420 1814 ὧν
446 1766 520 1815 καὶ
546 1765 604 1816 τὰ
630 1770 762 1817 κῶλα
789 1768 959 1819 ἔπεσον
984 1771 1031 1820 ἐν
1056 1774 1113 1838 τῇ
1147 1770 1342 1840 ἐρήμῳ,”
1371 1769 1803 1837 κατεκληροδοτήθη
1842 1769 1889 1822 δὲ

311 1849 501 1907 μᾶλλον
525 1847 553 1910 ἡ
579 1851 640 1913 γῆ
667 1854 761 1903 τοῖς
785 1850 841 1918 ἐξ
862 1851 1013 1902 αὐτῶν
1031 1851 1294 1918 γεγονόσιν
1333 1854 1452 1904 οὕτω
1472 1852 1670 1905 κάνθάδε
1691 1852 1885 1918 νοήσεις.

310 1929 666 1993 τετελευτήκασι
699 1930 785 1994 μὲν
817 1931 910 1998 γὰρ
936 1936 978 1983 οἱ
1005 1935 1111 1985 καθ’
1140 1932 1204 1985 ὧν
1239 1935 1263 1984 ὁ
1296 1933 1453 2000 λόγος,
1483 1934 1812 2000 ὑπενόστησαν
1839 1934 1887 1987 δὲ

310 2009 429 2060 κατὰ
467 2010 652 2077 καιροὺς
693 2017 735 2063 οἱ
771 2013 828 2082 ἐξ
865 2015 1016 2066 αὐτῶν
1058 2020 1118 2069 εἷς
1158 2015 1243 2080 τὴν
1272 2017 1513 2080 Ἰουδαίαν,
1553 2017 1713 2083 Κύρου
1749 2016 1888 2082 μόλις

311 2092 508 2156 ἀνέντος,
545 2093 619 2145 ὅτε
659 2094 712 2146 τὸ
751 2096 1104 2160 ἑβδομηκοστὸν
1143 2097 1242 2151 ἔτος
1281 2099 1433 2152 αὐτοῖς
1472 2099 1755 2167 πεπλήρωτο
1787 2104 1886 2151 δια-

311 2174 558 2239 τρίβουσιν
584 2177 632 2226 ἐν
658 2178 926 2245 ἀλλοδαπῇ.

385 2258 793 2322 Ἐκβληθήσονται
831 2260 879 2311 δὲ
921 2262 992 2311 τοῦ
1037 2263 1150 2312 οἴκου
1193 2268 1275 2313 τοῦ
1320 2267 1457 2326 Θεοῦ,
1497 2267 1687 2327 μᾶλλον
1725 2264 1773 2316 δὲ
1812 2266 1887 2316 καὶ

269 2338 635 2403 ὓέκβεβληνται,
674 2342 748 2391 καὶ
792 2344 834 2392 οἱ
874 2341 992 2392 κατὰ
1030 2346 1245 2409 Χριστοῦ
1284 2344 1609 2409 τολμήσαντες
1649 2345 1708 2397 τὰ
1746 2346 1885 2410 δεινὰ,

313 2422 386 2469 καὶ
425 2420 544 2487 πέρα
584 2421 732 2488 λόγου
777 2423 951 2478 παντὸς
992 2426 1348 2490 δυσσεβήματα,
1389 2429 1463 2478 καὶ
1510 2431 1552 2478 οἱ
1594 2427 1766 2496 πικρὰν
1812 2432 1887 2480 καὶ

311 2503 625 2572 παλίμφημον
659 2505 728 2556 ἐπ’
757 2506 880 2574 αὐτῷ
913 2505 998 2570 τὴν
1031 2512 1251 2572 γλῶτταν
1289 2509 1484 2571 ἀνέντες,
1516 2511 1800 2574 ὑπομενοῦσι
1838 2510 1887 2562 δὲ

313 2585 385 2633 καὶ
420 2586 700 2653 ἀμετάθετον
737 2586 823 2651 τὴν
860 2586 1021 2654 ὀργήν.
1088 2590 1141 2640 οὐ
1167 2589 1260 2657 γάρ
1293 2595 1355 2645 εἰς
1386 2591 1465 2642 ἕνα
1491 2597 1583 2643 τῶν
1614 2597 1887 2662 προφητῶν,

315 2665 422 2714 ἀλλ’
451 2671 511 2719 εἷς
549 2667 689 2719 αὐτὸν
722 2670 1109 2735 πεπαροινηκότες
1144 2673 1421 2724 ἁλίσκονται
1452 2673 1534 2724 τὸν
1567 2678 1661 2725 τῶν
1692 2679 1881 2744 προφη-

361 2804 394 2832 4.
421 2795 688 2841 κατεστυγηκὼς]
709 2797 920 2841 καθεστηκὼς
938 2798 1029 2832 Edd.
1232 2810 1263 2845 7.
1288 2801 1488 2845 μεταθείμην
1507 2801 1552 2835 D.
1755 2814 1807 2836 ΙΙ.
1833 2806 1886 2837 καὶ

315 2836 443 2880 ἀγάπης
461 2841 512 2872 καὶ
530 2842 667 2884 φειδοῦς
687 2843 732 2877 D.
960 2856 1012 2879 12.
1039 2844 1165 2891 ἀληθῆ]
1184 2846 1304 2891 ἀτρεκῆ
1322 2847 1356 2881 b.
1573 2859 1625 2891 14.
1652 2849 1866 2893 ἐντεθνὴκασι

315 2883 490 2926 τεθνήκασι
510 2886 609 2935 Ειὶᾱ.
815 2900 867 2935 17.
894 2891 931 2936 ἐξ
949 2899 1171 2937 assumptum
1190 2905 1230 2927 ex
1250 2893 1343 2928 B.D.
1602 2896 1654 2929 18.
1680 2896 1864 2940 εἰσέβησαν

315 2927 489 2973 ἠσέβησαν
507 2933 585 2974 (Sic)
606 2934 694 2967 Edd.
974 2949 1027 2972 21.
1054 2939 1253 2983 ὑπέστησαν
1271 2941 1317 2975 D.
1522 2953 1577 2987 23.
1601 2942 1817 2987 πεπλήρωται
1835 2944 1882 2978 Β.

317 2986 370 3020 25.
398 2979 456 3010 τοῦ
474 2978 530 3012 alt.
549 2990 617 3013 0111.
639 2980 682 3013 D.
792 2994 846 3027 29.
873 2984 1092 3030 ἀμετάθετον]
1112 2986 1321 3030 ἀμεταθέτως
1340 2987 1429 3022 Edd.
1535 2999 1591 3033 30.
1617 2993 1683 3023 τῶν
1700 3001 1768 3024 om.
1789 2989 1834 3024 D.

1909 634 1930 671 5

1913 1052 1960 1077 10

1907 1876 1956 1900 20

1907 2670 2021 2754 30j
