2021 3434
278 189 361 228 308
662 191 711 230 B.
756 190 1032 231 CYRILLI
1073 190 1454 232 ALEXANDR.
1641 191 1668 231 i.
1695 189 1848 242 15,16.

278 295 549 361 πρεπόντως
583 297 837 364 παρέποιτο
872 297 930 351 ἂν
959 300 1014 351 τὸ
1048 300 1168 363 εὐθὺ,
1193 299 1247 352 τὸ
1281 300 1521 367 εὐάγωγον
1553 305 1635 351 τοῦ
1660 298 1850 365 τρόπου,

238 398 264 424 c
280 376 333 428 τὸ
382 377 501 443 πρὸς
549 383 644 429 πᾶν
692 381 845 431 ὁτιοῦν
895 381 1078 446 ἕτοιμον
1124 387 1218 433 τῶν
1267 386 1329 436 εἰς
1371 382 1607 443 εὐσεβείας
1649 381 1854 444 ἡκόντων

278 457 469 524 λόγους·
526 461 858 526 ἐπιτελέσομεν
883 463 931 514 δὲ
962 467 1044 528 τῆς
1070 463 1305 533 θεραπείας
1329 463 1437 517 τοὺς
1462 462 1676 530 τρόπους,
1701 483 1855 511 συνει-

277 540 518 607 λεγμένων
553 543 602 593 ἐν
642 544 912 608 ἐκκλησίαις
951 549 1045 596 τῶν
1088 548 1136 597 ἐκ
1173 546 1435 613 γερουσίας,
1471 542 1849 610 συνδεδραμηκό-

277 646 371 674 των
410 622 458 674 δὲ
496 625 571 675 καὶ
610 623 828 677 ἁπάντων
871 631 965 678 τῶν
1013 627 1317 680 κατοικούντων
1365 627 1433 688 τὴν
1482 627 1573 694 γῆν,
1615 623 1897 677 κλαόντων5

277 727 326 755 τε
365 708 440 756 καὶ
477 706 609 770 μάλα
647 707 886 763 συντόνως
924 715 982 764 εἰς
1020 710 1137 775 ὅλην
1175 709 1342 780 ἡμέραν,
1371 712 1445 761 καὶ
1483 707 1721 776 ἀραρότως
1752 709 1852 757 δια-

279 787 510 851 κειμένων,
538 788 608 840 ὅτι
641 788 794 855 πάντη
828 814 877 841 τε
912 794 987 842 καὶ
1017 791 1204 847 πάντως
1240 791 1422 856 ἐλεήσει
1450 790 1585 845 &⁶69-
1629 790 1731 841 ἔστι
1765 788 1857 855 γὰρ

60 866 171 941 {3}ssss
187 908 217 940 6.
280 875 307 898 ‘⁶
336 868 655 936 Μακρόθυμος
703 874 779 923 καὶ
828 873 1084 928 πολυέλεος
1138 877 1212 926 καὶ
1261 873 1522 939 ἀληθινὸς,”
1575 871 1854 941 “Ἐξαίρων

60 953 226 1039 ξξθξζῑῑ·
281 958 308 981 “
331 954 525 1017 ἀνομίας
562 957 636 1005 καὶ
672 955 963 1021 ὑπερβαίνων
999 958 1177 1011 ἀδικίας
1210 958 1285 1008 καὶ
1318 957 1371 1007 οὐ
1401 955 1611 1023 συνέχων
1644 958 1705 1008 εἷς
1735 976 1855 1019 μαρ-

103 1022 112 1038 ’
237 1038 309 1080 d“
334 1034 489 1101 τύριον
530 1035 677 1103 ὀργὴν
721 1039 875 1101 αὐτοῦ,
915 1038 1034 1090 κατὰ
1071 1039 1124 1090 τὸ
1168 1039 1506 1107 γεγραμμένον,
1545 1037 1616 1089 ὅτι
1657 1034 1855 1101 θελητὴς
1883 1060 1931 1085 10

280 1123 308 1146 “
333 1116 488 1171 ἐλέους
527 1120 672 1171 ἐστί.”

273 1375 372 1417 ’Ότι
397 1376 516 1423 {ss-bc
544 1377 566 1417 ἡ
596 1377 732 1435 ιῖιμὲρα
766 1382 838 1420 τοῦ
866 1379 1027 1437 Κυρίου,
1054 1380 1123 1421 καὶ
1158 1381 1219 1422 ὡς
1250 1379 1522 1437 ταλαιπωρία
1555 1380 1604 1420 ἐκ
1638 1387 1859 1421 ταλαιπω-

215 1459 261 1495 16
351 1457 443 1515 ρίας
481 1460 585 1503 ἥξει.
645 1462 867 1503 κατέναντι
903 1463 989 1504 τῶν
1027 1463 1264 1519 ὀφθαλμῶν
1302 1463 1420 1513 ὑμῶν
1458 1461 1661 1521 βρώματα
1698 1463 1859 1505 {imno-

349 1544 519 1600 θρεύθΗ,
558 1545 771 1602 ὲΕΗράνθΗ
823 1547 891 1588 καὶ
939 1547 984 1590 ἐξ
1033 1545 1153 1589 οἴκου
1193 1548 1301 1589 Θεοῦ
1344 1549 1465 1597 ἡμῶν
1508 1548 1747 1605 εὐφροσύνη
1790 1547 1859 1589 καί

348 1629 470 1684 ΧαΡά·
1769 1648 1773 1651 “
1887 1651 1935 1690 15

353 1761 547 1832 ‘Hpce'pow
575 1766 721 1836 Κυρίου
746 1767 881 1834 φησὶ,
909 1768 1014 1818 καθ’
1036 1766 1095 1831 ἣν
1115 1766 1172 1819 ἂν
1197 1766 1375 1834 γένοιτο
1398 1771 1701 1834 πληροῦσθαι
1723 1766 1783 1818 τὰ
1807 1766 1865 1836 ἐξ

281 1846 439 1912 ὀργῆς,
471 1844 500 1910 ἢ
536 1849 618 1911 τῆς
655 1848 841 1914 ἀκρίδος
878 1849 1032 1903 αὐτοῖς
1069 1850 1430 1916 ἐπενηνεγμένης
1467 1853 1542 1901 καὶ
1577 1848 1862 1914 δαπανώσης

245 1927 342 1979 er&
373 1929 422 1979 ἐν
457 1930 617 1995 ἀγροῖς
650 1932 726 1981 καὶ
757 1933 819 1985 εἰς
849 1937 991 1995 λιμοῦ
1025 1934 1100 1984 καὶ
1138 1932 1308 1986 ἐνδείας
1345 1932 1623 1996 πεμπούσης
1654 1932 1861 1995 δείματα,

283 2012 358 2061 καὶ
403 2010 548 2075 αὐτὴν
589 2013 844 2078 ἐντιθείσης
881 2019 963 2065 τοῦ
1002 2013 1205 2066 θανάτου
1245 2013 1331 2079 τὴν
1368 2016 1549 2079 πτοίαν,
1584 2014 1731 2080 ἤγουν
1768 2018 1863 2065 τῶν

283 2093 605 2154 Βαβυλωνίων
634 2094 1043 2163 καταφθειρόντων
1078 2095 1277 2160 ἅπαντα,
1302 2096 1483 2149 πόλεσί
1510 2120 1559 2148 τε
1586 2099 1662 2148 καὶ
1687 2095 1863 2160 κώμαις
1889 2120 1938 2147 20

282 2175 615 2244 ἐπιφυομένων,
659 2176 784 2228 ἄλλο
828 2201 877 2229 τε
918 2179 986 2230 ἐπ’
1034 2179 1171 2248 ἄλλῳ
1217 2179 1666 2246 προσεργαζομένων
1706 2177 1864 2242 κακὸν,

285 2263 363 2308 καὶ
409 2262 721 2329 ταλαιπωρίαν
770 2261 821 2312 ἐκ
871 2264 1187 2331 ταλαιπωρίας
1230 2260 1752 2329 προσεπιῤῥιπτούντων
1795 2262 1864 2312 ἀεὶ

281 2343 378 2392 τοῖς
416 2341 646 2391 ἐνοικοῦσι
689 2340 775 2406 τὴν
813 2345 918 2408 γῆν,
960 2344 1022 2397 ὡς
1071 2344 1176 2407 μηδ’
1220 2343 1337 2394 ὅσον
1384 2346 1525 2395 εἷπεῖν
1576 2345 1865 2395 ἀναπνεῦσαι

283 2420 513 2472 δύνασθαι
552 2422 724 2490 βραχὺ,
768 2424 849 2475 καί
884 2447 928 2476 τι
967 2423 1042 2475 διὰ
1082 2425 1233 2489 με’σου
1271 2426 1492 2492 γενέσθαι
1532 2424 1756 2494 χρηστὸν,
1790 2425 1862 2494 ἐφ’

330 2579 363 2612 3.
389 2568 638 2610 ἐπιτελέσωμεν
656 2569 748 2604 Edd.
797 2570 875 2606 τοὺς
892 2585 943 2616 τρ.
963 2573 1021 2615 τῆς
1038 2571 1216 2613 θεραπείας
1233 2571 1302 2606 inv.
1322 2572 1397 2606 ord.
1417 2571 1476 2606 iid.
1642 2584 1676 2614 4.
1703 2571 1865 2617 ἐκκλησίᾳ

284 2613 344 2647 iid.
653 2626 686 2659 5.
712 2617 747 2650 δέ
766 2624 986 2662 assumptum
1005 2630 1046 2652 ex
1066 2618 1108 2652 B.
1158 2618 1328 2664 ἁπάντων]
1349 2620 1480 2653 πάντων
1498 2617 1557 2653 iid.
1606 2619 1788 2653 κλαιόντων
1804 2618 1864 2653 iid.

285 2669 317 2704 7.
346 2660 442 2695 Haec
474 2663 580 2706 πάντη
613 2678 648 2697 τε
688 2664 741 2697 καὶ
782 2671 1002 2699 accesserunt
1036 2677 1076 2698 ex
1112 2665 1153 2699 B.
1229 2665 1354 2700 Statim
1386 2667 1518 2700 πάντων
1550 2664 1610 2699 iid.
1683 2666 1773 2699 ἐλεεῖ
1804 2665 1864 2700 iid.

285 2718 317 2751 9.
343 2709 527 2752 μαρτυρίαν
544 2709 603 2744 iid.
688 2722 741 2744 10.
766 2711 863 2756 γένος
881 2723 943 2756 pro
961 2711 1193 2757 γεγραμμένον
1210 2712 1270 2746 ild.
1369 2724 1421 2746 12.
1448 2715 1507 2746 τοῦ
1525 2718 1745 2756 assumptum
1762 2724 1803 2746 ex
1823 2712 1865 2746 B.

285 2754 329 2788 ὡς
346 2766 415 2789 om.
437 2755 472 2788 F.
492 2755 590 2800 (68.)
697 2769 749 2802 13.
776 2757 1001 2803 ἐξολοθρεὺθη
1021 2759 1114 2792 Aub.
1226 2770 1279 2801 14.
1306 2759 1498 2805 Assumpta
1513 2759 1676 2803 ἐξηράνθη
1688 2771 1728 2793 ex
1743 2759 1798 2799 B.,
1813 2760 1866 2792 καὶ

287 2811 328 2833 ex
344 2800 383 2833 B.
396 2802 466 2843 (22.
480 2803 538 2846 al.)
577 2802 662 2848 [Pro
681 2804 856 2849 ἐξηράνθη,
869 2805 953 2839 dant
971 2805 1093 2851 ἐξηρθη
1108 2817 1164 2850 49.
1178 2812 1211 2839 et
1228 2806 1442 2848 (omittentes
1460 2805 1722 2851 ἐξωλοθρεύθη,)
1738 2817 1793 2845 22,
1808 2816 1865 2850 51,

288 2846 344 2885 86,
365 2849 441 2891 238.
469 2848 523 2883 Cf.
551 2850 639 2884 infra
666 2861 728 2884 211
758 2863 788 2885 a.
806 2864 835 2885 c.
856 2852 908 2897 d.]
959 2852 1051 2897 ἡμῶν
1077 2852 1118 2886 Β.
1139 2852 1210 2895 (26,
1229 2853 1286 2897 36,
1307 2865 1363 2898 49,
1382 2862 1438 2897 51,
1462 2853 1538 2893 106,
1562 2853 1639 2897 153)
1657 2851 1749 2896 ὑμῶν
1774 2851 1864 2886 Edd.

290 2892 342 2925 16.
361 2891 400 2926 ἂν
416 2893 546 2937 γένοιτο
566 2895 607 2930 Β.
620 2896 653 2930 b.
673 2898 739 2931 ἔδει
757 2898 849 2932 Edd.
1035 2910 1088 2944 17.
1114 2899 1314 2943 δαπανώσης
1331 2901 1371 2933 τὰ
1389 2900 1423 2933 ἐν
1439 2898 1571 2946 ἀγροῖς]
1591 2900 1631 2933 τὰ
1646 2899 1680 2933 ἐν
1696 2898 1789 2944 ἀγρῷ
1807 2898 1864 2931 δα-

284 2940 444 2982 πανὼσης
462 2940 520 2975 iid.
691 2955 743 2988 19.
767 2947 874 2979 πτόαν
892 2945 951 2979 iid.
1111 2956 1166 2980 21.
1194 2946 1341 2990 ἐμφυομ.
1360 2946 1420 2981 iid.
1574 2957 1628 2981 22.
1655 2944 1865 2990 ἐπιῤῥιπτόν-

287 3000 351 3018 των
370 2985 411 3019 Β.
601 3000 654 3033 23.
682 2993 750 3026 τοῖς
768 2998 988 3036 assumptum
1007 3003 1047 3025 ex
1068 2991 1109 3026 B.
1161 2993 1338 3027 ἀνανεῦσαι
1360 2993 1399 3026 Β.
