2021 3434
113 234 150 260 v.
181 232 214 269 1,
241 231 278 260 2.
599 220 672 260 IN
714 220 909 261 AMOS.
971 219 1123 261 TOM.
1157 219 1219 260 II.
1271 239 1274 242 ⁴
1614 217 1698 255 453

112 326 270 394 ἄρχειν
305 330 399 378 τῶν
432 329 572 393 ὅλων,
607 329 771 380 ἑαυτὸν
805 330 1091 393 καθίστησιν
1129 330 1320 395 ἐναργῆ.
1383 332 1522 378 τοῦτο
1556 325 1605 377 δὲ
1643 323 1702 389 ἧν

113 417 140 438 “
163 408 292 478 πόνῳ
338 413 412 461 καὶ
461 410 693 477 μάστιγι”
740 411 1129 481 σωφρονίζοντος,
1178 410 1323 474 μόνον
1374 409 1422 460 δὲ
1474 409 1576 476 οὐχὶ
1626 409 1702 458 καὶ
1763 406 1914 438 Hiemi.

112 490 401 556 ἀνεθελήτως
436 492 601 547 αὐτοὺς
633 494 1049 547 καταπαιδεύοντος
1089 498 1152 547 εἷς
1186 491 1499 561 ἐπιστροφὴν,
1529 492 1604 542 καὶ
1642 489 1702 541 τὰ

0 592 3 645 ‘3
113 573 168 623 δι’
216 571 280 623 ὧν
329 573 387 639 ἧν
435 574 553 629 εἰκὸς
601 577 857 640 ἀναμαθεῖν
899 574 1130 626 δύνασθαι
1173 573 1232 626 τὰ
1281 575 1452 639 ἀμείνω
1495 577 1701 644 φρονεῖν,

0 651 6 711 3,
71 655 357 722 5χρησίμως
395 657 665 724 ἐπάγοντος.

1720 784 1741 809 Θ

107 895 341 937 Ἀκούσατε
378 895 450 936 τὸν
489 896 615 943 ΛόΓον
660 894 809 952 Κυρίου
847 897 1006 946 τοῦτον,
1043 895 1092 936 ὃν
1129 894 1214 942 ὲΓὼ
1252 895 1458 943 λαμβάνω
1498 893 1559 949 ἐφ’
1593 893 1701 941 ὑμᾶς
1724 897 1823 946 Κεφ.
1842 892 1885 934 ε’.

183 983 354 1036 Θριῖνον.
424 975 541 1021 οἶκος
575 979 752 1037 Ἰσραήλ
800 980 966 1031 ἔπεσεν,
1009 981 1085 1021 οὐκ
1128 980 1190 1021 ἔτι
1233 980 1281 1021 οὐ
1325 978 1380 1028 μὴ
1427 983 1593 1036 Προσθῌ
1632 981 1744 1020 τοῦ2

183 1063 431 1104 ἀναστῆναι.
482 1064 696 1120 Παρθένοε
728 1063 995 1120 τοῦἸσραέιλ
1026 1063 1214 1119 ἔσφαλεν
1248 1063 1318 1104 ἐπὶ
1350 1067 1423 1104 τῆς
1458 1066 1529 1109 Γῆς
1561 1061 1704 1113 αὐτῆς,

184 1147 259 1187 οὐκ
286 1147 398 1188 ἔστιν
424 1147 446 1188 ὁ
473 1146 728 1188 ἀναστήσων
756 1147 902 1188 αὐτήν.

7 1268 10 1314 ff
51 1285 97 1310 10
191 1272 253 1320 Οἱ
285 1268 502 1335 μακάριοι
543 1272 784 1338 προφῆται
823 1268 881 1320 τὰ
917 1268 1037 1321 κακὰ
1077 1268 1135 1320 τὰ
1174 1269 1294 1320 κατά
1332 1292 1470 1321 τινων
1505 1269 1707 1331 ἐσόμενα

114 1351 628 1418 προαναμανθάνοντες,
659 1351 757 1403 εἶτα
794 1351 1023 1416 δειμάτων
1052 1354 1260 1404 ἐντεῦθεν
1293 1351 1705 1416 ἀναπιμπλάμενοι
1725 1378 1746 1402 a
1773 1369 1858 1404 297
1876 1367 1925 1401 A.

114 1437 190 1485 καὶ
217 1437 591 1502 ὑπεραλγοῦντες
616 1437 680 1488 ὡς
713 1437 949 1504 ἀδελφῶν,
978 1434 1256 1502 θερμοτέρας
1283 1434 1387 1486 ἔσθ’
1417 1435 1492 1486 ὅτε
1518 1441 1706 1486 ποιοῦν-

114 1540 190 1568 ται
225 1517 308 1571 τὰς
338 1516 622 1587 ἐπιπλήξεις,
648 1516 1177 1587 μονονουχὶὲδάκνοντες
1210 1518 1266 1586 ἐξ
1298 1516 1498 1583 ἀγάπης,
1526 1520 1601 1568 καὶ
1636 1521 1703 1568 δι-

10 1666 17 1676 .
115 1598 388 1654 ἀνιστάντες
433 1604 495 1654 εἷς
535 1603 680 1668 νῆψιν
723 1604 782 1668 τῇ
825 1599 1168 1667 προαγορεύσει
1218 1604 1314 1651 τῶν
1362 1599 1480 1651 ὅσον
1524 1599 1703 1652 οὐδέπω

13 1698 19 1755 .
53 1700 98 1739 15
116 1682 511 1747 συμβησομένων.
575 1682 785 1734 τοιοῦτόν
820 1706 864 1734 τι
898 1685 972 1734 καὶ
1013 1688 1095 1734 νῦν
1134 1684 1159 1734 ὁ
1197 1682 1457 1751 Προφήτης
1493 1684 1705 1746 ἐπιτελεῖ,

16 1762 18 1766 ’
115 1765 269 1830 λε’γων
294 1764 377 1829 μὲν
405 1768 466 1819 ὡς
498 1765 555 1834 ἐξ
583 1765 697 1816 ἰδίου
723 1764 1003 1832 προσώπου,
1032 1765 1161 1830 πλὴν
1187 1766 1289 1833 οὐχὶ
1313 1764 1372 1816 τὰ
1398 1764 1490 1816 ἀπὸ
1516 1766 1705 1831 γνώμης

117 1849 247 1912 ἰδίας,
286 1849 398 1899 ἀλλ’
436 1851 498 1903 ὡς
533 1851 582 1899 ἐκ
621 1849 755 1899 θείων
787 1847 1229 1918 χρησμῳδημάτων.
1299 1847 1524 1916 ταύτῃτοί
1555 1853 1707 1916 φησιν

117 1930 364 1982 'Anov‘o-ars
394 1931 462 1982 7·be
500 1931 628 1998 λόγον
657 1934 806 1998 Κυρίου
844 1932 982 1982 τοῦτον
1019 1933 1059 1982 ἓν
1098 1928 1185 1997 ἐγὼ
1224 1931 1458 1998 λαμβάνω
1490 1932 1558 1998 ἐφ’
1586 1934 1706 1998 ὑμεῖς

118 2012 256 2082 θρῆνον.
321 2012 560 2076 λελάληκε
592 2012 676 2077 μὲν
710 2012 804 2080 γὰρ
838 2015 886 2064 ἐν
917 2015 1030 2077 ἐμοὶ,
1058 2016 1222 2082 φησιν,
1250 2015 1274 2064 ὁ
1302 2017 1396 2065 τῶν
1421 2012 1546 2064 ὅλων
1571 2011 1704 2076 Θεὸς,
1724 2017 1751 2058 b

23 2119 26 2150 ῑ
53 2121 101 2146 20
118 2097 406 2147 συντέθειται
436 2096 490 2147 δέ
518 2119 595 2160 μοι
629 2096 760 2166 θρῆνος
787 2099 854 2166 ἐφ’
882 2100 1002 2165 ὑμεῖς
1026 2095 1131 2150 τοὺς
1160 2097 1517 2165 ἀποφοιτῶντας
1543 2095 1700 2146 αὐτοῦ.

119 2181 194 2231 καὶ
222 2179 271 2229 τί
297 2178 353 2242 δὴ
387 2179 474 2245 ἄρα
507 2177 561 2230 τὸ
598 2177 764 2245 γοερόν
803 2181 905 2230 ἐστι
942 2178 1116 2243 με’λος;
1166 2180 1215 2229 τί
1249 2176 1302 2230 τὸ
1343 2177 1588 2243 θρήνημα;
1630 2178 1706 2228 καὶ

120 2261 191 2329 ἐφ’
238 2261 419 2331 ὅτῳπερ
462 2259 519 2311 ἂν
556 2260 736 2328 γένοιτο
778 2259 888 2328 παρ’
931 2263 1041 2324 ἐμοῦ
1085 2260 1139 2312 τὸ
1184 2260 1384 2327 δάκρυον
1406 2282 1418 2323 3
1469 2259 1592 2323 δεινὴ
1632 2261 1707 2310 καὶ

120 2344 425 2408 ἀνουθέτητος
462 2344 490 2408 ἡ
526 2343 769 2412 συμφορά.
836 2343 950 2399 οἶκος
980 2342 1161 2413 Ἰσραὴλ
1202 2343 1345 2394 ἕπεο-ε.
1414 2341 1708 2406 συνειστήκει

121 2424 206 2489 μὲν
236 2425 343 2493 γὰρ,
370 2426 630 2490 τιμωμένου
665 2449 713 2477 τε
745 2428 820 2477 καὶ
856 2427 1168 2492 ἀγαπωμένου
1200 2429 1338 2487 Θεοῦ,
1375 2424 1708 2476 καταπέπτωκε

170 2581 202 2604 2.
228 2569 518 2616 σωφρονίζοντος]
544 2575 580 2611 -Ι-
602 2571 654 2604 καὶ
674 2570 765 2604 Edd.
815 2570 851 2604 δὲ
869 2575 1092 2614 assumptum
1111 2582 1151 2604 ex
1171 2569 1262 2604 A.B.
1486 2581 1520 2615 3.
1548 2584 1709 2605 καταπαι-

121 2616 276 2653 δεύοντος
295 2617 336 2651 Β.
357 2619 596 2653 καταπαίοντος
615 2618 658 2652 A.
678 2617 769 2651 Edd.
871 2629 903 2659 4.
930 2616 969 2660 ἧν
986 2623 1206 2661 assumptum
1225 2629 1267 2650 ex
1284 2616 1327 2650 A.
1378 2616 1558 2660 ἀναμαθεῖν
1575 2629 1645 2651 om.
1665 2617 1708 2651 B.

122 2664 247 2698 retinui
267 2676 347 2698 curn
366 2665 408 2697 A.
518 2665 550 2698 6.
577 2665 635 2698 τὸν
652 2676 722 2697 om.
742 2665 786 2698 A.
835 2666 955 2697 τοῦτον
972 2675 1041 2696 om.
1063 2663 1099 2696 F.
1121 2663 1210 2698 Edd.
1309 2672 1339 2707 7.
1367 2663 1496 2708 θρηνῶν
1514 2663 1551 2697 F.
1602 2662 1707 2710 οἶκος]

127 2714 164 2751 -{-
184 2713 244 2744 τοῦ
264 2710 355 2744 Edd.
374 2710 501 2755 (XII.)
550 2711 686 2755 προσθῇ
702 2710 792 2744 A.B.
812 2709 932 2754 (Alex.
952 2709 1059 2754 XII.)
1076 2710 1251 2755 προστεθῇ
1271 2709 1363 2743 Edd.
1380 2711 1554 2754 προσθετῇ
1569 2710 1657 2755 (sic)
1672 2711 1709 2746 F.

126 2755 335 2801 [προσθήσει
353 2756 452 2802 Van]
506 2758 631 2791 Statim
648 2759 708 2791 τοῦ
725 2769 795 2790 orn.
815 2756 907 2790 Edd.
926 2755 1033 2801 (Co.)
1332 2757 1364 2790 8.
1391 2760 1450 2790 τοῦ
1469 2769 1539 2790 om.
1560 2757 1595 2791 F.
1615 2758 1708 2792 Edd.

125 2803 201 2848 (91,
228 2814 284 2849 97,
315 2804 412 2848 153.)
475 2804 614 2848 ἐσφάλη
635 2804 670 2837 F.
691 2803 781 2837 Edd.
803 2803 909 2848 (Co.)
969 2803 1070 2847 αὐτῆς
1086 2803 1176 2837 Α.Β.
1196 2802 1323 2848 (XII.)
1341 2803 1443 2837 αὐτοῦ
1469 2803 1560 2838 Edd.
1587 2804 1710 2849 (Vat.)

127 2849 323 2896 [Neutrum
342 2851 446 2884 habet
465 2850 581 2896 Alex]
704 2863 736 2894 9.
756 2850 901 2885 ἀνιστῶν
919 2850 956 2884 F.
976 2849 1067 2883 Edd.
1087 2849 1163 2894 (22.
1179 2849 1243 2895 al.)
1265 2850 1312 2895 [oi
1331 2852 1348 2884 ό
1365 2850 1511 2885 ἀνιστῶν
1529 2851 1601 2885 XII
1617 2850 1708 2897 mg.]

129 2908 182 2931 10.
212 2898 308 2932 Haec
324 2897 365 2931 τὰ
384 2898 466 2931 κακὰ
484 2903 663 2942 assumpta
681 2908 723 2931 ex
741 2898 785 2931 A.
901 2908 954 2942 13.
980 2897 1214 2932 διανιστῶντες
1232 2896 1324 2931 Edd.
1445 2909 1498 2941 14.
1517 2898 1647 2933 οὐδέπω
1664 2899 1709 2933 Α.

127 2946 218 2978 οὔπω
237 2944 327 2978 Edd.
495 2955 547 2989 17.
573 2943 641 2978 ἰ’δια
658 2945 702 2978 Α.
873 2944 925 2978 18.
952 2944 1010 2977 τὸν
1027 2955 1097 2977 om.
1115 2944 1159 2979 A.
1178 2950 1216 2978 ut
1234 2955 1350 2988 supra.
1507 2956 1563 2979 20.
1589 2944 1645 2991 ἐφ’
1664 2946 1710 2980 Α.

127 2990 174 3025 εἷς
193 2991 234 3025 B.
255 2990 344 3025 Edd.
500 3002 555 3025 21.
582 2992 632 3025 δεῖ
650 3003 711 3036 pro
730 2991 769 3034 δὴ
788 2991 831 3025 A.
882 2991 956 3026 ἐστι
974 3002 1044 3025 om.
1064 2991 1108 3025 A.
1252 3002 1308 3035 23-
1334 2990 1352 3034 ἡ
1371 2999 1592 3037 assumptum
1611 3004 1651 3027 ex
1666 2993 1710 3027 A.

130 3048 184 3079 24.
210 3052 244 3072 τε
263 3043 482 3083 assumptum
502 3050 541 3072 ex
561 3039 603 3072 A.
