2021 3434
69 1390 150 1421 Jud.
163 1390 230 1422 xix.

70 1444 122 1476 29.

69 1546 120 1576 Ib.
137 1557 192 1579 XX.

73 1599 85 1620 1
105 1601 174 1632 sqq.

68 1893 155 1928 457
171 1892 221 1927 A·
251 1903 272 1927 a
290 1884 488 1950 ὕστερον
519 1883 567 1935 δὲ
600 1889 694 1936 τῶν
726 1885 894 1952 ἑτέρων
928 1891 1097 1955 φυλῶν
1133 1891 1517 1956 κατεφθαρκυιῶν
1542 1885 1707 1941 αὐτοὺς
1731 1885 1861 1938 εἱσά-

66 2057 148 2089 Hos.
170 2057 215 2090 ix.

67 2102 96 2138 8,
113 2112 143 2143 9.

300 209 382 250 714
689 211 740 253 B.
783 210 1062 252 CYRILLI
1107 211 1491 252 ALEXANDR.
1738 210 1807 252 vii.
1830 223 1871 260 4.

298 320 371 370 ἐπὶ
415 320 583 376 κοινόνος
624 323 682 375 ὡς
725 321 763 372 ἐν
803 320 938 392 ἡμέρᾳ
983 322 1197 376 σκοπιᾶς·
1241 320 1475 390 ἐξελοῧμοιι
1515 319 1607 386 γάρ
1651 324 1773 390 φησι
1810 318 1871 372 τὰ

299 401 459 467 ἁγαθέι
498 402 647 454 αὐτῶν.
718 405 794 454 καὶ
833 404 935 470 οὐχὶ
978 401 1034 467 δὴ
1077 402 1221 465 μόνον
1255 406 1312 458 ὡς
1351 401 1430 462 σῆς
1469 402 1703 472 ἑκτρῶγων,
1741 402 1871 453 ἀλλὰ

297 485 373 534 καὶ
418 481 614 555 βαδίζων
659 485 731 536 ἐπὶ
779 483 951 540 καινένσς
997 487 1054 539 ὡς
1099 486 1136 536 ἐν
1177 484 1311 556 ἡμέρᾳ
1361 486 1572 538 σκοπιᾶς.
1637 486 1713 535 καὶ
1757 486 1871 535 δυσ-

296 565 486 633 ε’φικτον
511 566 595 629 μὲν
621 569 788 635 κομιδῇ
814 566 867 617 τὸ
891 567 1117 633 ῥησίδιον,
1141 564 1266 630 οἶμαι
1292 565 1339 617 δὲ
1365 566 1511 632 ἔγωγε
1536 565 1600 631 μὴ
1627 564 1685 617 ἂν
1711 565 1871 633 ἑτέρως

295 646 408 698 αὐτὸ
446 651 665 713 νοηθῆναι
701 648 931 700 δυ’νασθαι
967 649 1085 715 πρὸς
1120 649 1262 713 ἡμῶν,
1305 651 1343 699 εὶ
1381 647 1446 713 μὴ
1491 648 1671 714 γένοιτο
1709 647 1870 718 σαφὴς
1889 665 1912 704 5

294 730 322 792 ἡ
354 733 446 780 τῶν
485 733 546 784 εἰς
588 736 724 782 τοῦτο
761 736 1050 793 βλεπουσῶν
1091 735 1310 798 ἱστοριῶν
1352 730 1706 800 προαφήγησις,
1748 729 1774 782 ὃ
1814 730 1870 796 δὴ

293 813 370 862 καὶ
395 818 541 863 ποιεῖν
566 812 867 880 πειράσομαι.

369 894 509 954 Γαβὰ
549 896 704 946 τοίνυν
739 896 872 961 κώμη
910 919 980 950 τις
1017 897 1164 959 ἐστὶν,
1204 895 1350 962 ἤγουν
1387 897 1593 964 πολίχνη
1631 893 1750 946 κατὰ
1786 894 1872 960 τὴν

292 976 535 1040 Ἰουδαίαν,
589 979 663 1029 ἐπὶ
712 978 934 1046 γηλόφου
989 978 1184 1044 κειμένη,
1235 981 1538 1043 ἐκνεμηθεῖσα
1589 977 1636 1029 δὲ
1685 982 1759 1029 καὶ
1811 981 1873 1032 εἷς

295 1061 472 1124 κλῆρον
511 1065 607 1114 τοῖς
651 1062 699 1112 ἐκ
740 1064 896 1130 φυλῆς
940 1063 1171 1124 Βενιαμὶν,
1213 1061 1484 1125 ὠνόμασται
1524 1060 1572 1112 δὲ
1621 1066 1758 1112 τοῦτο
1796 1062 1872 1112 καὶ
1893 1086 1940 1112 10

255 1139 464 1201 θβουνὸς
500 1145 575 1193 καὶ
611 1142 803 1194 σκοπιά.
871 1142 1143 1208 μεμνήμεθα
1183 1144 1232 1195 δὲ
1266 1144 1336 1195 ὅτι
1363 1145 1558 1208 Λευίτης
1584 1142 1714 1210 ἀνὴρ,
1740 1146 1802 1197 ὡς
1823 1145 1871 1195 ἐν

292 1227 350 1291 τῇ
393 1225 554 1294 βίβλῳ
599 1224 862 1291 γέγραπται
902 1230 997 1277 τῶν
1041 1231 1223 1293 κριτῶν,
1265 1227 1572 1293 ὑβρισθείσης
1616 1227 1742 1296 αὐτῷ
1788 1229 1871 1290 τῆς

291 1307 587 1361 παλλακίδος
633 1306 722 1359 ὑπὸ
769 1311 864 1359 τῶν
903 1310 952 1359 ἐκ
992 1312 1148 1377 φυλῆς
1191 1311 1409 1373 Βενιαμὶν
1453 1311 1500 1359 ἐν
1543 1310 1658 1377 αὐτῇ
1699 1313 1757 1377 τῇ
1806 1312 1870 1376 γῇ

293 1387 475 1450 Γαβαὰ,
507 1389 780 1450 κατατεμὼν
813 1388 867 1441 τὸ
908 1392 1140 1460 λείψανον
1178 1395 1238 1446 εἷς
1279 1392 1548 1443 δυοκαίδεκα
1585 1391 1717 1458 μέρη,
1749 1391 1870 1443 ἀπά-

291 1492 400 1524 σαις
431 1470 615 1540 ἔπεμψε
644 1476 745 1526 ταῖς
784 1477 971 1541 φυλαῖς,
996 1478 1090 1524 τῶν
1122 1476 1171 1524 ἐκ
1203 1478 1358 1542 φυλῆς
1385 1475 1603 1537 Βενιαμὶν
1628 1473 1682 1524 τὸ
1708 1480 1868 1538 πλημ-
1891 1498 1936 1536 15

289 1551 477 1618 μέλημα
516 1553 782 1622 καταφανὲς
823 1553 976 1606 ἅπασι
1017 1556 1259 1610 καθιστάς.
1328 1554 1426 1607 εἶτα
1463 1555 1764 1620 συμβέβηκεν
1797 1558 1868 1606 ἐν-

289 1639 450 1686 τεῦθεν
499 1637 905 1706 κατεξαναστῆναι
947 1638 1031 1703 μὲν
1072 1638 1284 1702 πολέμου
1328 1637 1454 1708 νόμῳ
1497 1642 1592 1689 τῶν
1630 1640 1679 1689 ἐκ
1713 1635 1868 1706 φυλῆς

291 1720 510 1781 Βενιαμὶν
539 1718 623 1773 τὰς
657 1720 814 1787 ἑτέρας
853 1720 1025 1790 φυλὰς,
1057 1721 1246 1787 πληθὺν
1283 1721 1332 1773 δὲ
1368 1726 1532 1773 πεσεῖν
1569 1721 1651 1772 οὐκ
1689 1721 1869 1787 εὐαρίθ-

289 1823 453 1865 μητον,
495 1803 543 1852 ἐν
582 1804 703 1870 ἀρχῇ
747 1802 833 1865 μὲν
877 1804 1180 1868 νενικηκότων
1218 1808 1311 1856 τῶν
1345 1806 1396 1855 ἐκ
1434 1807 1591 1872 φυλῆς
1626 1805 1863 1868 Βενιαμὶν,

288 1988 396 2018 παν.
460 1966 689 2031 μέμνηται
722 1970 805 2032 τῆς
840 1969 1051 2035 ἱστορίας
1082 1970 1158 2020 καὶ
1193 1970 1218 2020 ὁ
1245 1968 1495 2037 προφήτης
1519 1969 1683 2034 Ὠσηέ.
1745 1971 1867 2037 φησὶ

287 2046 401 2115 γὰρ,
440 2048 511 2100 ὅτι
543 2057 569 2079 “
589 2051 781 2101 Μανίαν
814 2052 862 2102 ἐν
897 2051 1007 2121 οἴκῳ
1047 2053 1223 2117 Κυρίου
1260 2051 1551 2120 κατέπηξαν,
1587 2051 1867 2120 ἐφθάρησαν

289 2138 316 2161 “
346 2131 466 2182 κατὰ
490 2130 574 2187 τὰς
603 2132 775 2199 ἡμέρας
812 2138 895 2184 τοῦ
918 2139 1108 2195 βουνοῦ.
1115 2134 1139 2150 ”
1210 2133 1366 2198 ἐπειδὴ
1404 2133 1512 2230 γὰρ,
1540 2135 1705 2203 φησὶν,
1732 2137 1862 2186 ειδω-

285 2216 570 2281 λολατρείαν
612 2239 688 2266 και
726 2217 1111 2284 ψευδομαντειαν·
1153 2240 1285 2268 ταυτι
1323 2215 1417 2283 γὰρ
1455 2216 1564 2281 ἡμῖν
1603 2218 1651 2268 ἐν
1688 2216 1866 2271 τούτοις

285 2297 314 2361 ἡ
351 2298 494 2362 μανία
539 2300 694 2363 δηλοῖ
750 2299 1018 2368 κατέπηξαν
1061 2301 1109 2351 ἐν
1150 2299 1259 2370 οἴκῳ
1302 2300 1493 2365 Κυρίου,
1532 2322 1751 2368 ταυτῃτοι
1791 2322 1864 2351 και
1885 2321 1931 2361 25

345 2471 375 2495 1.
401 2461 456 2496 ἐπὶ
481 2463 616 2498 κανόνος
641 2463 684 2498 ὡς
709 2463 744 2498 ἐν
768 2462 873 2508 ἡμέρᾳ
899 2462 1057 2509 σκοπιᾶς]
1088 2464 1145 2498 Sic
1170 2463 1275 2498 edidi.
1301 2465 1345 2499 ὡς
1369 2464 1404 2499 ἐν
1428 2463 1533 2509 ἡμερᾳ
1559 2480 1615 2499 σκ.
1634 2465 1688 2500 ἐπὶ
1710 2480 1740 2500 κ.
1758 2466 1802 2500 Α.
1822 2467 1865 2502 ὣς

284 2507 339 2541 ἐπὶ
358 2522 387 2542 κ.
407 2508 441 2543 ἐν
457 2508 514 2553 ἡμ..
533 2524 633 2544 σκοπ.
655 2510 697 2545 Β.
716 2510 769 2545 ἐπὶ
788 2525 858 2544 καν.
877 2510 912 2544 ἐν
929 2510 985 2554 ἡμ.
1004 2525 1105 2545 σκοπ.
1125 2511 1216 2545 Edd.
1270 2510 1396 2545 Statim
1420 2511 1504 2546 haec
1521 2512 1700 2556 ἐξελοῦμαι
1716 2513 1866 2557 γάρ-ἐν

283 2554 389 2612 ἡμέρᾳ
408 2558 548 2592 σκοπιᾶς
565 2563 786 2591 accesserunt
803 2569 845 2591 ex
862 2558 905 2591 A.
913 2557 953 2591 B.
1019 2557 1212 2592 Praemittit
1237 2559 1290 2592 καὶ
1315 2557 1522 2602 δυσέφικτον
1537 2559 1598 2601 μὲν
1615 2560 1732 2604 κομιδῇ
1750 2561 1788 2594 τὸ
1804 2559 1863 2606 ῥη-

284 2600 412 2636 σείδιον
430 2602 522 2647 (810)·
549 2618 635 2638 ουτω
652 2605 718 2650 γάρ
735 2606 845 2650 φησιν
862 2604 1045 2649 (omittens
1062 2606 1127 2650 γάρ
1145 2606 1235 2650 φησι
1253 2612 1332 2650 post
1353 2605 1550 2650 ἐξελοῦμαι)
1571 2606 1612 2640 Β.
1763 2617 1794 2641 2.
1820 2608 1864 2643 ὡς

284 2656 507 2694 assumptum
524 2662 565 2684 ex
584 2650 627 2685 B.
786 2663 819 2696 3.
838 2652 882 2687 ὡς
899 2658 1121 2696 assumptum
1140 2664 1180 2686 ex
1199 2652 1242 2686 A.
1304 2652 1388 2686 Post
1406 2654 1560 2694 σκοπιᾶς,
1578 2653 1691 2698 pergit
1706 2654 1831 2697 πλὴν”
1812 2668 1863 2688 οτι

284 2695 501 2741 δυσέφικτον,
520 2694 610 2742 οἶμαι
627 2698 735 2744 ἔγωγε
753 2697 796 2733 Β.
846 2699 890 2734 ὣς
907 2698 1046 2743 ἐφικτὸν
1064 2698 1144 2742 (Sic)
1163 2711 1224 2744 pro
1242 2699 1448 2744 δυσέφικτον
1465 2700 1509 2733 A.
1651 2700 1748 2742 4.δὲ
1765 2702 1809 2735 A.
1826 2715 1862 2734 τε

283 2741 376 2776 Edd.
502 2753 535 2789 5.
562 2744 726 2780 δυνασθαι
744 2745 922 2789 νοηθῆναι
916 2757 1053 2779 lnverso
1071 2745 1192 2779 ordine
1214 2745 1253 2780 Β.
1399 2757 1451 2780 10.
1471 2747 1529 2790 τῆς
1545 2758 1608 2791 pro
1625 2749 1695 2782 τοῖς
1712 2747 1801 2792 (Sic)
1817 2747 1862 2782 A.

283 2791 382 2823 τοῦτο
401 2799 622 2836 assumptum
640 2804 681 2826 ex
699 2793 743 2826 A.
937 2803 990 2826 11.
1016 2793 1052 2827 ἕν
1064 2807 1127 2827 τινι
1146 2793 1225 2836 (sic)
1244 2805 1307 2837 pro
1325 2792 1360 2826 ἐν
1377 2795 1415 2836 τῇ
1436 2794 1478 2827 A.
1531 2793 1656 2828 Statim
1672 2795 1800 2841 βιβλίῳ
1815 2794 1860 2828 Α.

285 2846 338 2869 12.
366 2837 570 2882 υβριο-μένης
587 2850 651 2884 pro
667 2838 891 2883 ὑβρισθείσης
907 2839 951 2873 Α.
1216 2851 1269 2884 31.
1295 2839 1521 2885 παλλακίδος]
1540 2842 1694 2885 γυναικὸς
1715 2841 1754 2876 Β.
1817 2843 1860 2886 γῇ

282 2892 351 2915 om.
372 2883 414 2918 B.
427 2896 456 2918 e.
474 2884 578 2919 habet
595 2886 639 2920 A.
691 2885 817 2920 Statim
834 2886 950 2926 Γαβαὰ
967 2885 1010 2920 Α.
1031 2885 1094 2931 (A.
1099 2886 1142 2920 V.
1148 2886 1164 2931 )
1183 2888 1276 2927 Γαβᾶ
1294 2886 1336 2921 Β.
1354 2887 1448 2927 Γαβὰ
1465 2886 1558 2922 Edd.
1723 2899 1776 2933 19.
1801 2887 1860 2931 ἀρ·

280 2930 356 2972 χαῖς
374 2930 417 2963 A.
467 2937 564 2966 Βενια
565 2931 699 2978 μὶν]-ὖ-
719 2934 779 2968 τὰς
797 2932 911 2978 ἐτέρας
927 2933 1042 2978 φυλὰς
1060 2932 1152 2967 Edd.
1170 2933 1280 2968 invito
1298 2934 1343 2967 A.
1635 2945 1690 2969 22.
1716 2933 1857 2980 Κυρίου]

283 2977 370 3008 Θεοῦ
389 2976 479 3012 Edd.
499 2978 552 3023 (V
555 2986 599 3014 at.
605 2979 622 3024 )
867 2990 921 3025 23.
949 2980 1223 3025 εἷδωλολατρεῖαι
1240 2981 1293 3015 καὶ
1310 2980 1573 3026 ψευδομαντεῖαι
1591 2980 1684 3016 Edd.
1735 2981 1859 3016 Statim

281 3022 374 3056 τουτὶ
391 3022 434 3057 A.
625 3037 679 3069 24.
706 3026 782 3071 ἡμῖν
800 3032 1019 3072 assumptum
1039 3039 1080 3061 ex
1098 3027 1141 3062 A.

1887 1910 1936 1936 20
