2021 3434
81 678 100 714 5

118 227 172 269 ix.
198 228 235 280 8,
259 243 297 283 9.
573 229 646 270 IN
685 229 924 270 OSEAM.
985 228 1136 270 TOM.
1178 228 1229 269 V.
1612 226 1693 266 193

118 346 145 367 ‘⁶
171 341 246 390 καὶ
287 340 510 407 ἐπορεύθη
547 342 571 392 ὃ
608 340 817 405 Λευίτης,
863 342 938 391 καὶ
979 339 1156 408 ἤρξατο
1195 342 1430 405 παροικεῖν
1463 334 1592 402 παρὰ
1630 339 1696 404 τῷ

119 428 145 450 “
171 423 315 488 ἀνδρί.
381 425 454 474 καὶ
479 422 673 488 ἐγενήθη
700 423 724 473 ὁ
753 423 931 475 νεανίας
955 423 1062 487 παρ’
1094 422 1218 490 αὐτῷ
1256 422 1317 474 ὡς
1352 417 1415 472 εἷς
1453 416 1546 469 ἀπὸ
1586 420 1696 469 υἱῶν

117 509 145 531 “
171 504 324 556 αὐτοῦ.
402 507 476 555 καὶ
519 503 768 571 ἐπλήρωσε
812 505 1023 572 Μιχαίας
1066 502 1151 567 τὴν
1194 507 1325 570 χεῖρα
1362 506 1444 551 τοῦ
1484 498 1695 562 Λευΐτου,

118 593 144 614 “
171 587 246 636 καὶ
272 586 464 651 ἐγενήθη
491 587 614 656 αὐτῷ
648 591 709 640 εἷς
745 587 878 651 ἱερεά,
906 589 981 636 καὶ
1018 586 1196 650 ἐγένετο
1221 586 1268 634 ἐν
1303 583 1412 653 οἴκῳ
1438 581 1693 650 Μιχαίου.”

119 668 460 734 εἰδωλολάτρης
494 667 577 733 μὲν
616 669 696 719 οὖν
735 669 759 718 ὁ
801 667 1022 734 Μιχαίας,
1054 669 1393 730 κατεμισθοῦτο
1431 664 1578 731 γεμὴν
1615 663 1743 715 τὸνᾶ

117 749 174 817 ἐξ
204 749 396 813 αἵματος
443 756 526 801 τοῦ
571 750 696 812 Λευὶ,
740 752 816 800 καὶ
854 747 1138 815 θεραπευτὴν
1177 747 1317 799 ἐποίει
1355 752 1586 812 γλυπτοῦ,
1622 748 1698 796 καὶ

116 835 216 884 ταῖς
263 836 358 882 τῶν
409 831 614 883 εἰδώλων
665 832 857 883 ἀνετίθει
905 831 1093 898 χρείαις.
1179 831 1254 880 καὶ
1304 829 1353 879 τί
1397 827 1514 892 μετὰ
1559 833 1698 878 τοῦτο

118 913 337 978 γενέσθαι
371 913 697 978 συμβέβηκεν,
741 913 832 981 ἔφη
867 911 1013 964 πάλιν
1052 914 1133 962 ὡδὶ
1167 910 1221 962 τὸ
1261 910 1459 977 γράμμα
1493 910 1546 961 τὸ
1581 908 1700 975 ἱερόν

120 1003 146 1025 “
176 997 269 1046 Καὶ
311 997 359 1047 ἐν
403 1001 502 1050 ταῖς
542 996 729 1063 ἡμεραις
771 995 958 1047 ἐκείναις
995 994 1022 1058 ἡ
1062 993 1192 1062 φυλὴ
1237 992 1344 1044 Δάν
1382 992 1524 1059 ἐζήτει
1562 993 1700 1060 ἑαυτῃ
1760 998 1841 1029 Jud-

1761 1042 1850 1072 xviii.
1864 1049 1876 1071 1
1885 1064 1891 1071 .

57 1085 148 1126 10⁴⁶
173 1079 486 1145 κληρονομίαν
526 1083 608 1129 τοῦ
653 1080 940 1141 κατοικῆσαι,
974 1076 1044 1127 ὅτι
1088 1077 1170 1126 οὐκ
1207 1075 1423 1127 ἐνέπεσεν
1462 1075 1577 1143 αὐτῇ
1617 1075 1701 1128 ἕως

61 1923 109 1948 20

64 2336 83 2359 N

91 2333 111 2371 01

208 1163 228 1173 Α

123 1168 149 1191 “
173 1183 254 1225 της
278 1161 449 1227 ἡμέρας
484 1161 655 1224 ἐκείνης
689 1161 736 1210 ἐν
770 1158 902 1229 μέσῳ
938 1162 1106 1226 φυλῶν
1131 1157 1332 1224 Ἰσραὴλ
1365 1157 1698 1224 κληρονομία.”

123 1240 219 1294 εἶτα
255 1244 390 1294 πέντε
427 1241 554 1297 τινὰς
588 1240 923 1310 ἐπιλεξάμενοι,
961 1241 1258 1307 προβαδίζειν
1297 1241 1472 1291 ἑαυτῶν
1504 1239 1697 1290 ἀναπεί·
1762 1253 1812 1315 ssb.
1835 1261 1862 1283 2-

124 1330 274 1387 θουσι,
300 1327 374 1376 καὶ
398 1328 731 1391 κατερευνῆσαι
765 1323 849 1388 τὴν
874 1326 964 1389 γῆν
995 1322 1052 1388 ἣν
1084 1321 1140 1373 ἂν
1172 1322 1381 1374 δύνοιντο
1420 1326 1586 1382 λαβεῖν
1626 1323 1701 1372 καὶ
1765 1309 1836 1338 sqq·

124 1410 287 1458 οἰκεῖον
311 1412 545 1458 ποιεῖσθαι
576 1410 767 1472 κλῆρον.
829 1409 870 1456 οἱ
906 1404 952 1456 δὲ
985 1404 1209 1473 ἀφίκοντό
1237 1409 1388 1474 φησιν
1415 1410 1440 1433 “
1459 1402 1542 1457 ἕως
1568 1402 1701 1470 ὅρους
1720 1429 1741 1455 e
1775 1423 1826 1454 Ib.
1849 1432 1876 1453 2.

125 1496 151 1519 ‘⁶
173 1489 398 1559 Ἐφραὶμ,
428 1488 511 1544 ἕως
538 1489 663 1540 οἴκου
688 1489 912 1556 Μιχαίου,
940 1490 1015 1538 καὶ
1040 1488 1344 1552 ηὐλίσθησαν
1371 1487 1499 1538 ἐκεΐ.”
1551 1487 1703 1537 αὐτῶν

124 1570 268 1623 ὄντων
300 1573 348 1623 ἐν
382 1575 447 1642 τῷ
481 1572 590 1641 οἴκῳ
617 1572 816 1639 Μιχαία,
843 1573 916 1622 καὶ
949 1569 1031 1621 τὸν
1065 1569 1264 1633 Λευίτην
1295 1568 1701 1635 ἐπιγινώσκουσιν,

127 1656 188 1708 ὡς
229 1655 442 1720 ὁμογενῆ,
481 1654 556 1706 διά
592 1677 664 1705 τοι
699 1653 753 1705 τὸ
797 1653 988 1721 γλώττῃ
1026 1655 1237 1720 χρῆσθαι
1281 1655 1339 1720 τῇ
1378 1650 1477 1701 κατ’
1518 1650 1698 1704 αὐτούς.

125 1736 363 1802 Ἑβραίοις
394 1735 486 1803 γὰρ
524 1737 658 1787 οὖσιν
695 1737 756 1790 ὡς
786 1736 1007 1802 εΕβραῖος
1045 1734 1219 1786 ἐλάλει.
1286 1733 1493 1800 ἐρόμενοι
1532 1731 1581 1783 δὲ
1619 1732 1704 1797 τὴν

127 1818 288 1881 αἰτίαν,
316 1819 390 1868 καὶ
425 1817 752 1881 ἀναμαθόντες,
778 1817 903 1872 ὅπως
929 1820 978 1868 ἐκ
1005 1820 1162 1886 φυλῆς
1201 1817 1313 1868 ὄντα
1339 1815 1453 1867 Λευὶ
1479 1837 1700 1878 κατεμισ-

128 1907 266 1954 θοῦτο
292 1904 375 1967 μὲν
401 1905 425 1955 ὁ
453 1904 674 1971 Μιχαίας,
703 1903 940 1970 ἱερουργὸν
965 1902 1013 1954 δὲ
1048 1907 1141 1954 τῶν
1173 1904 1335 1953 ἑαυτοῦ
1362 1901 1705 1969 κεχειροτόνηκε

128 1984 462 2049 σεβασμάτων,
497 1988 802 2051 συναλγῆσαι
842 1985 958 2047 δέον,
985 1987 1046 2039 ὡς
1086 1984 1373 2054 αἰχμαλώτῳ
1406 1986 1480 2035 καὶ
1516 1984 1702 2048 ἠπατη-

129 2068 250 2136 μένῳ
293 2069 368 2118 καὶ
408 2067 692 2133 ἀλητεύοντι,
735 2068 1133 2134 συγκατώλισθον
1173 2066 1304 2121 εὐθὺς
1355 2071 1417 2120 εἷς
1466 2065 1573 2120 τοὺς
1623 2069 1745 2130 τῆςᾶ
1779 2090 1855 2124 135
1871 2089 1921 2123 A.

129 2149 309 2213 ἀπάτης
333 2149 548 2217 βρόχους,
575 2152 648 2201 καὶ
682 2150 916 2216 ἀγορεύειν
951 2150 1090 2201 αὐτὸν
1124 2149 1299 2218 ἠξίουν,
1325 2151 1627 2215 ἐπερωτῶντα
1651 2147 1705 2198 τὸ
1767 2169 1864 2208 Ib.5.

130 2231 323 2282 ε’ίδωλον
356 2236 393 2282 εἰ
424 2231 541 2283 κατὰ
576 2235 767 2298 γνώμην
806 2233 959 2287 αὐτοῖς
993 2232 1243 2296 ἐκβήσεται
1275 2230 1328 2282 τὸ
1360 2231 1625 2298 ἐγχείρημα,
1650 2230 1704 2281 τὸ

131 2313 485 2380 κατακρατῆσαί
518 2318 640 2382 φημι
677 2317 759 2378 τῆς
791 2314 960 2381 χώρας,
980 2312 1037 2378 ἢν
1063 2315 1289 2382 ἀφίκοντο
1314 2312 1702 2379 καταθρήσοντες.

132 2396 156 2445 ὁ
183 2395 231 2446 δὲ
253 2395 307 2446 τὸ
337 2399 501 2446 δοκοῦν
535 2395 798 2459 λελάληκεν
834 2398 896 2450 ὡς
927 2396 1057 2462 παρὰ
1090 2400 1227 2448 Θεοῦ.
1293 2393 1706 2462 κατασκεψάμενοι
1767 2416 1818 2447 Ib.
1834 2416 1863 2448 6.

131 2477 179 2528 δὲ
212 2476 297 2541 τὴν
331 2480 420 2543 γῆν
457 2481 498 2528 οἱ
536 2477 895 2541 ἀπεσταλμένοι,
935 2483 1029 2531 τοῖς
1070 2477 1377 2546 πεπομφόσιν
1415 2475 1703 2542 ἀπήγελλον,

131 2562 193 2612 ὡς
227 2558 380 2625 ἀγαθὴ
411 2561 486 2610 καὶ
528 2559 661 2622 πίων,
692 2561 766 2610 καὶ
804 2561 855 2610 οὐ
894 2559 984 2610 σὺν
1023 2563 1178 2626 ἱδρῶτι
1218 2557 1394 2624 ληπτή.
1463 2557 1616 2623 ἐπειδὴ
1657 2558 1705 2610 δὲ

130 2645 225 2691 τῶν
274 2640 493 2692 τοιούτων
543 2640 768 2692 ἐπύθοντο
818 2640 976 2707 λόγων
1027 2645 1068 2692 οἱ
1117 2640 1210 2693 ἀπὸ
1259 2644 1414 2709 φυλῆς
1457 2643 1539 2704 τῆς
1584 2640 1703 2705 Δάν,
1764 2661 1816 2692 1b.
1839 2670 1887 2693 11.

1765 2716 1836 2746 sqq.

180 2809 212 2843 6.
237 2811 397 2854 γλυπτῶν
414 2808 562 2854 Niceph.
583 2808 658 2843 Cat.
679 2810 716 2843 in
732 2809 817 2844 Jud.
833 2811 855 2844 l.
874 2822 904 2845 c.
1147 2822 1178 2856 7.
1203 2810 1345 2845 ἀνετίθει
1363 2809 1457 2844 B.D.
1475 2810 1606 2855 ἀνετίθη
1626 2810 1704 2846 Cat.

132 2855 278 2890 ἀνετέθει
296 2856 387 2891 Edd.
542 2868 576 2902 9.
602 2857 714 2901 ἑαυτῇ]
735 2857 816 2900 αὐτῇ
835 2857 927 2891 Edd.
1081 2868 1134 2902 13.
1161 2857 1309 2892 δύνοιντο
1328 2857 1422 2891 B-D.
1442 2856 1593 2893 δύναιντο
1610 2858 1692 2893 Edd

136 2947 189 2981 15.
217 2937 313 2972 Haec
330 2937 438 2971 αὐτῶν
454 2936 558 2972 ὄντων
574 2938 609 2971 ἐν
625 2940 670 2983 τῷ
688 2936 767 2984 οἴκῳ
784 2938 902 2982 μιχαία
920 2916 977 2978 [sd-'5‘
997 2936 1100 2978 Cod.]
1117 2943 1338 2972 accesserunt
1355 2950 1396 2972 ex
1414 2938 1462 2972 D,
1576 2948 1629 2984 17.
1647 2939 1704 2973 αὖ·

133 2986 191 3028 τῆς
206 2996 270 3028 pro
286 2984 406 3020 αὐτούς
424 2984 515 3018 Edd.
628 2996 683 3030 23.
709 2983 824 3030 αὐτὸν]
843 2985 956 3021 αὐτοῖς
973 2985 1019 3018 D.
1132 2994 1187 3030 25.
1213 2983 1478 3030 κατακρατῆσαι]
1500 2984 1557 3020 Sic
1574 2987 1706 3020 correxi

133 3042 173 3065 ex
193 3031 238 3064 D.
257 3033 490 3076 κατακρατῆσα
508 3032 587 3077 (Sic)
607 3031 653 3067 D.
671 3033 835 3077 κρατῆσαι
853 3030 945 3066 Edd.
990 3030 1045 3077 ἣν]
1064 3032 1111 3068 εἷς
1126 3030 1165 3076 ἣν
1183 3030 1258 3067 Cat.
1369 3043 1424 3078 29.
1449 3031 1524 3078 τῆς]
1543 3035 1602 3068 τοῦ
1619 3032 1679 3068 iid.

191 3100 281 3129 VOL.
305 3103 332 3129 Ι.
874 3103 896 3131 C
919 3104 940 3130 Ο
