2021 3434
118 194 175 235 iii.
199 195 237 236 6.
597 199 666 239 IN
707 199 902 240 AMOS.
964 199 1114 240 TOM.
1157 199 1219 239 II.
1611 197 1694 236 423

118 306 437 370 πορθμεύουσι
475 307 568 375 γὰρ
603 313 664 363 εἱς
704 311 822 373 ὑμᾶς
858 308 977 376 ἅπερ
1019 307 1076 360 ἂν
1118 309 1271 361 αὐτοῖς
1310 307 1583 369 ἐντείλωμαι
1622 304 1697 356 διὰ

119 393 201 438 τοῦ
251 388 539 452 Πνεύματος.
612 391 722 442 ἀλλ’
775 393 1043 458 ὀλιγωρεῖτε
1092 389 1214 458 τάχα
1264 413 1356 441 που
1406 390 1481 439 καὶ
1532 387 1696 439 ἀλύετε
1717 405 1737 432 0

119 469 314 536 σφόδρα
348 474 422 522 καὶ
459 471 577 539 πρὸς
610 472 778 535 μόνους
811 472 919 527 τους
955 474 1064 539 παρ’
1091 475 1244 523 αὐτῶν
1268 473 1376 523 ἔσθ’
1404 471 1478 522 ὅτε
1504 470 1693 536 λόγους.

119 551 167 602 τι’
199 551 292 618 γὰρ
327 553 462 617 ὅλως,
498 555 601 606 εἰπέ
627 579 719 618 μοι,
759 556 833 606 διὰ
867 555 1044 606 τούτων
1079 558 1376 623 ὠφελεῖσθε;
1415 559 1546 606 ποῖος
1582 554 1699 616 ὑμᾶς

81 653 102 691 5
121 633 271 686 εἷσέδυ
297 635 448 704 φόβος
469 659 480 698 ;
520 635 549 701 ἢ
576 638 678 688 τίνα
701 636 972 702 μεταβολὴν
997 637 1226 705 ἐσχήκατε
1256 637 1375 703 πρὸς
1401 636 1454 687 τὸ
1482 636 1698 699 ἄμεινονς

120 718 169 767 ἐν
199 716 335 768 πόλει
369 718 452 780 μὲν
483 719 577 785 γὰρ
612 725 644 771 εἰ
679 721 974 789 ἀναφωνήσειε
1012 719 1242 788 σάλπιγξ,
1269 719 1351 770 τὸν
1383 717 1492 784 παρ’
1521 719 1701 784 ἐχθρῶν

120 798 294 863 ἥκοντα
331 802 407 851 καὶ
442 802 735 866 κεκινημένον
760 801 1180 868 περιαγγέλλουσα
1209 800 1434 865 πόλεμον,
1462 800 1531 853 τίς
1557 801 1704 852 οὕτως

121 880 405 947 ἀνάλγητος,
449 885 510 936 ὡς
547 883 612 947 μὴ
647 884 801 947 πάντη
840 907 888 935 τε
925 885 999 934 καὶ
1033 882 1220 936 πάντως
1251 881 1332 933 τὸν
1369 884 1418 933 ἐκ
1456 886 1550 932 τῶν
1587 882 1700 931 ἐσο-

120 963 270 1026 μένων
312 969 466 1014 κακῶν
511 966 828 1034 ὑποδέξασθαι
873 965 1062 1033 φόβον;
1113 968 1158 1015 αἱ
1200 965 1248 1016 δὲ
1290 967 1391 1027 ε’μαὶ
1434 963 1704 1028 σάλπιγγες

57 1067 104 1092 10
123 1047 175 1096 οὐ
207 1047 538 1097 διαλελοίπασι
569 1052 1001 1114 προαναφωνοῦσαι
1033 1047 1092 1098 τὰ
1118 1047 1372 1110 μέλλοντα.
1439 1045 1549 1097 ἀλλ’
1577 1048 1701 1114 ὠφε-
1723 1051 1751 1092 (1

46 1122 49 1124 ¹
121 1132 282 1180 λεῖσθε
317 1128 402 1192 μὲν
436 1134 679 1183 παντελῶς
707 1130 850 1193 οὐδὲν,
878 1129 1191 1194 μανθάνοντες
1218 1128 1266 1181 δὲ
1297 1128 1367 1180 ὅτι
1394 1126 1699 1195 καταδῃωθή-

122 1217 270 1263 σεσθε
321 1213 428 1278 παρ’
482 1215 673 1279 ἐχθρῶν,
724 1217 1095 1277 κατευμεγεθεΐτε
1152 1214 1260 1263 λίαν
1312 1216 1406 1262 τῶν
1455 1216 1516 1264 εἷς
1567 1216 1705 1261 τοῦτο

123 1293 363 1357 δειμάτων,
392 1297 452 1348 ὡς
484 1293 608 1362 τάχα
637 1318 729 1346 που
768 1297 842 1345 καὶ
881 1296 1118 1359 διαγελᾶν,
1143 1296 1204 1348 ὡς
1243 1293 1412 1345 εἰκαῖόν
1450 1317 1493 1344 τι
1532 1296 1704 1360 χρῆμα,

123 1375 208 1442 τὴν
249 1376 607 1443 προαγόρευσιν,
650 1379 724 1428 καὶ
770 1376 862 1440 μὴν
903 1379 1085 1428 κάκεῖνο
1129 1381 1250 1437 βοᾶν
1288 1375 1342 1428 τὸ
1384 1376 1585 1440 σύνηθες
1629 1377 1704 1425 καὶ

59 1477 105 1516 15
123 1465 219 1514 τοῖς
257 1459 612 1522 ἀπονοουμένοις
647 1459 851 1526 ἐντριβές
891 1460 1001 1510 “Ἡ
1043 1459 1207 1525 ὅρασις
1244 1458 1302 1524 ἢν
1341 1459 1473 1513 οὗτος
1517 1459 1604 1527 ὁρᾷ
1644 1462 1705 1511 εὶς
1766 1467 1882 1542 {3521}

125 1549 152 1572 ‘⁶
176 1542 346 1609 ἡμέρας
371 1541 561 1597 πολλὰς
584 1544 659 1593 καὶ
690 1547 751 1596 εἰς
785 1541 970 1608 καιροὺς
992 1541 1196 1608 μακροὺς
1222 1542 1355 1595 οὗτος
1378 1540 1704 1609 προφητεύει.”
1816 1537 1822 1542 ’
1869 1530 1893 1551 ¹·

125 1625 174 1676 τί
207 1625 288 1675 οὖν
326 1625 516 1691 ἡγεῖσθε
552 1623 802 1693 φορτικοὺς
831 1624 938 1678 τοὺς
967 1626 1102 1675 οἱονεὶ
1140 1624 1470 1691 σαλπίζοντας,
1498 1627 1534 1674 εἷ
1564 1623 1706 1687 μηδὲν

124 1707 316 1773 ἡγεῖσθε
341 1706 447 1760 τοὺς
473 1706 676 1773 λόγους;
718 1706 827 1758 ἀλλ’
856 1707 971 1760 ἴσως
1002 1706 1142 1758 ἐκεῖνό
1176 1711 1307 1775 φατε,
1334 1709 1395 1760 ὡς
1427 1708 1480 1757 οὐ
1511 1707 1704 1771 μετρίως
1723 1722 1744 1748 θ

126 1794 388 1840 καταλυπεῖ
416 1793 510 1839 τῶν
542 1790 886 1856 πραγμάτωνὴ
920 1791 1128 1848 ἔκβασις.
1199 1787 1289 1855 ἆρα
1327 1789 1408 1839 οὖν
1447 1789 1571 1839 ἔσται
1614 1788 1700 1839 κά-

59 1890 108 1915 20
129 1894 274 1925 κωσις
309 1873 346 1922 ἐν
377 1873 508 1923 πόλει
545 1871 700 1939 τυχὸν,
734 1871 776 1932 ἣν
818 1871 965 1938 Κύριος
1005 1875 1078 1923 οὐκ
1119 1873 1338 1932 ἐποίησεν,
1379 1870 1537 1934 ὅμοιον
1571 1873 1632 1925 ὡς
1671 1875 1707 1921 εἷ

127 1953 260 2018 λέγοι
287 1953 373 2018 Μὴ
405 1951 495 2020 ἆρά
533 1977 601 2007 τις
635 1954 769 2005 ε”σται
803 1959 896 2005 τῶν
935 1956 983 2004 ἐν
1022 1953 1283 2020 ἀνθρώποις
1310 1954 1462 2007 ἱκανὸς
1487 1953 1547 2006 εἵς
1573 1976 1626 2019 γε
1653 1952 1707 2003 τὸ

127 2035 357 2087 δύνασθαι
394 2040 614 2088 κακῶσαι
647 2035 790 2088 πόλιν
823 2037 849 2102 ἢ
887 2036 1044 2089 νόσοις
1074 2035 1102 2100 ἦ
1134 2037 1421 2102 πολιορκίαις
1456 2035 1484 2100 ἢ
1516 2040 1708 2102 καρπῶν

129 2124 446 2188 καταφθοραῖς
476 2117 505 2183 ἢ
539 2122 614 2170 καὶ
641 2119 746 2170 καθ’
773 2120 928 2186 ἕτερόν
963 2143 1065 2170 τινα
1100 2125 1308 2169 τοιοῦτον
1341 2119 1550 2185 τρόπον;
1598 2121 1634 2168 εἰ
1661 2117 1709 2169 δὲ

129 2203 389 2269 ἀνθρώπων
412 2202 495 2266 μὲν
522 2203 667 2256 οὐδεὶς
689 2201 748 2253 τὰ
771 2203 921 2253 τοιάδε
946 2201 1159 2268 δράσειεν
1180 2200 1253 2264 ἂν,
1277 2207 1420 2252 κεῖται
1446 2200 1494 2251 δὲ
1519 2205 1709 2264 μᾶλλον

63 2307 110 2344 25
131 2286 179 2336 ἐν
203 2285 396 2354 ἐξουσίᾳ
434 2287 509 2335 καὶ
544 2284 732 2348 δυνάμει
761 2288 904 2348 Θεοῦ,
934 2286 983 2335 τί
1017 2290 1110 2338 τοῖς
1145 2285 1537 2350 προαγγέλλουσι
1562 2292 1706 2351 χαλε·
1725 2307 1748 2331 a
1777 2297 1860 2332 279
1877 2295 1929 2330 A.

129 2368 347 2429 παι’νετε;
388 2369 534 2419 καίτοι
566 2372 857 2434 μεταγνῶναι
892 2367 1013 2430 δεόν,
1045 2369 1119 2417 καὶ
1146 2371 1245 2420 ταῖς
1279 2371 1341 2420 εἷς
1374 2372 1511 2417 τοῦτο
1544 2369 1710 2434 ῥοπαῖς

131 2451 516 2514 ἐκμειλίσσεσθαι
550 2448 632 2501 τὸν
669 2450 993 2514 λελυπημένον
1032 2451 1107 2500 καὶ
1140 2454 1309 2500 κακοῦν
1344 2449 1570 2516 ἰσχύοντα
1604 2449 1710 2503 τοὺς

183 2655 212 2678 1.
239 2642 440 2687 ἐντέλλομαι
458 2643 549 2677 Edd.
568 2643 638 2677 inv,
657 2642 748 2676 A.B.
961 2653 992 2676 2.
1018 2641 1095 2675 ἀλλ’
1114 2654 1183 2675 om.
1206 2641 1246 2675 Β.
1295 2641 1432 2688 &Men-e]
1451 2642 1610 2676 ἆλλοιᾶτε
1630 2643 1710 2687 (sic)

133 2690 224 2724 Edd.
369 2702 401 2735 3.
426 2692 478 2724 καὶ
496 2703 565 2724 om.
585 2691 628 2724 A.
678 2689 750 2723 ἐσθ’
770 2688 824 2722 ὅτε
842 2690 919 2724 τοὺς
934 2689 1011 2733 παρ’
1030 2690 1137 2723 αὐτῶν
1154 2690 1224 2722 inv.
1245 2689 1365 2723 ordine
1381 2691 1425 2723 A.
1567 2703 1600 2732 4.
1620 2691 1710 2734 ὠφε-

131 2737 251 2771 λεῖσθε
270 2738 312 2771 A.
329 2737 514 2782 ὠφέλησθε
533 2736 624 2770 Edd.
840 2746 873 2778 5.
899 2735 917 2778 ἢ
936 2748 1005 2769 om.
1026 2738 1066 2769 A.
1115 2737 1153 2769 τὸ
1172 2747 1240 2769 orn.
1259 2737 1302 2769 A.
1515 2736 1547 2769 6.
1574 2737 1710 2782 ἀναφω-

133 2783 228 2827 νὴσει
246 2784 288 2817 Α.
449 2796 480 2827 9.
508 2783 737 2827 ὑποδέξασθαι
755 2783 798 2816 A.
817 2782 1036 2825 εἷσδὲξασθοι
1055 2782 1147 2816 Edd.
1327 2794 1378 2817 10.
1405 2783 1593 2829 προαναφ.]
1617 2788 1654 2825 -1-
1674 2799 1711 2818 τε

135 2830 227 2865 Edd.
278 2829 488 2876 ὠφελεῖσθε]
511 2831 566 2863 Sic
585 2830 728 2863 correxi.
743 2830 954 2874 ὠφελεῖσθαι
972 2830 1014 2863 A.
1034 2829 1218 2874 ὠφέλησθε
1238 2829 1328 2863 Edd.
1541 2842 1594 2864 12.
1611 2830 1708 2876 παρ’]

134 2876 203 2911 κατ’
216 2878 259 2911 A.
476 2888 528 2921 13.
554 2877 592 2910 τὸ
610 2888 672 2921 pro
689 2891 720 2910 τι
738 2877 782 2909 A.
993 2887 1046 2920 19.
1071 2876 1225 2920 πράξεων
1244 2876 1335 2910 Edd.
1571 2889 1626 2912 21.
1654 2880 1710 2922 Μὴ

134 2930 354 2969 assumptum
374 2936 414 2958 ex
433 2923 521 2957 AB.
735 2934 789 2967 23.
815 2923 985 2967 διαφθορᾷ
1004 2924 1047 2956 A.
1099 2924 1152 2956 καὶ
1168 2930 1390 2968 assumptum
1408 2936 1447 2958 ex
1467 2925 1510 2958 A.
1559 2927 1712 2959 τοιοῦτον

134 2983 204 3005 om.
223 2972 267 3005 A.
457 2982 509 3013 24·
537 2971 577 3004 τὰ
595 2970 802 3005 omittebant
821 2969 911 3003 Edd.
1080 2980 1134 3012 25.
1161 2970 1195 3003 ἐν
1212 2982 1281 3004 om.
1300 2972 1342 3005 A.
1506 2972 1561 3006 26.
1587 2971 1710 3018 καίτοι]

135 3019 188 3052 καὶ
205 3019 274 3053 τοῖς
292 3018 371 3061 (Sic)
391 3018 433 3051 A.
