2021 3434
100 199 141 241 ii.
166 211 233 254 25,
258 202 321 244 26.
540 203 612 243 IN
655 203 927 244 JOELEM.
988 203 1138 244 TOM.
1183 203 1242 243 II.
1597 202 1678 241 333

98 309 189 374 μόν
226 335 276 363 τε
313 315 390 364 καὶ
425 313 616 383 ὄψιμον,
657 315 850 381 νομικήν
883 339 930 367 τε
969 317 1091 385 φημὶ
1122 316 1369 367 παίδευσιν
1408 318 1483 365 καὶ
1521 313 1675 380 παροί-

99 400 274 457 κλησιν
314 397 654 463 Εὐαγγελικήν,
693 396 797 449 τότε
838 399 911 449 καὶ
951 398 1241 461 ἀνεθάλομεν
1279 401 1340 450 εἰς
1380 395 1680 460 δικαιοσύνην

98 477 172 525 καὶ
199 477 403 543 καρποὺς
437 478 703 546 ἐσχήκαμεν
729 480 858 547 ζωῆς,
894 478 999 531 τότε
1038 482 1112 531 καὶ
1151 479 1370 549 φάγοντες
1409 477 1679 547 ἐμπεπλησ-

97 555 214 624 μεθαι
255 561 330 610 καὶ
374 561 722 630 δοξολογοῦμεν
753 564 814 616 ὡς
850 563 1106 625 Δεσπότην
1145 562 1226 613 τὸν
1264 562 1438 612 ἑαυτῶν
1481 563 1680 626 Σωτῆρα

57 648 79 686 5
100 640 329 705 Χριστὸν,
375 643 764 709 ἀνακηρύττοντες
805 647 867 699 ὡς
911 643 1283 710 θαυματουργὸν,
1323 645 1398 693 καὶ
1437 642 1495 693 τὰ
1533 642 1680 708 λόγου
1698 653 1725 693 d

98 723 174 771 καὶ
226 724 414 777 ἐλπίδος
468 724 672 776 ἐπέκεινα
728 730 821 780 τοῖς
878 727 1131 792 ἀγαπῶσιν
1181 725 1322 776 αὐτὸν
1375 725 1680 790 δωρούμενον.

99 803 364 869 ἐγνώκαμεν
407 806 455 857 δὲ
505 807 622 873 πρὸς
667 809 791 877 αὐτῷ
841 812 1082 861 παντελῶς
1123 808 1277 873 ἕτερον
1315 806 1490 858 οὐδένα.
1556 810 1675 857 δεδι-

99 884 311 952 δάγμεθα
345 887 392 939 δὲ
430 889 583 955 λέγειν
622 890 678 959 ἐξ
712 892 891 956 ἀγαθῆς
936 890 1137 943 διανοίας
1177 897 1204 918 “
1228 888 1388 954 Κύριε,
1424 888 1551 941 ἐκτός
1590 911 1681 939 σου
1742 901 1903 933 E÷.xxvi·

100 974 126 996 ‘⁶
151 968 305 1020 ἄλλον
340 971 422 1022 οὐκ
456 972 658 1036 οἴδαμεν·
702 972 755 1023 τὸ
790 971 938 1034 ὄνομά
968 995 1059 1022 σου
1085 970 1416 1037 ὀνομάζομεν.”
1477 970 1607 1036 ἄθρει
1633 970 1681 1021 δὲ
1746 954 1792 985 ¹3⁵

37 1069 81 1095 ¹0
100 1049 224 1105 ὅπως
263 1053 288 1103 ὁ
322 1057 416 1104 τῶν
457 1053 582 1104 ὅλων
617 1053 737 1108 Θεὸς
778 1055 1027 1121 μονονουχὶ
1065 1057 1139 1104 καὶ
1178 1056 1375 1121 διαγελᾷ
1413 1055 1487 1103 καὶ
1527 1075 1677 1103 κατει-

97 1133 343 1198 ρωνεύεται
369 1134 428 1186 τὰ
453 1136 736 1202 ἀνθρώπινα,
763 1133 940 1204 δύναμιν
965 1137 1171 1205 μεγάλην
1197 1137 1359 1186 ἑαυτοῦ
1385 1133 1470 1199 τὴν
1499 1135 1684 1200 κάμπην

99 1219 368 1281 ἀποκαλῶν,
396 1221 439 1281 ην
477 1223 551 1271 καὶ
587 1226 644 1275 εἰς
680 1219 845 1274 αὐτοὺς
875 1219 1170 1288 πεπομφέναι
1204 1222 1339 1288 φησὶ.
1402 1221 1476 1270 καὶ
1516 1220 1569 1270 οὐ
1605 1219 1684 1283 δή-

100 1323 192 1351 που
230 1299 398 1370 φαμὲν,
438 1302 508 1353 ὅτι
553 1300 738 1370 δύναμις
777 1304 966 1365 ἀληθῶς
1003 1305 1024 1363 η
1066 1303 1230 1370 κάμπη
1268 1305 1406 1364 Θεοῦ,
1434 1303 1508 1352 καὶ
1547 1307 1684 1352 τοῦτο

100 1383 299 1451 μεγάλη,
346 1383 456 1435 ἀλλ’
508 1383 605 1435 οἷον
655 1383 796 1436 ἐκεῖνό
852 1390 975 1453 φησι
1030 1390 1124 1438 τοῖς
1174 1385 1258 1448 τὴν
1307 1385 1360 1435 δι’
1411 1385 1552 1448 αὐτῆς
1603 1384 1722 1434 οὐκθ

37 1466 344 1530 Ῑ5ἐνεγκοῦσι
385 1466 588 1518 κόλασιν
618 1466 685 1518 ’ΧΩ
730 1469 867 1518 δεινοι
913 1470 988 1518 καὶ
1036 1467 1267 1535 ἀγέρωχοι
1318 1470 1393 1517 καὶ
1435 1468 1483 1517 ἐν
1536 1467 1683 1517 οὐδενὶ

101 1547 365 1615 γράφοντες
405 1549 536 1620 λόγῳ
582 1548 634 1601 τὸ
678 1550 989 1616 προσκρούειν
1035 1550 1148 1613 ἐμοί·
1212 1550 1265 1600 οὐ
1306 1554 1400 1614 πῦρ
1451 1550 1522 1617 ἐφ’
1569 1550 1685 1611 ὑμᾶς

103 1631 350 1696 οὐρανόθεν
382 1633 559 1697 ὁρῶμαι
594 1634 760 1694 καθεὶς,
789 1633 872 1683 οὐκ
910 1633 1131 1700 ἐπαφῆκα
1168 1630 1374 1697 βροντὴν
1400 1629 1428 1695 ἦ
1455 1629 1684 1698 χάλαζαν,

103 1714 189 1781 οὐχ
226 1712 380 1780 ἕτερόν
418 1737 462 1765 τι
502 1719 596 1765 τῶν
635 1716 761 1783 ὑψοῦ
799 1737 849 1766 τε
890 1715 1115 1780 ἠρμένων,
1150 1716 1225 1764 καὶ
1265 1713 1334 1764 ὅτι
1373 1713 1588 1775 μάλιστα
1626 1716 1684 1780 τῇ

102 1801 185 1847 τοῦ
235 1800 359 1847 Θεοῦ
422 1795 538 1865 δόξῃ
599 1796 1006 1863 πρεπωδεστάτων
1054 1796 1327 1861 ἐπενεγκών.
1419 1795 1685 1859 σκωλήκων

38 1900 86 1926 20
104 1877 448 1930 εὐτελεστάτων
489 1879 632 1930 ἀθλία
680 1878 865 1943 πληθὺς
911 1879 1228 1948 κατεξανέστη
1274 1881 1356 1942 τῆς
1400 1877 1569 1945 χώρας,
1610 1879 1686 1927 καὶ

103 1960 425 2027 τεθορύβησθε
456 1960 572 2027 πρὸς
607 1962 761 2025 αὐτῆς,
796 1960 1106 2028 τεθρηνήκατε
1137 1967 1211 2012 καὶ
1246 1960 1520 2012 διολώλατε·
1564 1958 1687 2026 τάχα

103 2066 193 2094 που
230 2043 415 2111 μεγάλη
454 2044 562 2095 λίαν
595 2044 623 2108 ἡ
663 2046 844 2112 κάμπη,
872 2050 1120 2110 λογιοῦμαι
1151 2043 1198 2095 δὲ
1231 2043 1374 2107 αὐτὴν
1400 2044 1475 2094 καὶ
1509 2040 1686 2109 δύναμιν

103 2126 300 2187 ἐμαυτοῦ
333 2126 553 2194 μεγάλην·
592 2127 640 2176 ἐν
674 2126 773 2191 ἤθει
807 2126 863 2191 δὴ
903 2127 983 2178 οὖν
1017 2128 1041 2177 ὁ
1074 2124 1230 2190 λόγος,
1256 2128 1329 2176 καὶ
1369 2124 1604 2177 οἱονείπως
1637 2124 1725 2174 ε’νει
1754 2142 1838 2175 226
1853 2140 1903 2175 Α.

105 2207 290 2273 γέλωτι,
315 2210 562 2276 μονονουχὶ
594 2210 669 2259 καὶ
704 2207 1068 2275 ἐπιτωθάζοντος
1095 2211 1219 2259 Θεοῦ
1251 2212 1345 2261 τοῖς
1376 2209 1685 2275 καταφρονεῖν

39 2309 86 2347 25
105 2291 332 2355 εἰωθόσιν,
359 2294 421 2347 ὡς
455 2295 544 2356 καὶ,
580 2293 706 2359 εἴπερ
733 2293 888 2344 ἕλοιτο
912 2292 1123 2359 κολάζειν
1150 2291 1329 2354 αὐτοὺς,
1357 2289 1593 2356 ἀρκούσης
1625 2294 1687 2343 εἰς

105 2380 242 2425 τοῦτο
269 2376 342 2426 καὶ
369 2374 560 2443 κάμπης
586 2376 687 2425 ἀντὶ
712 2378 900 2439 πολλῆς
927 2378 1000 2426 καὶ
1027 2374 1212 2442 ἀμάχου
1237 2371 1406 2424 λοιπὸν
1434 2372 1610 2440 ἰσχύος.

157 2559 186 2583 Ῑ.
212 2563 248 2583 τε
266 2549 324 2583 alt.
343 2554 566 2594 assumptum
587 2561 627 2582 ex
645 2548 680 2582 b.
826 2559 856 2588 θ,
876 2559 909 2593 3.
937 2547 1035 2582 Haec
1052 2547 1258 2591 ἀνεθάλομεν
1278 2548 1448 2583 εἷς-τότε
1465 2547 1518 2581 καὶ
1535 2559 1687 2583 accesse-

106 2601 190 2629 runt
207 2607 247 2629 ex
267 2595 309 2630 B.
324 2595 359 2629 b.
479 2605 512 2640 5.
538 2594 596 2640 τὰ]
622 2605 646 2627 ÷
673 2597 732 2628 τοῦ
751 2594 843 2629 Edd.
987 2594 1020 2629 6.
1046 2595 1146 2629 αὐτὸν
1163 2607 1232 2628 om.
1254 2594 1296 2629 B.
1417 2604 1448 2640 7.
1475 2595 1575 2629 αὐτὸν
1594 2595 1686 2629 Edd.

109 2641 233 2676 Statim
249 2644 422 2677 παντελῶς
439 2642 552 2686 ἕτερον
570 2641 636 2675 hoc
653 2641 774 2675 ordine
794 2641 835 2675 B.
1083 2642 1115 2676 8.
1143 2641 1265 2686 Κύριος
1282 2640 1342 2675 iid.
1589 2654 1621 2687 9.
1649 2644 1688 2677 τὸ

106 2688 211 2732 ὄνομά
229 2703 293 2723 σου
311 2689 513 2732 ὀνομάζομεν
531 2694 712 2732 assumpta
729 2700 769 2721 ex
790 2688 831 2721 B.
1042 2699 1095 2722 10.
1122 2687 1226 2734 ὅπως]
1247 2691 1317 2723 πῶς
1330 2687 1389 2722 iid.
1439 2690 1610 2733 καταγελᾶ
1625 2689 1687 2724 iid.

111 2746 164 2769 11.
189 2736 340 2779 μεγάλην
355 2736 474 2769 ἑαυτοῦ
493 2734 559 2768 hoc
577 2734 652 2768 ord.
673 2734 714 2767 B.
767 2734 892 2768 Statim
910 2734 969 2776 τὴν
986 2741 1208 2779 assumptum
1225 2747 1267 2769 ex
1286 2735 1328 2768 B.
1553 2746 1606 2769 12.
1632 2737 1688 2770 οὐ-

108 2781 199 2816 δέπω
216 2780 307 2815 Edd.
570 2792 622 2825 13.
648 2780 781 2824 ἀληθῶς
798 2792 1019 2825 assumptum
1037 2793 1079 2815 ex
1098 2781 1140 2815 B.
1191 2781 1317 2816 Statim
1335 2781 1353 2825 ἡ
1373 2782 1484 2827 κάμπη
1502 2788 1581 2826 post
1600 2785 1688 2817 Θεοῦ

108 2834 240 2872 transp.
260 2827 351 2862 Edd.
404 2827 500 2861 Haec
518 2828 571 2861 καὶ
588 2830 687 2861 τοῦτο
705 2829 834 2873 μεγάλη
853 2834 1074 2862 accesserunt
1091 2840 1133 2862 ex
1153 2828 1194 2862 Β.
1480 2839 1533 2874 17.
1560 2831 1687 2873 ὁρῶμαι

109 2875 233 2915 καθεὶς,
252 2874 310 2908 οὐκ
328 2873 501 2920 ἐπαφῆκα]
521 2874 636 2918 ἀνῆκα,
654 2874 692 2908 οὐ
710 2874 801 2908 Edd.
850 2875 889 2908 οὐ
906 2886 970 2919 pro
987 2874 1005 2918 ἢ
1023 2874 1083 2909 iid.
1366 2886 1418 2920 19.
1448 2875 1610 2921 ἐπήνεγκα
1626 2877 1687 2910 iid.

111 2932 166 2955 20.
193 2921 443 2955 εὐτελεστάτων
460 2927 679 2965 assumptum
699 2933 740 2954 ex
761 2921 801 2955 B.
1042 2932 1096 2955 21.
1125 2921 1222 2956 Haec
1238 2922 1323 2966 πρὸς
1339 2923 1451 2967 αὐτῆς,
1469 2923 1688 2968 τεθρηνὴκατε

111 2973 332 3002 accesserunt
350 2979 390 3002 ex
411 2968 452 3002 B.
503 2968 628 3002 Statim
647 2968 699 3001 καὶ
717 2980 786 3002 om.
809 2967 850 3002 B.
1227 2980 1282 3014 25.
1308 2970 1398 3005 ὥστε
1416 2975 1479 3015 pro'
1497 2970 1540 3006 ὡς
1558 2971 1610 3004 καὶ
1627 2971 1687 3005 iid.

112 3015 249 3050 ἑαυτοὺς
266 3013 325 3048 iid.
515 3014 569 3049 26.
595 3015 645 3049 καὶ
663 3015 760 3059 prius
778 3022 999 3060 assumptum
1018 3027 1058 3049 ex
1078 3015 1120 3049 B.
