2021 3434
114 184 183 224 xii.
212 197 246 225 1.
557 186 632 227 IN
672 185 909 227 OSEAM.
979 184 1126 226 TOM.
1164 183 1242 224 VI.
1605 181 1683 219 241

110 294 322 361 Ἐφραῒμ
374 297 448 347 καὶ
499 296 668 348 Ἰούδα·
734 296 863 361 πλὴν
922 299 997 347 καὶ
1054 296 1199 349 οὕτως
1249 294 1416 356 ἔσομαι
1465 287 1726 358 χρηστὸς,ρ

109 379 379 447 σύμμετρον
417 383 571 435 αὐτοῖς
609 381 798 449 ἐπάγων
832 381 918 446 τὴν
961 382 1158 446 κίνησιν.
1229 378 1354 446 ἔγνων
1394 376 1485 444 γὰρ
1520 371 1687 436 αὐτοὺς,

108 462 171 514 ὡς
205 463 287 513 οὐκ
321 461 379 513 ἂν
415 464 578 530 ἑτέρως
606 464 818 515 δύναιντο
855 463 914 515 τὰ
952 463 1121 527 ἀμείνω
1159 464 1451 526 μεταμαθεῖν,
1481 461 1518 509 εἰ
1548 455 1612 522 μή
1643 479 1688 507 τι

108 544 183 593 καὶ
221 542 413 595 πάθοιεν
454 550 548 596 τῶν
591 545 686 597 ὅσα
726 549 988 597 καταλυπεῖ
1022 547 1097 596 καὶ
1136 548 1274 595 καλεῖ
1305 541 1421 609 πρὸς
1463 540 1688 604 αἴσθησιν

67 634 89 672 5
108 628 202 675 τῶν
246 626 599 692 ἡμαρτημένων.
669 627 776 693 ἔγνω
819 626 973 678 τοίνυν
1014 623 1168 681 αὐτοὺς
1209 632 1227 677 ὁ
1270 624 1395 685 Θεές,
1433 622 1688 683 τουτέστιν,

109 707 192 757 οὐκ
228 707 427 772 ἠγνόηκε
463 711 546 772 τῆς
579 708 860 776 ὠφελούσης
893 707 1058 761 αὐτοὺς
1093 706 1417 774 ἐπιστρεφείας
1447 703 1532 768 τὴν
1560 702 1683 754 ὁδόν.

110 789 185 838 καὶ
222 789 305 839 οὐκ
345 787 570 854 ἀνόνητον
609 789 742 841 ἔσται
784 790 837 841 τὸ
873 793 1032 858 χρῆμα
1075 790 1244 842 αὐτοῖς.
1310 785 1557 850 ἐκβήσεται
1595 783 1687 851 γὰρ

109 871 316 921 ἐντεῦθεν
348 869 402 922 τὸ
443 873 518 922 καὶ
559 873 607 922 ἐν
640 875 772 927 λαοῖς
813 875 960 938 αγίοις
999 870 1368 922 κατατάττεσθαι
1404 872 1541 919 Θεοῦ.
1605 868 1680 917 ἐκ·

107 953 324 1017 τακείσης
369 952 462 1019 γὰρ
513 951 648 1022 ἅπαξ
693 956 776 1018 τῆς
823 952 1017 1017 ἐνούσης
1068 953 1221 1005 αὐτοῖς
1271 949 1567 1020 φαυλότητος
1611 947 1686 1000 διὰ

13 1080 17 1081 ⁷
43 1059 90 1085 10
107 1033 252 1085 πόνου
285 1036 360 1085 καὶ
394 1036 622 1104 θλίψεων,
648 1036 847 1102 καθαροί
876 1058 925 1087 τε
960 1035 1145 1085 ἔσονται
1178 1035 1253 1084 καὶ
1291 1031 1578 1099 ἡγιασμένοι,
1610 1032 1685 1082 καὶ
1704 1055 1726 1079 a
1755 1047 1832 1082 167
1852 1046 1904 1080 A.

106 1117 243 1185 πείρᾳ
285 1115 523 1180 μαθόντες,
562 1117 632 1168 ὅτι
662 1116 716 1169 τὸ
756 1117 840 1181 μὲν
880 1116 1078 1184 γνήσιον
1118 1119 1200 1181 τῆς
1242 1119 1303 1169 εἷς
1337 1114 1461 1166 Θεὸν
1499 1114 1685 1180 ἀγάπης

107 1197 335 1267 πρόξενον
358 1200 513 1254 αὐτοῖς
547 1198 736 1264 ἁπάσης
767 1200 901 1251 ἔσται
934 1201 1115 1268 τρυφῆς
1147 1201 1222 1250 καὶ
1254 1197 1506 1264 εὐημερίας,
1533 1195 1681 1250 καθά-

108 1303 196 1346 περ
221 1281 380 1344 ἀμέλει
413 1284 495 1345 τῆς
526 1283 825 1336 ἀποστασίας
859 1280 918 1332 τὰ
951 1280 1225 1347 ἐγκλήματα
1248 1283 1343 1333 τοῖς
1367 1282 1448 1343 τῆς
1475 1279 1685 1333 δουλείας

111 1365 184 1414 καὶ
209 1363 418 1432 θλίψεως
444 1365 591 1429 ἐνίησι
617 1363 822 1430 βόθροις.

45 1605 158 1652 15‘0
184 1603 436 1664 ὃὲἘφραῒμ
461 1607 648 1664 ΠονΗρὸν
675 1610 848 1658 Πνεῦμα,
874 1606 1027 1649 ἐδίωξε
1055 1607 1266 1657 καύσωνα,
1287 1606 1390 1647 ὅλΗν
1417 1604 1492 1645 τὴν
1520 1604 1681 1661 ἡμέραν
1704 1604 1802 1654 Κεφ.
1821 1599 1889 1652 ιβ’.

179 1690 277 1731 κενὰ
309 1691 377 1732 καί
409 1692 566 1739 μάταια
603 1691 826 1741 ἐπλήθυνε,
855 1691 924 1732 καὶ
957 1690 1162 1731 διαθήκι-ιν
1196 1688 1302 1738 μετὰ
1328 1688 1564 1745 Ἀσσυρίων
1600 1687 1726 1729 διε-Ι)

179 1782 287 1825 θετο,
315 1774 383 1815 καὶ
406 1774 550 1817 ἔλαιον
577 1773 636 1817 εἰς
662 1774 870 1824 ΑἵΓυπτον
897 1777 1191 1834 ἐνεπορεύετο.

187 1907 385 1959 Μέτεισι
414 1909 559 1961 πάλιν
586 1911 610 1960 ὁ
636 1910 780 1977 λόγος
811 1913 861 1962 ἐκ
891 1914 975 1975 τῆς
997 1911 1218 1978 ἀγελαίας
1243 1911 1454 1974 πληθύος
1480 1911 1552 1960 ἐπὶ
1578 1908 1684 1964 τοὺς

110 1991 160 2041 ἐκ
203 1994 358 2058 φυλῆς
393 1990 595 2061 Ἐφραὶμ
630 1993 1031 2054 βεβασιλευκότας
1066 1995 1140 2044 ἐπὶ
1180 1991 1262 2044 τὸν
1304 1991 1505 2058 Ἰσραὴλ
1542 1993 1591 2042 ἐν
1625 1995 1683 2059 τῇ

43 2101 91 2125 20
110 2073 360 2140 Σαμαρείᾳ,
401 2072 479 2127 οὓς
521 2076 597 2124 καὶ
634 2077 808 2143 πνεῦμα
852 2080 1016 2145 πονηρὸν
1060 2073 1176 2126 εἶναί
1213 2079 1336 2143 φησι
1380 2074 1455 2125 διά
1493 2097 1564 2125 τοι
1601 2077 1683 2137 τῆς

109 2153 298 2219 γνώμης
324 2155 476 2205 αὐτῶν
501 2154 554 2206 τὸ
581 2156 1028 2221 δυσμετακόμιστον,
1055 2159 1129 2208 καὶ
1159 2155 1212 2208 τὸ
1247 2158 1356 2207 λίαν
1382 2155 1682 2210 ἀπονενευκὸς

109 2238 184 2286 καὶ
227 2235 478 2287 ἀκάθεκτον
521 2241 583 2290 εἰς
624 2237 894 2290 ἀπόστασιν
933 2237 1018 2303 τὴν
1059 2238 1152 2290 ἀπὸ
1195 2241 1334 2290 Θεοῦ.
1402 2235 1546 2307 ἐδίωξε
1588 2237 1681 2304 γὰρ

0 2311 2 2374 Ι
112 2317 318 2369 καύσωνα
355 2322 490 2386 φησι·
533 2319 680 2370 καίτοι
718 2319 811 2387 γὰρ
844 2319 951 2389 ἐξὸν
985 2320 1074 2372 ὑπὸ
1112 2319 1197 2385 τὴν
1233 2319 1345 2384 ἐμὴν
1376 2318 1489 2371 εἶναι
1519 2319 1675 2383 σκιὰν,
1697 2350 1719 2376 0

0 2378 3 2455 ἔ
109 2400 343 2453 οἱονείπως
380 2398 640 2464 αὐτόμολος
677 2402 905 2468 ἀπεχώρει
942 2402 1059 2468 πρὸς
1099 2401 1320 2454 καύσωνα.
1392 2401 1598 2453 καύσωνα
1632 2401 1680 2453 δὲ

0 2456 5 2515 l
42 2505 89 2543 25
109 2481 319 2547 ὀνομάζει
355 2480 440 2546 τὴν
474 2483 522 2532 ἐκ
560 2486 654 2533 τῶν
692 2484 906 2551 θλίψεων
943 2483 1170 2550 πύρωσιν,
1202 2486 1276 2534 καὶ
1313 2482 1397 2546 τὴν
1434 2485 1674 2552 καταφλέ-

2 2551 7 2665 ὶ
107 2585 291 2628 γουσαν
315 2563 584 2632 συμφοράν.
653 2566 728 2615 καὶ
762 2571 876 2630 γοῦν
911 2567 936 2616 ὁ
971 2565 1124 2634 σοφὸς
1152 2564 1507 2632 Παροιμιαστὴς
1532 2569 1678 2632 αἰνιγ-

4 2671 8 2734 Ι
106 2651 332 2710 ματωδῶς
368 2647 474 2701 τοὺς
511 2646 681 2702 πόνους
713 2649 858 2702 οὕτως
895 2647 1117 2714 ὀνομάζει,
1148 2650 1229 2700 καί
1255 2653 1378 2718 φησι
1409 2656 1437 2679 “
1456 2651 1676 2715 Διεσώθη
1738 2669 1883 2701 Prov.x.

5 2740 9 2792 ἧ
106 2735 134 2758 “
161 2728 253 2780 ἀπὸ
298 2729 530 2793 καύματος
571 2729 665 2783 υἱὸς
707 2729 902 2794 νοήμων·
957 2730 1276 2799 ἀνεμοφθόρος
1317 2730 1365 2782 δὲ
1413 2732 1587 2798 γίνεται
1628 2735 1676 2785 ἐν
1738 2722 1768 2754 ⁵⁵

6 2799 9 2843 1

7 2858 10 2890 Ι

8 2898 11 2912 ,

156 2899 188 2922 2.
213 2889 317 2934 ἔγνων
335 2890 381 2924 D.
400 2890 483 2935 ἔγνω
502 2889 593 2923 Edd.
892 2903 925 2933 4.
950 2891 1050 2926 πάθοι
1070 2891 1114 2925 D.
1414 2901 1443 2938 7.
1470 2894 1523 2928 καὶ
1540 2905 1609 2929 om.
1628 2894 1675 2928 D.

108 2935 140 2969 8.
167 2935 219 2969 καὶ
236 2947 305 2969 0111.
325 2936 371 2970 D.
420 2939 515 2972 λαοῖς
535 2937 626 2970 B.D.
641 2937 676 2971 b.
695 2938 785 2972 ναοῖς
802 2936 894 2971 Edd.
1109 2948 1161 2983 17.
1188 2938 1417 2985 ἐνεπορεύετο]
1438 2940 1676 2987 ε’νεμπορεύετο

9 2976 13 3026 ζ
111 2981 202 3016 Edd.
220 2983 331 3025 (228.)
477 2994 531 3017 20.
558 2981 640 3018 εἶναι’
657 2989 878 3028 assumptum
896 2996 937 3018 ex
957 2984 1049 3018 B.D.
1193 2997 1246 3020 22.
1274 2986 1459 3024 ἀκαθέκτως
1478 2988 1523 3023 D.

166 3048 257 3076 x'OL.
282 3050 309 3077 1.
858 3052 871 3077 1
894 3039 906 3077 i
