2021 3434
290 213 344 251 60
680 211 727 249 Β.
771 208 1049 248 CYRILLI
1093 208 1471 247 ALEXANDR.
1728 205 1768 244 ii.
1799 216 1860 243 12,

290 323 363 371 καὶ
388 320 686 380 ἀβουλότατα
715 321 852 383 δρῶν,
870 319 1023 371 αὐτοῖς
1048 316 1240 367 ἀνετίθει
1265 317 1324 366 τὰ
1349 315 1642 384 χαριστήρια,
1665 317 1738 364 καὶ
1763 313 1864 379 οὐχὶ

289 407 477 465 μᾶλλον
504 405 625 470 Θεῷ,
651 399 867 466 ταύτῃτοι
902 400 1052 468 φησὶν
1087 401 1148 451 ὡς
1184 397 1363 466 ἀφανιῶ
1396 399 1470 447 καὶ
1505 399 1783 464 καταφθερεῖ)
1806 394 1866 444 τὰ

291 485 344 534 δι’
370 482 434 533 ῶν
459 483 602 545 ε’κείνη
630 481 846 548 χειρόνως
875 479 1181 543 πεπλάνηται,
1206 478 1628 546 μεμισθαρνηκέναι
1654 478 1866 542 λέγουσα

289 564 417 630 παρὰ
455 568 547 613 τῶν
589 564 714 614 ἰδίων
755 565 983 628 ἐραστῶν.
1051 565 1126 612 καὶ
1164 562 1409 625 πεποίηται
1448 560 1531 624 μὲν
1569 559 1766 612 ἀστείως
1805 561 1866 611 ὡς

253 674 274 699 e
292 648 364 697 ἐπὶ
389 645 653 712 μαχλώσης
676 643 892 711 γυναικὸς
913 646 937 695 ὁ
958 643 1114 710 λόγος,
1136 647 1196 698 ὡς
1222 643 1276 694 τό
1303 666 1356 709 γε
1383 641 1474 706 μὴν
1502 641 1620 692 κατὰ
1644 642 1865 704 ἀλήθειαν
1885 654 1906 692 5

291 729 316 777 ὁ
335 727 550 793 Ἰσραὴλ,
571 727 640 778 ὅτι
664 727 835 790 μισθὸς
863 728 1013 780 αὐτοῖς
1039 729 1114 777 καὶ
1138 726 1397 779 ἀντέκτισις
1422 727 1504 788 τῆς
1531 728 1591 777 εἰς
1618 722 1677 774 τὰ
1696 723 1868 773 εἴδωλα

290 812 424 872 τιμῆς
475 810 549 859 καὶ
603 811 832 875 λατρείας,
881 809 934 860 τὸ
987 812 1080 859 τῶν
1132 809 1318 874 ὡρίμων
1367 805 1643 874 ἀμφιλαφές
1692 806 1767 856 καὶ
1811 803 1866 854 τὸ

291 890 504 960 εὐκάρπῳ
530 891 881 958 περιτυγχάνειν
907 895 963 958 τῇ
988 895 1063 958 γῇ.
1122 890 1192 941 ὅτι
1223 890 1271 940 δὲ
1296 892 1370 940 καὶ
1396 892 1478 953 τῆς
1505 889 1658 952 ἄλλης
1678 886 1867 950 ἀπάσης

291 974 444 1027 αὐτοῖς
481 973 694 1037 εὐθυμίας
724 977 1034 1040 παρακεῖσθαι
1073 973 1157 1037 τὴν
1198 972 1382 1041 μέθεξιν
1420 972 1588 1035 ταύτης
1627 971 1758 1021 ἕνεκα
1793 972 1866 1020 καὶ

291 1053 436 1119 μόνης
462 1053 608 1125 ᾤοντο
642 1059 723 1119 τῆς
758 1057 916 1117 αἰτίας,
944 1056 1077 1120 εἰδείη
1111 1078 1180 1109 τις
1213 1054 1271 1106 ἂν
1309 1057 1383 1105 καὶ
1414 1054 1545 1118 μάλα
1578 1054 1747 1122 ῥᾳδίως
1772 1057 1866 1106 τοῖς
1889 1079 1934 1104 10

290 1137 509 1204 Ἱερεμίου
552 1136 713 1203 λόγοις
747 1137 966 1205 ἐντυχών.
1037 1137 1161 1188 ἑάλω
1197 1136 1280 1200 μὲν
1318 1136 1409 1202 γὰρ
1450 1136 1508 1188 τὰ
1541 1135 1865 1203 Ἱεροσόλυμα,

292 1218 649 1286 διαπεφευγότες
681 1219 734 1270 δέ
758 1243 876 1274 τινες
910 1225 992 1270 τοῦ
1029 1220 1240 1281 πολέμου
1271 1219 1356 1283 τὴν
1395 1219 1560 1284 ἀκμὴν,
1597 1218 1866 1282 κατέβησαν

292 1305 354 1355 εἰς
387 1300 472 1365 τὴν
508 1302 791 1367 Αἰγυπτίων,
818 1305 892 1353 καὶ
926 1301 1017 1352 σὺν
1051 1303 1205 1354 αὐτοῖς
1243 1303 1267 1351 ὁ
1305 1302 1553 1369 προφήτης
1583 1301 1701 1352 κατὰ
1740 1302 1865 1352 θείαν

248 1382 466 1452 (Ιόμφήν.
534 1386 678 1435 ἐκεῖσε
718 1390 832 1450 γοῦν
866 1384 1175 1445 συνεβούλευε
1221 1385 1374 1450 λέγων
1415 1389 1508 1434 τῶν
1551 1387 1632 1448 τῆς
1671 1387 1863 1434 εἰδωλο-

292 1466 506 1532 λατρείας
549 1465 828 1517 παύσασθαι
869 1471 1143 1529 μολυσμῶν,
1185 1469 1259 1516 καὶ
1299 1469 1636 1532 παλινδρομεῖν
1674 1467 1866 1518 ἑλέσθαι
1888 1491 1932 1529 15

291 1546 409 1611 πρὸς
444 1546 580 1599 Θεόν.
648 1546 744 1599 εἶτα
777 1550 978 1614 γυναίων
1015 1548 1158 1599 ἀθλία
1192 1571 1241 1598 τε
1280 1551 1354 1598 καὶ
1390 1548 1656 1613 ἀνουστάτη
1680 1547 1867 1613 πληθὺς

292 1631 373 1693 τῆς
414 1634 496 1680 τοῦ
537 1629 783 1697 προφήτου
827 1630 973 1682 πάλιν
1018 1631 1326 1698 ἀντεφέροντο
1366 1630 1539 1696 λόγοις,
1585 1633 1658 1682 καὶ
1698 1630 1754 1695 δὴ
1792 1635 1868 1682 καὶ

72 1723 213 1798 116ῐετ81ῑ.
293 1711 504 1779 ἔφασκον
538 1714 735 1767 ἀναιδῶς
773 1720 799 1742 “
820 1711 918 1763 Τὸν
949 1712 1095 1778 λόγον
1130 1711 1183 1763 ὃν
1219 1713 1463 1777 ἐλάλησας
1497 1713 1614 1779 πρὸς
1648 1713 1767 1777 ἡμᾶς
1801 1717 1868 1782 τῷ
1918 1740 1921 1743 >

77 1777 88 1798 Ι
116 1777 152 1797 -Ῐ
182 1791 188 1798 ”
293 1800 320 1822 “
346 1793 537 1857 ὀνόματι
565 1794 754 1860 Κυρίου,
789 1796 871 1845 οὐκ
909 1794 1206 1858 ἀκουσόμεθα
1238 1818 1342 1858 σου,
1379 1795 1447 1846 ὅτι
1478 1802 1699 1847 ποιοῦσαι
1724 1795 1863 1861 ποιή-

294 1882 319 1905 “
344 1898 491 1939 σομεν
529 1876 683 1927 πάντα
720 1875 801 1927 τὸν
838 1876 984 1943 λόγον
1020 1875 1067 1930 ὃς
1103 1875 1395 1945 ἐξελεύσεται
1428 1879 1478 1929 ἐκ
1511 1883 1594 1929 τοῦ
1631 1877 1866 1941 στόματος
1886 1909 1934 1933 20
1973 1892 1977 1903 ¹

292 1964 320 1986 ‘⁶
345 1957 489 2021 ἡμῶν,
516 1962 684 2021 θυμιᾶν
703 1962 760 2027 τῇ
780 1959 1054 2027 βασιλίσσῃ
1079 1964 1161 2010 τοῦ
1187 1959 1383 2026 οὐρανοῦ
1408 1962 1482 2010 καὶ
1509 1960 1726 2011 σπένδειν
1749 1961 1865 2028 αὐτῇ

295 2046 321 2068 “
346 2039 572 2102 σπονδὰς,
599 2039 720 2090 καθὰ
745 2041 1028 2104 ἐποιήσαμεν
1058 2041 1186 2104 ἡμεῖς
1224 2043 1300 2092 καὶ
1339 2045 1380 2092 οἱ
1417 2043 1612 2108 πατέρες
1637 2042 1767 2106 ἡμῶν
1792 2045 1867 2093 καὶ

255 2142 276 2168 e
294 2128 321 2149 ‘⁶
349 2124 388 2171 οἱ
414 2125 632 2182 βασιλεῖς
657 2122 787 2185 ἡμῶν
818 2125 893 2173 καὶ
919 2126 960 2173 οἱ
988 2122 1207 2190 ἄρχοντες
1241 2123 1370 2187 ἡμῶν
1407 2125 1454 2174 ἐν
1487 2125 1690 2175 πόλεσιν
1713 2124 1867 2176 Ἰούδα

295 2210 322 2231 “
347 2205 422 2253 καὶ
456 2202 628 2272 ε”ξωθεν
658 2203 984 2270 Ἰερουσαλήμ·
1034 2207 1107 2255 καὶ
1138 2203 1441 2269 ἐπλήσθημεν
1472 2206 1626 2272 ἄρτων
1660 2207 1734 2256 καὶ
1768 2208 1867 2272 ἐγε-

297 2292 322 2313 “
350 2283 522 2347 νόμεθα
545 2288 759 2353 χρηστοὶ,
783 2288 858 2337 καὶ
888 2285 1007 2337 κακὰ
1039 2287 1120 2336 οὐκ
1151 2286 1345 2351 εἴδομεν.
1412 2290 1487 2338 καὶ
1514 2289 1575 2341 ὡς
1599 2288 1866 2352 διελίπομεν
1885 2314 1932 2352 25

296 2373 323 2394 ‘⁴
350 2370 600 2430 θυμιῶντες
625 2371 682 2436 τῇ
701 2367 976 2436 βασιλίσσῃ
1002 2373 1082 2419 τοῦ
1107 2369 1316 2433 οὐρανοῦ,
1337 2369 1673 2434 ἠλαττώθημεν
1696 2369 1866 2425 πάντες

298 2454 323 2476 “
350 2448 487 2512 ἡμεῖς,
516 2452 590 2500 καὶ
626 2451 675 2501 ἐν
710 2450 922 2519 ῥομφαίᾳ
959 2452 1034 2501 καὶ
1072 2452 1120 2501 ἐν
1159 2454 1289 2519 θυμῷ
1323 2450 1641 2520 ἐξελίπομεν.”
1703 2453 1866 2518 συνίης

297 2529 376 2579 οὖν
407 2529 532 2584 ὅπως
569 2534 815 2600 μονονουχὶ
854 2534 928 2583 καὶ
963 2531 1223 2583 ἀντέκτισιν
1247 2538 1329 2583 τοῦ
1354 2537 1689 2598 πεπλανῆσθαι
1716 2537 1866 2603 φησὶν

298 2611 543 2677 ἐσχηκέναι
573 2612 631 2664 τὰ
663 2613 856 2681 ζωαρκῆ,
883 2617 958 2665 καὶ
994 2613 1111 2681 πρός
1148 2637 1201 2680 γε
1240 2614 1296 2679 δὴ
1327 2615 1475 2685 τούτῳ
1509 2615 1563 2666 τὸ
1598 2617 1863 2684 εὐημερεῖν;

103 2712 158 2746 43
180 2711 227 2745 Α.
261 2692 478 2761 alapam&
523 2702 768 2761 τοιγαροῦν
820 2698 970 2764 φησὶν
1017 2698 1050 2747 Ze
1101 2695 1195 2748 εἷπε
1246 2696 1537 2765 Μισθῶμσιτοί
1585 2722 1670 2765 μου
1721 2699 1866 2751 ταῧτοί
1884 2730 1933 2767 30
1972 2762 1974 2764 v
2012 2731 2021 2755 ·:

299 2773 429 2836 ἐστιν,
473 2772 506 2825 οἳ
546 2773 708 2828 ἔδωκάν
747 2801 820 2844 μοι
865 2785 898 2830 οἱ
940 2780 1124 2846 ἐρασταί
1160 2802 1258 2846 μου,
1305 2785 1381 2831 καὶ
1423 2778 1607 2848 θήσομαι
1648 2779 1766 2832 αὐτὰ
1805 2787 1864 2837 εἰς

344 2939 375 2971 8.
402 2938 569 2985 εὐκάρπῳ]
590 2942 752 2985 εὔκαρπον
771 2942 861 2977 Edd.
1358 2957 1409 2988 14.
1436 2947 1500 2979 τῶν
1519 2951 1741 2991 assumptum
1759 2959 1799 2981 ex
1819 2946 1860 2982 Β.

298 2996 352 3029 31.
381 2984 543 3031 θήσομαι]
563 2986 709 3031 θήσομεν
728 2988 817 3023 Edd.
871 2989 995 3025 Statim
1013 2991 1063 3025 καὶ
1083 2990 1161 3025 add.
1182 2991 1238 3026 iid.

1963 2948 1971 3026 ι

1964 3043 1968 3085 f

1962 3092 1971 3162 ἓ

1962 3208 1970 3241 ,,,

1962 3247 1969 3329 ι
