2021 3434
99 188 157 230 iii.
180 200 219 243 5.
582 191 653 232 IN
694 192 886 233 AMOS.
947 192 1096 233 TOM.
1142 192 1203 233 II.
1592 194 1672 232 421

99 301 371 368 θρώσκουσι
416 304 631 365 κάκεῖνοι,
680 305 754 353 καὶ
797 301 889 354 σὺν
929 307 1021 371 βοῇ
1061 302 1291 364 λαβόντες
1332 302 1675 369 σπαράττουσι.
1697 315 1723 356 b

99 385 148 434 τί
186 384 353 447 τοίνυν,
399 387 562 451 φησὶν,
602 388 815 436 αἱτιᾶσθε
861 384 996 447 Θεὸν,
1034 385 1104 436 ὅτι
1145 384 1238 452 πρὸ
1275 389 1357 450 τῆς
1392 390 1485 436 τῶν
1520 388 1678 435 δεινῶν

98 463 270 534 ἐφόδου
300 471 494 518 ποιεῖται
526 465 611 530 τὴν
646 466 873 531 ἀπειλήνς
913 469 960 518 τί
991 466 1038 518 δὲ
1074 470 1149 518 καὶ
1176 469 1329 521 αὐτοῖς
1354 466 1460 521 τοὺς
1487 465 1680 521 ὀδόντας

99 547 345 614 ε’πιτρίζετε
380 553 476 601 τοῖς
509 546 788 615 προφήταις,
814 548 884 599 ὅτι
916 551 990 599 καὶ
1025 549 1153 599 αὐτοὶ
1191 552 1273 613 τῆς
1313 550 1534 615 ὑμετέρας
1567 550 1679 599 ἀσε-

0 651 1 698 Ῑ
58 652 80 690 5
100 630 228 690 βειάς
265 628 702 695 κατακεκράγασιν,
747 629 837 696 ἐγὼ
872 630 954 692 μὲν
989 629 1082 695 γὰρ
1117 630 1240 681 ε”οικα
1271 630 1415 682 λέοντί
1446 635 1582 700 φησι,
1614 626 1680 700 τῷ

0 701 2 708 y
99 710 191 776 πρὸ
234 711 356 780 (ἤρας
402 711 581 762 εἰωθότι
619 716 752 773 βοᾶν,
788 713 931 773 μόνον
973 712 1020 762 δὲ
1062 714 1163 779 οι’χὶ
1205 715 1278 763 καὶ
1317 717 1680 778 προαπειλοῦντι

97 791 183 856 τὴν
222 793 406 861 ἔφοδον,
442 792 622 861 σκύμνοι
663 793 733 844 δὲ’
756 794 917 859 ὥσπερ
958 796 1077 844 εἰσὶν
1120 798 1161 844 οἱ
1201 797 1441 862 προφῆται
1475 793 1529 844 τὸ
1568 792 1680 856 ἐμὸν

98 875 201 930 ε”θος
234 876 612 940 ἀπομιμούμενοι·
654 875 1029 942 κατακεκράγασι
1057 874 1164 942 γὰρ,
1191 879 1253 929 ὡς
1285 876 1418 944 ἔφην,
1444 880 1537 926 τῶν
1564 878 1680 926 δυσ-

98 962 258 1019 σεβεῖν
309 958 553 1009 εἰωθότων.
629 959 738 1008 ἀλλ’
780 957 943 1023 ὥσπερ
994 963 1089 1011 τοῖς
1138 960 1185 1008 ἐν
1234 957 1365 1024 ὄρεσι
1415 957 1543 1027 ζῴοις
1597 958 1679 1007 οὐκ

0 1024 1 1099 j
34 1063 80 1089 10
98 1038 292 1106 ἀκερδὴς
335 1045 578 1094 παντελῶς
617 1041 645 1104 ἡ
685 1039 1083 1111 προαναφώνησις
1133 1046 1216 1091 τοῦ
1262 1040 1418 1106 θηρὸς,
1465 1062 1675 1090 κατασο-
1697 1066 1719 1092 c

97 1127 256 1182 βοῦσα
289 1120 407 1189 πρὸς
443 1122 601 1191 φυγὴν
629 1124 740 1188 πρὶν
778 1123 956 1173 ἁλῶναι
981 1122 1137 1189 τυχὸν,
1164 1124 1284 1173 οὕτω
1309 1125 1383 1172 καὶ
1407 1127 1503 1176 τοῖς
1530 1122 1680 1188 ἀμαρ-

97 1205 291 1256 τάνουσι
325 1204 662 1272 χρησιμωτάτη
696 1205 806 1254 λιάν
831 1204 858 1267 ἡ
884 1203 976 1270 πρὸ
1011 1209 1105 1255 τῶν
1139 1207 1297 1255 δεινῶν
1324 1203 1494 1268 ἀπειλή
1521 1227 1570 1254 τε
1604 1206 1679 1254 καὶ

96 1285 452 1353 προαγόρευσις,
492 1291 760 1351 μεθιστᾶσα
801 1284 919 1352 πρὸς
963 1287 1261 1352 μετάγνωσιν
1304 1291 1379 1338 καὶ
1424 1284 1678 1354 ἀποφυγὴν

97 1373 191 1420 τῶν
221 1369 560 1435 ἐπηρτημένων.
625 1369 761 1420 λέοντι
797 1366 852 1432 δὴ
885 1369 965 1419 οὖν
999 1367 1162 1420 ἑαυτὸν
1184 1367 1446 1435 παρεικάζει
1473 1367 1592 1422 Θεὸς
1626 1369 1679 1418 οὐ

34 1474 79 1513 15
97 1450 325 1518 πρότερον
363 1451 701 1518 ἐπιθρώσκοντι
739 1453 813 1501 καὶ
847 1450 906 1501 τὰ
943 1451 998 1520 ἐξ
1033 1452 1174 1517 ὀργῆς
1213 1451 1436 1518 ἐπάγοντί
1469 1473 1608 1512 τισιν,
1640 1454 1678 1500 εἰ

97 1532 161 1598 μὴ
185 1532 508 1601 προαναφάνοι
532 1533 617 1597 τὴν
643 1533 855 1597 ἀπειλὴν,
881 1534 954 1584 ἵνα
980 1535 1054 1584 καὶ
1080 1540 1409 1597 μετανοοῦντες
1436 1532 1677 1599 σῴζοιντο,

97 1616 190 1683 πρὸ
223 1619 305 1680 τῆς
338 1620 432 1666 τῶν
471 1619 629 1667 δεινῶν
666 1615 838 1684 ἐφόδου
876 1616 1125 1682 φάρμακον
1151 1614 1312 1683 ὥσπερ
1342 1621 1404 1671 εἷς
1438 1616 1677 1682 σωτηρίαν

99 1698 335 1767 δεχόμενοι
361 1703 454 1749 τῶν
480 1698 715 1763 ἐσομένων
739 1697 824 1762 τὴν
850 1697 1211 1765 προαγόρευσιν.

1695 1918 1721 1958 d

103 1970 147 2013 Εἰ
191 1970 381 2014 πεσεῖται
423 1972 572 2029 ὄρνεον
615 1972 684 2013 ἐπὶ
727 1973 803 2013 τέιν
844 1975 917 2020 Γιΐιν
957 1973 1056 2014 ἄνευ
1098 1971 1281 2026 ἰξευτοῡ;
1319 1971 1353 2014 εἰ
1395 1975 1717 2029 σχασθείσεται5

35 2064 82 2090 20
167 2058 289 2105 ΠαΓὶε
322 2056 391 2098 ἐπὶ
423 2060 500 2099 τῆς
533 2061 606 2104 Γῆς
639 2057 739 2098 ἄνευ
770 2059 843 2098 τοῦ
874 2055 1097 2108 συλλαβεῖν
1129 2075 1193 2110 τι,

175 2179 432 2242 Πεποίηται
457 2178 540 2240 μὲν
567 2180 627 2232 ὡς
661 2178 717 2247 ἐξ
745 2178 1011 2240 ὁμοιώσεως
1034 2181 1107 2230 καὶ
1136 2185 1217 2230 νῦν
1243 2180 1267 2229 ὁ
1293 2178 1452 2244 λόγος.
1514 2179 1676 2248 {evron}

100 2258 183 2323 μὲν
206 2259 299 2326 γὰρ
327 2259 386 2310 τὰ
414 2262 461 2311 ἐν
488 2265 650 2329 φυτοῖς
683 2260 908 2327 ὶζήσαντα
933 2266 1026 2312 τῶν
1052 2262 1314 2328 στρουθίων
1340 2261 1678 2328 εὐτεχνέστατα

102 2342 432 2410 καταφέρουσι,
459 2345 632 2409 παγίσι
664 2343 711 2393 δὲ
746 2344 803 2393 αὖ
829 2345 1083 2395 συνθλῶσί
1112 2367 1230 2397 τινες
1256 2342 1309 2394 τὸ
1345 2342 1674 2407 ἁλισκόμενον.

101 2423 213 2475 ε”οικε
248 2423 295 2475 δὲ
336 2426 360 2475 ὁ
405 2427 548 2490 λόγος
584 2425 870 2489 αἰνίττεσθαι
913 2428 1008 2476 νυνὶ
1053 2424 1127 2476 διὰ
1167 2425 1250 2488 μὲν
1288 2429 1382 2476 τῶν
1416 2426 1679 2492 στρουθίων

153 2636 182 2660 1.
209 2627 343 2670 συμβοῂ
362 2627 405 2661 Α.
640 2637 672 2671 3.
703 2626 797 2660 Haec
815 2626 892 2662 τοὺς
909 2626 1047 2662 ὀδόντας
1063 2632 1243 2670 assumpta
1260 2638 1301 2660 ex
1321 2626 1362 2661 B.
1573 2637 1607 2672 5.
1633 2631 1680 2675 τῷ

103 2673 170 2716 πρὸ
188 2672 291 2716 θῆρας
310 2673 351 2707 Β.
364 2673 397 2708 b.
417 2675 462 2719 τῷ
480 2674 565 2718 πρὸς
582 2673 685 2717 θῆρας
703 2673 794 2706 Edd.
814 2674 851 2706 τὸ
868 2672 1066 2717 προσθήρας
1083 2673 1162 2717 (sic)
1181 2675 1224 2707 A.
1512 2674 1544 2708 6.
1570 2675 1607 2708 δέ
1625 2687 1679 2709 as-

105 2726 284 2764 sumptum
302 2732 343 2754 ex
361 2720 451 2754 A.B.
633 2729 663 2765 7.
690 2718 823 2764 ὥσπερ]
848 2724 885 2759 -Ι-
905 2721 936 2752 οἱ
954 2720 1026 2761 ἐμοὶ
1044 2732 1061 2753 e
1080 2732 1143 2753 suo
1162 2720 1296 2763 Migne,
1343 2721 1410 2754 πᾶν
1426 2732 1489 2764 pro
1506 2724 1679 2767 προφῆται

105 2765 196 2800 Edd.
213 2767 491 2811 repugnantibus
509 2766 600 2800 Α.Β.
612 2766 646 2800 b.
775 2777 787 2799 I
799 2777 827 2800 1.
853 2768 1025 2802 παντελῶς
1042 2778 1104 2811 pro
1122 2768 1225 2811 τυχὸν
1242 2766 1276 2800 b.
1404 2778 1454 2811 13.
1480 2768 1679 2810 μεθιστῶσα

105 2811 195 2846 Edd.
209 2825 356 2858 repugn.
375 2814 465 2847 A.B.
480 2813 513 2847 b.
668 2824 720 2855 14.
748 2812 984 2857 ἡμαρτημένων
1000 2825 1063 2857 pro
1080 2813 1312 2857 ἐπηρτημένων
1329 2813 1388 2847 iid.
1406 2814 1522 2848 invitis
1540 2816 1629 2850 A.B.
1642 2816 1677 2850 b.

108 2868 161 2901 15.
187 2859 215 2893 εἷ
231 2859 292 2905 μὴ]
312 2861 391 2904 πρὶν
406 2859 445 2894 ἂν
464 2860 505 2894 Β.
829 2861 881 2894 16.
908 2861 1141 2905 προαναφάνοι
1160 2860 1202 2893 Β.
1220 2862 1466 2906 προαναφαίνοι
1485 2861 1576 2896 Edd.
1625 2864 1679 2897 καὶ

105 2913 323 2951 assumptum
341 2919 382 2940 ex
402 2907 444 2940 B.
565 2918 617 2950 19.
644 2904 898 2951 σχασθὴσεται]
919 2906 1125 2950 σταθήσεται
1160 2906 1197 2941 Ρ.
1215 2907 1306 2941 Edd.
1326 2907 1431 2952 (Co.)
1539 2920 1593 2954 23.
1620 2909 1678 2944 οὖν

105 2964 168 2997 pro
185 2952 225 2987 αὖ
242 2953 334 2987 Edd.
352 2954 468 2987 invitis
486 2953 628 2987 A.B.D.
818 2964 871 2995 24.
898 2952 966 2988 νυνὶ
984 2952 1054 2998 διὰ]
1075 2956 1131 2987 νῦν
1148 2953 1214 2987 ἰδία
1232 2954 1310 2997 (sic)
1329 2954 1372 2988 A.
1391 2957 1449 2989 νῦν
1465 2956 1518 2990 διὰ
1535 2956 1570 2991 b.
1618 2957 1679 3002 μὲν

94 3004 185 3048 *post
202 3003 266 3034 τῶν
284 3000 471 3043 στρουθίων
487 3008 527 3034 tr.
549 2999 640 3034 Edd.
658 3011 804 3045 repugn.
824 3000 911 3033 A.B.
924 3000 958 3034 b.
1010 3000 1094 3034 Post
1111 3004 1176 3035 τῶν
1193 3000 1288 3035 addit
1305 3002 1348 3037 ὡς
1365 3002 1409 3036 Α.
