2021 3434
97 242 120 282 i.
150 255 210 281 10.
566 241 637 281 IN
680 240 916 281 OSEAM.
977 239 1126 279 TOM.
1161 238 1194 277 Ι.
1614 237 1667 274 39

98 357 124 381 “
149 347 360 413 ποταμὸν
399 353 684 408 Βαβυλῶνος
720 349 812 399 ἐκεῖ
847 348 1139 409 ε’καθίσαμεν,
1177 347 1250 397 καὶ
1289 344 1585 405 ἐκλαύσαμεν
1623 343 1672 392 ἐν

97 439 124 462 “
149 435 215 500 τῷ
262 434 528 496 μνησθῆναι
574 432 692 495 ἡμᾶς
738 434 818 494 τῆς
869 430 1039 481 Σιών·”
1098 430 1189 497 ἔφη
1239 427 1286 480 δὲ
1330 426 1478 479 πάλιν
1517 433 1543 454 ‘⁶
1562 429 1674 479 Πῶς

98 521 127 543 “
152 512 332 582 ᾄσομεν
369 512 455 577 τὴν
494 511 617 581 ᾠδὴν
644 513 819 578 Κυρίου
850 513 924 563 ἐπὶ
950 514 1037 576 γῆς
1063 511 1320 576 ἀλλοτρίας
1340 510 1379 570 ;”
1421 508 1530 559 ἀλλ’
1562 508 1675 558 ὑπο-

98 595 417 659 νοστήσαντες
461 597 523 648 εἰς
562 593 884 660 Ἱεροσόλυμα,
927 597 1051 644 Θεοῦ
1090 593 1498 658 κατοικτείροντος,
1545 588 1676 640 οὐδὲν

56 696 78 734 5
98 678 238 742 ἧττον
264 676 389 741 ἦσάν
423 699 470 727 τε
508 677 582 726 καὶ
618 674 908 741 ὠνομάζοντο
947 673 1062 727 λαὸς
1089 677 1228 737 Θεοῦ,
1261 675 1337 724 καὶ
1370 672 1602 724 διετέλουν
1628 673 1676 722 ἐν

98 760 355 826 εὐημερίαις
416 756 717 823 λατρεύοντες
779 757 1043 822 ἐλευθέρως,
1094 758 1169 805 καὶ
1216 754 1300 808 τὰς
1351 754 1470 805 κατὰ
1533 752 1677 817 νόμον

98 847 338 894 τελοῦντες
371 839 550 892 θυσίας.
606 839 659 888 οὐ
696 837 789 905 γὰρ
820 839 931 907 ἐξῆν
964 837 1086 890 ὅλως
1117 837 1316 903 ἑτέρωσε
1350 859 1429 887 ποι
1464 841 1716 901 πληροῦνῡ

97 923 157 975 τὰ
195 921 487 989 διωρισμένα,
526 920 637 970 ἀλλ’
667 921 715 970 ἐν
749 919 906 983 μόνοις
944 924 1039 973 τοῖς
1064 919 1413 984 Ἰεροσολύμοις
1437 920 1512 968 καὶ
1536 919 1584 967 ἐν
1611 921 1676 986 τῷ

100 1009 208 1074 ναῷ,
235 1007 404 1073 σαφῶς
427 1007 509 1053 τοῦ
535 1000 611 1052 διὰ
638 1002 883 1055 Μωυσέως
908 1005 1268 1068 παρεγγυῶντος
1294 999 1437 1063 νόμου
1465 1006 1490 1028 “
1510 999 1676 1065 Πρόσ-

35 1094 128 1134 10“
152 1110 227 1154 εχε
273 1087 468 1153 σεαυτῷ,
513 1082 577 1147 μὴ
632 1083 877 1151 ἀνενέγκῃς
931 1082 990 1133 τὰ
1047 1079 1420 1145 ὁλοκαυτώματά
1475 1103 1567 1131 σου
1630 1081 1678 1131 ἐν

99 1177 126 1199 “
149 1170 287 1221 παντὶ
345 1164 491 1235 τόπῳ,
545 1167 654 1216 ἀλλ’
709 1165 737 1231 ἦ
784 1169 846 1220 εἷς
894 1164 976 1216 τὸν
1029 1163 1177 1216 τόπον
1228 1163 1281 1215 ὃν
1327 1163 1385 1215 ἂν
1435 1163 1679 1231 ἐκλέξηται

99 1258 125 1281 “
153 1250 324 1316 Κύριος
369 1250 393 1299 ὁ
436 1249 558 1302 Θεός
598 1271 702 1311 σου,
749 1249 841 1299 ἐκεῖ
880 1249 1188 1311 ἐπικληθῆναι
1232 1246 1286 1298 τὸ
1332 1245 1480 1310 ὄνομα
1523 1246 1678 1306 αὐτοῦ,

96 1340 126 1363 “
151 1334 244 1383 ἐκεῖ
285 1331 426 1385 οἴσεις
475 1330 534 1381 τὰ
586 1330 959 1394 ὁλοκαυτώματά
1010 1331 1141 1383 σου.”
1226 1331 1391 1380 οὐκοῦν
1441 1326 1672 1393 ὑποστρέ-

97 1418 264 1484 φοντες
305 1410 424 1464 κατὰ
465 1411 649 1479 καιροὺς
693 1413 742 1463 ἐν
783 1417 878 1467 τοῖς
920 1411 1285 1478 Ἱεροσολύμοις,
1332 1413 1408 1461 καὶ
1452 1408 1540 1474 τὴν
1585 1413 1679 1459 τῶν

31 1517 76 1556 15
96 1495 392 1566 ἀλλοφύλων
428 1493 858 1558 καταλιμπάνοντες
884 1497 990 1560 γῆν,
1018 1494 1166 1546 πάλιν
1198 1493 1434 1561 ἐπλήρουν
1459 1491 1519 1544 τὰ
1553 1514 1677 1542 νενο-

95 1577 298 1642 μισμένα
322 1575 404 1628 ’διὰ
437 1577 696 1639 Μωυσέως,
735 1575 1040 1644 ἐχρημάτιζόν
1069 1599 1118 1628 τε
1153 1574 1268 1630 λαός
1296 1579 1435 1627 Θεοῦ·
1486 1573 1603 1638 μετὰ
1629 1574 1684 1624 δέ
1701 1577 1728 1617 (1

95 1684 149 1727 γε
188 1659 271 1712 τὸν
314 1665 395 1711 τοῦ
444 1662 663 1726 Σωτῆρος
707 1657 929 1725 σταυρὸν,
969 1661 1044 1709 καὶ
1093 1658 1178 1723 τὴν
1220 1658 1471 1724 γενομένην
1523 1658 1677 1710 αὐτοῖς

94 1741 368 1809 πολιορκίαν
406 1763 456 1792 τε
487 1743 563 1792 καὶ
593 1739 844 1808 πόρθησιν,
875 1743 923 1792 ἐν
960 1746 1060 1795 ταῖς
1097 1745 1191 1792 τῶν
1230 1743 1376 1791 ε’θνῶν
1413 1739 1594 1791 πόλεσί
1627 1762 1676 1790 τε

95 1826 172 1875 καὶ
209 1825 381 1892 χώραις
419 1827 603 1875 πανοικὶ
645 1823 989 1891 διεσπάρησαν.
1068 1828 1169 1878 πῶς
1208 1824 1288 1874 οῦν
1327 1822 1514 1873 ε”σονται
1557 1820 1676 1872 κατὰ

30 1934 77 1959 20
95 1906 279 1974 καιροὺς
315 1910 376 1960 εἰς
411 1905 530 1957 λαὸν
557 1909 711 1967 Θεοῦ;
751 1903 841 1972 ἆρα
876 1904 933 1971 δὴ
960 1905 1106 1958 πάλιν
1141 1907 1189 1957 ἐν
1220 1911 1316 1960 τοῖς
1343 1904 1675 1972 Ιεροσολύμοις

96 1988 518 2053 ὑπονοστήσαντες,
553 1991 627 2039 καὶ
658 1990 706 2039 ἐν
740 1992 806 2058 τῷ
838 1991 934 2057 ναῷ
968 1987 1400 2055 συναγηγερμένοι;
1449 1988 1595 2052 ἤγουν
1627 1988 1675 2037 ἐν

95 2072 277 2125 ἐκείνοις
314 2069 442 2125 ὄντες
467 2076 564 2125 τοῖς
590 2068 762 2134 τόποις,
789 2071 988 2137 ἔνθαπερ
1021 2069 1109 2122 εἶεν
1139 2070 1195 2122 ἂν
1234 2071 1423 2122 ἕκαστοι
1453 2091 1674 2120 κατεσκε-

96 2153 349 2217 δασμένοις
393 2154 442 2204 τί
476 2159 626 2223 φησιν
666 2154 690 2204 ὁ
728 2151 1006 2221 προφήτης;
1047 2158 1118 2204 Ἐν
1168 2159 1229 2224 τῷ
1278 2152 1398 2223 τόπερ
1451 2151 1493 2203 οῦ
1548 2148 1675 2221 ε’ῤῥέθη

96 2239 242 2291 αὐτοῖς
277 2239 346 2287 Οὐ
386 2237 500 2290 λαός
538 2259 623 2301 μου
662 2238 802 2304 ὑμεῖς,
847 2241 924 2286 καὶ
965 2239 1085 2287 αὐτοὶ
1130 2234 1410 2297 κληθήσονται
1450 2239 1523 2285 υἱοὶ
1565 2234 1676 2284 Θεοῦ

31 2345 77 2384 25
97 2319 264 2389 ζῶντος.
340 2317 619 2369 ἀπώλισθον
669 2316 754 2382 μὲν
809 2315 902 2384 γὰρ
952 2323 1036 2368 τοῦ
1086 2315 1200 2369 εἶναι
1248 2316 1364 2371 λαὸς
1414 2320 1550 2377 Θεοῦ,
1600 2316 1715 2365 καὶθ

1261 2397 1279 2417 Α

96 2402 144 2452 ἐν
185 2404 285 2453 ταῖς
332 2402 426 2450 τῶν
469 2400 614 2450 ἐθνῶν
660 2398 988 2465 διεσπάρησαν
1027 2399 1213 2467 χώραις,
1260 2422 1284 2449 ο
1327 2400 1401 2449 καὶ
1443 2402 1503 2451 εἷς
1543 2399 1676 2463 δεῦρο

97 2481 361 2549 σωζόμενον
400 2481 576 2532 κατίδοι
619 2504 688 2534 τις
732 2480 802 2533 ἂν.
862 2482 971 2531 ἀλλ’
1018 2483 1065 2532 ἐν
1116 2480 1336 2548 ἐσχάτοις
1384 2485 1467 2530 τοῦ
1512 2482 1677 2531 αἰῶνος

231 2561 394 2592 “cc‘'

97 2584 283 2628 καιροις,
370 2585 482 2613 οταν
517 2561 570 2613 τὸ
608 2561 847 2629 πλήρωμα
884 2567 979 2613 τῶν
1017 2565 1163 2614 ἐθνῶν
1201 2560 1443 2630 εἷσέλθῃ,”
1476 2560 1579 2612 τότε
1618 2560 1676 2627 δη

145 2714 176 2737 2.
202 2702 278 2749 τῆς]
297 2702 356 2747 τὴν
373 2701 465 2737 Edd.
607 2714 639 2748 3.
665 2701 792 2748 ᾄσομεν
812 2703 904 2738 B.D.
922 2702 1058 2749 ᾄσωμεν
1076 2703 1166 2738 Edd.
1186 2703 1319 2749 (A.V.)
1496 2713 1528 2749 5.
1554 2704 1675 2747 ὀνομα-

98 2751 192 2792 ζοντο
211 2750 257 2784 D.
356 2758 386 2795 7.
413 2749 559 2793 ἑτέρωσε
575 2764 632 2784 ποι
649 2752 801 2794 πληροῦν
819 2751 866 2784 D.
885 2752 1029 2795 ἑτέρωσε
1047 2751 1265 2796 ἀποπληροῦν
1283 2750 1375 2785 Edd.
1498 2762 1550 2786 10.
1579 2751 1677 2786 Haec

98 2797 133 2830 ἐν
148 2797 247 2831 παντὶ
263 2798 356 2842 τόπῳ
373 2802 594 2831 accesserunt
610 2808 651 2830 ex
671 2797 716 2831 D.
864 2809 915 2831 12.
942 2798 1007 2831 ἐκεῖ
1024 2810 1093 2831 om.
1116 2798 1158 2831 D.
1294 2800 1346 2833 16.
1372 2797 1470 2843 λαὸς]
1491 2804 1527 2839 -Ι-
1549 2799 1661 2832 τοῦῘ)
1667 2825 1675 2832 .

103 2844 155 2877 18.
182 2847 247 2877 τῶν
264 2855 333 2877 om.
353 2843 398 2877 D.
592 2854 644 2888 19.
671 2844 753 2877 κατὰ
770 2844 903 2888 καιροὺς
922 2844 968 2878 D.
988 2845 1069 2878 κατὰ
1087 2845 1202 2889 καιρὸν
1220 2844 1312 2879 Edd.
1456 2856 1511 2879 20.
1540 2845 1604 2889 ι’ίρα
1624 2846 1670 2879 D.

101 2901 155 2924 21.
191 2889 484 2934 ὑπονοστήσαντες
515 2889 556 2924 Β.
562 2889 607 2924 D.
643 2890 934 2933 ὑπονοστὴσοντες
969 2891 1059 2925 Edd.
1089 2898 1168 2925 ante
1201 2892 1335 2937 Migne.
1437 2892 1677 2948 συνηγερμένοι

100 2935 188 2981 (Sic)
216 2936 307 2971 Edd.
638 2948 693 2972 22.
718 2934 758 2971 ἂν
784 2939 849 2971 εἰεν
872 2938 1009 2972 inverso
1034 2938 1156 2972 ordine
1179 2938 1226 2972 D.
1253 2953 1557 2983 κατεσκευασμενοι
1583 2938 1675 2973 Edd.

102 2982 156 3017 26.
149 2983 416 3065 .Βδι1ε)σπάρησαν
432 2983 574 3030 χώραις]
593 2984 759 3019 οἰκοῦντες
775 2985 899 3030 χώραις
920 2984 964 3019 D.
1108 2986 1163 3020 28.
1192 2986 1288 3021 Haec
1306 2987 1345 3031 δὴ
1362 2988 1438 3021 τότε
1456 2992 1676 3021 accesserunt

102 3041 142 3063 ex

1735 433 1790 463 Ps.

1734 476 1850 506 cxxxvi
1865 487 1894 513 4.

1738 997 1840 1046 Dfut.

1738 1052 1794 1071 xn.
1818 1050 1865 1081 13,

1738 2568 1834 2598 Rom.

1737 2612 1780 2642 xi.
1799 2621 1847 2651 25.
