2021 3434
310 185 395 223 496
701 185 749 225 B.
794 185 1065 225 CYRILLI
1104 186 1480 226 ALEXANDR.
1688 185 1757 225 vii.
1786 197 1876 238 1-3.

308 293 474 353 αὐτοῖς,
509 291 621 343 ποτὲ
664 291 749 354 μὲν
792 292 876 356 τὴν
917 296 965 344 ἐκ
1005 300 1270 357 Δαμασκοῦ
1309 298 1382 345 καὶ
1423 296 1585 360 Σύρων
1619 294 1879 361 ἐπικουρίαν

309 380 464 437 αἰτεῖν,
501 375 613 427 ποτὲ
646 376 693 427 δὲ
725 376 809 441 τὴν
843 382 935 428 τῶν
967 380 1235 444 Αἰγυπτίων
1271 379 1533 447 ὑποτρέχειν
1566 380 1736 447 χώραν,
1770 378 1878 429 ταύ-

269 480 290 506 e
311 458 445 524 τῃτοί
479 461 644 525 φησιν,
675 460 736 511 ὡς
776 458 881 514 ἔθνος
914 459 998 522 μὲν
1033 461 1102 511 ἐπ’
1135 462 1287 514 αὐτοῖς
1326 462 1486 529 ἐγείρει,
1525 464 1565 511 οἱ
1600 460 1647 511 δὲ
1681 461 1878 529 ἥξουσιν

308 539 552 602 εὑσθενεῖς,
592 540 828 604 τοσαύτην
870 542 1024 595 αὐτοῖς
1067 544 1437 609 ἐπιῤῥιπτοῦντες
1481 538 1659 609 θλίψιν,
1702 545 1764 595 ὡς
1813 541 1877 604 μὴ

308 624 506 688 ἰσχῦσαι
539 621 708 672 λοιπὸν
738 621 853 686 μήτε
878 628 938 677 εἰς
969 623 1119 691 Αἱμᾶιθ
1152 623 1361 686 εἰσελθεῖν,
1387 624 1501 687 μήτε
1533 628 1594 677 εἷς
1627 624 1877 695 χειμαίρῥουν
1897 636 1919 674 5

307 701 386 752 τῶν
428 699 614 770 δυσ-μῶν,
655 703 880 767 τουτέστι,
922 706 1035 768 μήτε
1076 705 1161 769 τὴν
1203 711 1480 769 Δαμασκοῦ,
1519 705 1633 769 μήτε
1671 704 1756 769 τὴν
1794 709 1878 756 Αἰ-

87 798 177 849 ῌξοὶ)
307 786 515 849 γυπτίων
564 785 759 848 δύναμιν
810 788 1009 837 καλέσαι
1055 787 1172 854 πρὸς
1223 789 1496 853 ἐπικουρίαν.
1566 795 1592 817 “
1613 791 1737 838 Θεοῦ
1786 786 1879 852 γὰρ

86 854 140 873 xu'
165 851 211 882 14·
307 873 334 894 ‘⁶
360 867 704 931 συγκλείοντος,
733 867 801 920 τίς
827 869 998 937 ἀνοίξει
1021 870 1064 930 ;”
1104 869 1223 920 κατὰ
1256 870 1310 920 τὸ
1345 869 1682 935 γεγραμμένον.
1748 873 1879 922 ποῖος

306 947 439 998 ἔσται
482 948 716 1015 σωτηρίας
757 950 942 1016 τρόπος,
985 956 1067 1002 τοῦ
1109 951 1263 1003 πάντα
1306 951 1550 1020 ἰσχύοντος
1585 954 1645 1005 εἷς
1683 951 1878 1016 ὄλεθρον

305 1031 674 1085 συνελαύνοντος
693 1053 704 1092 ;
1902 1054 1914 1077 1
1923 1054 1947 1078 0

85 1187 168 1221 323
183 1185 233 1220 A.
265 1195 288 1220 a

86 1283 188 1332 Κεφ.
206 1279 254 1328 ζ’.
306 1279 454 1321 Οὕτως
498 1279 633 1323 ἔδειξε
674 1295 744 1329 μοι
790 1281 948 1338 Κύριος,
989 1283 1057 1323 καὶ
1101 1281 1190 1323 ἰδοὺ
1232 1282 1402 1331 &ruf-ov&
1444 1282 1630 1340 ἀκρίδων
1670 1283 1874 1339 ὲρχομὲνΗ

264 1379 281 1402 2
371 1363 541 1414 ἑωθινὴ,
569 1364 636 1404 καὶ
665 1362 753 1404 ἰδοὺ
782 1370 956 1421 βροῦχοε
994 1362 1065 1406 εἶε-
1111 1365 1203 1414 ΓὼΓ
1233 1367 1255 1408 ὁ
1283 1368 1490 1416 βασιλεύς.
1550 1367 1618 1407 καὶ
1647 1366 1764 1408 ἔσται
1801 1366 1875 1406 ἐὰν

371 1449 595 1504 συντελέεῌ
627 1450 699 1488 τοῦ
730 1446 990 1504 καταφαΓεῖν
1023 1449 1095 1491 τὸν
1121 1451 1269 1506 χόρτον
1301 1455 1374 1492 τῆς
1406 1455 1488 1499 Γιῗιε,
1517 1450 1584 1490 καὶ
1621 1445 1719 1490 εἶπα
1755 1449 1875 1506 Κύριε

372 1531 486 1585 κύριε
523 1530 651 1571 ἵλεως
690 1534 817 1578 Γενοῦ·
856 1532 918 1573 τίς
961 1532 1187 1575 ἀναστήσει
1226 1533 1297 1575 τὸν
1333 1532 1514 1584 Ἰακωβ;
1557 1534 1620 1574 ὅτι
1656 1531 1875 1580 ὀλίΓοστὸε

206 1612 232 1651 b
263 1625 283 1660 3
369 1614 467 1655 ἐστι·
505 1616 770 1663 μετανόιισον
801 1616 919 1672 Κύριε
953 1616 1022 1658 ἐπὶ
1050 1619 1198 1671 τούτῳ.
1259 1618 1325 1658 καὶ
1351 1622 1476 1659 τοῦτο
1509 1618 1583 1658 οὐκ
1610 1618 1874 1668 ἔσται,»Λὲι-ει
1902 1627 1944 1664 15

373 1696 535 1753 Κύριος.

375 1825 442 1875 Τί
461 1823 515 1875 τὸ
541 1824 670 1880 ε”θνος
700 1825 754 1877 τὸ
786 1831 881 1880 τοῖς
918 1826 975 1895 ἐξ
995 1826 1196 1893 Ἰσραὴλ
1226 1828 1662 1895 ἐπενεχθησόμενον,
1688 1826 1716 1892 ἢ
1742 1832 1876 1879 ποῖον

301 1906 455 1960 αὐτοῖς
494 1908 611 1958 ἐπίοι
651 1906 706 1959 τὸ
749 1908 950 1970 βλάβος,
993 1910 1312 1961 ἀποκαλύπτει
1355 1913 1421 1979 τῷ
1464 1910 1696 1978 Προφήτῃ
1741 1910 1873 1964 Θεός·

302 1987 546 2055 ἁρμόζεται
583 1989 630 2040 δὲ
668 1995 762 2043 τοῖς
800 1991 963 2055 ἤθεσιν
1001 1993 1155 2054 αὐτοῦ,
1195 1994 1269 2042 καὶ
1308 1993 1362 2042 δι’
1398 1990 1462 2042 ὧν
1499 1990 1619 2043 οἶδεν
1657 1994 1872 2059 ἀκριβῶς,

301 2069 376 2120 διὰ
418 2072 596 2122 τούτων
639 2071 780 2123 αὐτὸν
823 2073 1031 2124 διδάσκει
1081 2074 1140 2124 τὰ
1182 2073 1567 2142 πραχθησόμενα.
1632 2075 1872 2125 πάνδεινον
1894 2093 1943 2118 20

298 2151 391 2219 γὰρ
418 2155 485 2204 ἀεὶ
511 2159 606 2207 τοῖς
631 2155 849 2217 ποιμέσιν
875 2153 993 2206 εἶναί
1022 2178 1071 2206 τε
1106 2159 1239 2219 δοκεῖ,
1267 2159 1340 2207 καὶ
1375 2156 1504 2207 ε”στιν
1535 2159 1722 2220 ἀληθῶς
1746 2161 1873 2224 ἀκρίς

298 2257 347 2286 τε
391 2237 465 2285 καὶ
513 2237 712 2304 βροῦχος·
770 2237 1131 2303 ἀποκειραμένης
1165 2238 1257 2304 γὰρ
1300 2236 1462 2305 ὥσπερ
1507 2239 1562 2289 δι’
1600 2240 1751 2289 αὐτῶν
1790 2241 1871 2302 τῆς

297 2314 432 2375 πόας,
469 2318 864 2386 καταφθείρεσθαι
909 2318 1077 2370 λοιπὸν
1120 2319 1300 2385 ἀνάγκη
1340 2319 1399 2370 τὰ
1436 2322 1642 2383 ποίμνια.
1708 2321 1872 2372 οὐκοῦν

259 2423 280 2450 c
299 2400 360 2453 ὡς
395 2400 576 2463 ποιμένι
610 2404 677 2470 τῷ
703 2399 936 2469 Προφήτῃ
962 2400 1082 2455 Θεὸς
1111 2401 1193 2456 τὰς
1224 2403 1273 2452 ἐκ
1307 2408 1389 2453 τοῦ
1420 2402 1629 2467 πολέμου
1663 2425 1870 2468 καταση-

346 2575 376 2598 1.
402 2565 504 2598 αὐτοῦ
521 2564 613 2599 Edd.
896 2578 928 2602 2.
953 2567 1153 2613 ἀποτρέχειν
1170 2568 1214 2602 Α.
1483 2580 1516 2614 3.
1542 2584 1593 2604 τοι
1611 2568 1706 2604 deest
1722 2569 1758 2603 in
1777 2569 1867 2604 Edd.

296 2610 409 2647 αὐτοῖς
425 2612 468 2646 Α.
486 2611 605 2648 αὐτοὺς
624 2612 666 2647 Β.
681 2611 773 2647 Edd.
824 2612 948 2647 Statim
965 2614 1086 2658 ἐγείρει
1103 2615 1146 2649 Α.
1166 2615 1274 2661 ἐγερεῖ
1292 2615 1382 2650 Edd.
1509 2626 1542 2661 5.
1567 2616 1649 2660 μήτε
1666 2617 1760 2661 prius
1777 2616 1867 2651 A.B.

296 2658 379 2701 μηδὲ
398 2658 490 2692 Edd.
776 2659 808 2693 6.
835 2660 894 2702 τὴν
910 2661 1006 2704 prius
1024 2668 1246 2706 assumptum
1263 2674 1304 2696 ex
1320 2662 1412 2696 A.B.
1460 2663 1520 2706 τὴν
1536 2662 1611 2707 alt.]
1635 2667 1671 2704 -Ι-
1692 2667 1757 2697 τῶν
1775 2662 1870 2702 Edd,

298 2711 328 2747 7.
355 2704 497 2739 καλέσαι
514 2705 604 2739 Α.Β.
623 2706 836 2741 καλέσασθαι
855 2707 946 2742 Edd.
995 2708 1060 2752 γὰρ
1079 2720 1149 2742 om.
1167 2709 1210 2742 A.
1489 2721 1540 2744 11.
1567 2708 1703 2755 Κύριος]
1727 2713 1762 2750 -ff-
1785 2711 1869 2746 Θεὸς

296 2749 389 2784 Edd.
406 2751 520 2786 invitis
538 2752 669 2786 A.B.F.
689 2753 821 2797 (Alex.)
999 2765 1050 2789 12.
1076 2753 1138 2799 εἷς]
1159 2755 1205 2791 εἷς
1223 2755 1354 2801 A.(87,
1373 2766 1448 2802 153,
1464 2755 1649 2801 198,311.)
1667 2755 1705 2799 ἦν
1723 2756 1759 2790 F.
1775 2756 1866 2791 Edd.

296 2798 315 2829 ὁ
332 2808 402 2831 om.
422 2797 459 2832 F.
478 2798 570 2833 Edd.
589 2799 661 2842 (42,
680 2799 736 2840 86,
759 2800 852 2845 147.)
901 2801 954 2835 καὶ
971 2802 1030 2835 alt.
1049 2813 1118 2835 om.
1136 2802 1179 2835 A.
1419 2814 1470 2846 14.
1499 2803 1583 2837 διότι
1602 2803 1638 2836 F.
1658 2802 1748 2837 Edd.
1767 2801 1865 2847 (Co.)

300 2851 352 2887 17.
377 2844 418 2877 Τί
433 2844 525 2879 Α.Β.
537 2844 581 2879 ‘¹0
598 2860 630 2880 τι
648 2845 740 2880 Edd.
1045 2849 1097 2882 18.
1124 2849 1225 2882 αὐτοῦ
1243 2848 1303 2883 iid.
1353 2849 1477 2883 Statim
1495 2849 1581 2884 ἐπίοι
1599 2849 1640 2883 Β.
1659 2849 1787 2883 ἐποίσει
1806 2849 1865 2885 iid-

296 2891 381 2924 Θεός
397 2895 619 2935 assumptum
637 2904 678 2926 ex
695 2893 787 2927 A.B.
1029 2905 1081 2939 19.
1108 2892 1196 2929 οἶδεν
1213 2895 1368 2940 ἀκριβῶς,
1387 2896 1441 2931 διὰ
1457 2896 1582 2932 τούτων
1599 2896 1698 2929 αὐτὸν
1717 2895 1757 2929 B.
1777 2893 1865 2930 οἶδεν

294 2934 381 2979 ἀκρ.,
399 2937 453 2970 διὰ
469 2938 594 2972 τούτων
611 2939 718 2974 αὐτῶν
734 2940 778 2973 Α.
796 2937 877 2982 οἶδε,
896 2939 949 2975 διὰ
966 2940 1091 2977 τούτων
1107 2941 1251 2987 ἀκριβῶς
1271 2942 1362 2978 Edd.
1609 2952 1663 2976 22.
1688 2941 1863 2987 ἀποκειρα-

295 2981 392 3025 μένης
409 2982 453 3018 Α.
469 2983 663 3029 ἀποκειρομ.
683 2985 725 3020 Β.
745 2986 836 3022 Edd.
