<?xml version="1.0" encoding="UTF-8"?>
<!DOCTYPE html PUBLIC "-//W3C//DTD XHTML 1.0 Transitional//EN"
    "http://www.w3.org/TR/xhtml1/DTD/xhtml1-transitional.dtd">
<html xmlns="http://www.w3.org/1999/xhtml" xml:lang="en" lang="en">
 <head>
  <title>
</title>
<meta http-equiv="Content-Type" content="text/html;charset=utf-8" />
  <meta name='ocr-system' content='tesseract 3.04.00' />
  <meta name='ocr-capabilities' content='ocr_page ocr_carea ocr_par ocr_line ocrx_word'/>
</head>
<body>
  <div class='ocr_page' id='page_1' title='image "./operacyrilli01cyriuoft/operacyrilli01cyriuoft_0611.png"; bbox 0 0 2021 3434; ppageno 0'>
   <div class='ocr_carea' id='block_1_1' title="bbox 744 193 1700 239">
    <p class='ocr_par' dir='ltr' id='par_1_1' title="bbox 744 193 1700 239">
     <span class='ocr_line' id='line_1_1' title="bbox 744 193 1700 239; baseline 0.003 -4"><span class='ocrx_word' id='word_1_1' title='bbox 744 193 821 235; x_wconf 93' lang='lat' dir='ltr'>IN</span> <span class='ocrx_word' id='word_1_2' title='bbox 862 194 1102 237; x_wconf 88' lang='lat' dir='ltr'><strong>IONAM.</strong></span> <span class='ocrx_word' id='word_1_3' title='bbox 1619 198 1700 239; x_wconf 84' lang='lat'>561</span> 
     </span>
    </p>
   </div>
   <div class='ocr_carea' id='block_1_2' title="bbox 25 300 1907 2505">
    <p class='ocr_par' dir='ltr' id='par_1_2' title="bbox 25 300 1907 2505">
     <span class='ocr_line' id='line_1_2' title="bbox 121 300 1701 371; baseline 0.005 -25"><span class='ocrx_word' id='word_1_4' title='bbox 121 302 403 362; x_wconf 82' lang='grc' dir='ltr'>προσκυνεῖν</span> <span class='ocrx_word' id='word_1_5' title='bbox 444 300 715 364; x_wconf 78' lang='grc' dir='ltr'>ἀναπείσας,</span> <span class='ocrx_word' id='word_1_6' title='bbox 758 304 866 353; x_wconf 85' lang='grc' dir='ltr'>ἀλλ’</span> <span class='ocrx_word' id='word_1_7' title='bbox 910 304 1065 371; x_wconf 61' lang='grc' dir='ltr'>ἑτεῙοου</span> <span class='ocrx_word' id='word_1_8' title='bbox 1109 304 1255 355; x_wconf 79' lang='grc' dir='ltr'>πάλιν</span> <span class='ocrx_word' id='word_1_9' title='bbox 1294 302 1541 371; x_wconf 81' lang='grc' dir='ltr'>Ἱεροβοάμ</span> <span class='ocrx_word' id='word_1_10' title='bbox 1583 304 1701 367; x_wconf 79' lang='grc' dir='ltr'>μετὰ</span> 
     </span>
     <span class='ocr_line' id='line_1_3' title="bbox 118 378 1700 452; baseline 0.006 -24"><span class='ocrx_word' id='word_1_11' title='bbox 118 378 330 432; x_wconf 77' lang='grc' dir='ltr'>πολλοὺς</span> <span class='ocrx_word' id='word_1_12' title='bbox 392 380 657 446; x_wconf 79' lang='grc' dir='ltr'>γεγονότος·</span> <span class='ocrx_word' id='word_1_13' title='bbox 725 385 827 435; x_wconf 89' lang='grc' dir='ltr'>τίνα</span> <span class='ocrx_word' id='word_1_14' title='bbox 879 384 927 436; x_wconf 78' lang='grc' dir='ltr'>δὲ</span> <span class='ocrx_word' id='word_1_15' title='bbox 982 386 1355 452; x_wconf 87' lang='grc' dir='ltr'>προανήγγειλεν</span> <span class='ocrx_word' id='word_1_16' title='bbox 1406 387 1431 437; x_wconf 82' lang='grc' dir='ltr'>ὁ</span> <span class='ocrx_word' id='word_1_17' title='bbox 1474 385 1700 451; x_wconf 78' lang='grc' dir='ltr'>μακάριος</span> 
     </span>
     <span class='ocr_line' id='line_1_4' title="bbox 116 459 1907 562; baseline 0.006 -53"><span class='ocrx_word' id='word_1_18' title='bbox 116 459 290 523; x_wconf 85' lang='grc' dir='ltr'>Ἰωνᾶς,</span> <span class='ocrx_word' id='word_1_19' title='bbox 333 462 597 531; x_wconf 78' lang='grc' dir='ltr'>διεσάφησε</span> <span class='ocrx_word' id='word_1_20' title='bbox 641 465 782 531; x_wconf 72' lang='grc' dir='ltr'>λε’γον</span> <span class='ocrx_word' id='word_1_21' title='bbox 822 474 849 496; x_wconf 74' lang='lat'>‘⁶</span> <span class='ocrx_word' id='word_1_22' title='bbox 869 467 1023 521; x_wconf 75' lang='grc' dir='ltr'>Οὗτος</span> <span class='ocrx_word' id='word_1_23' title='bbox 1060 468 1301 532; x_wconf 78' lang='grc' dir='ltr'>ἀπέστησε</span> <span class='ocrx_word' id='word_1_24' title='bbox 1344 468 1397 519; x_wconf 80' lang='grc' dir='ltr'>τὸ</span> <span class='ocrx_word' id='word_1_25' title='bbox 1437 468 1563 534; x_wconf 78' lang='grc' dir='ltr'>ὅριον</span> <span class='ocrx_word' id='word_1_26' title='bbox 1599 469 1698 518; x_wconf 86' lang='grc' dir='ltr'>Ἰσ-</span> <span class='ocrx_word' id='word_1_27' title='bbox 1760 478 1907 562; x_wconf 44' lang='grc' dir='ltr'>ἓξὲξ-</span> 
     </span>
     <span class='ocr_line' id='line_1_5' title="bbox 117 541 1859 617; baseline 0.01 -27"><span class='ocrx_word' id='word_1_28' title='bbox 117 548 143 571; x_wconf 81' lang='grc'><strong>“</strong></span> <span class='ocrx_word' id='word_1_29' title='bbox 166 541 292 607; x_wconf 82' lang='grc' dir='ltr'>ραὴλ</span> <span class='ocrx_word' id='word_1_30' title='bbox 328 543 420 595; x_wconf 81' lang='grc' dir='ltr'>ἀπὸ</span> <span class='ocrx_word' id='word_1_31' title='bbox 456 545 641 598; x_wconf 82' lang='grc' dir='ltr'>εἰσόδου</span> <span class='ocrx_word' id='word_1_32' title='bbox 668 547 829 610; x_wconf 76' lang='grc' dir='ltr'>Αἷμάθ</span> <span class='ocrx_word' id='word_1_33' title='bbox 861 550 944 602; x_wconf 77' lang='grc' dir='ltr'>ἕως</span> <span class='ocrx_word' id='word_1_34' title='bbox 979 553 1061 614; x_wconf 79' lang='grc' dir='ltr'>τῆς</span> <span class='ocrx_word' id='word_1_35' title='bbox 1100 550 1355 614; x_wconf 78' lang='grc' dir='ltr'>θαλάσσης</span> <span class='ocrx_word' id='word_1_36' title='bbox 1387 550 1696 617; x_wconf 77' lang='grc' dir='ltr'>τῆς”Αραβα,</span> <span class='ocrx_word' id='word_1_37' title='bbox 1760 547 1826 606; x_wconf 42' lang='lat' dir='ltr'>27s</span> <span class='ocrx_word' id='word_1_38' title='bbox 1847 546 1859 552; x_wconf 38' lang='lat'><strong>⁸</strong></span> 
     </span>
     <span class='ocr_line' id='line_1_6' title="bbox 69 623 1697 700; baseline 0.006 -27"><span class='ocrx_word' id='word_1_39' title='bbox 69 637 93 675; x_wconf 90' lang='lat'>5</span> <span class='ocrx_word' id='word_1_40' title='bbox 114 629 142 652; x_wconf 68' lang='lat'>‘⁵</span> <span class='ocrx_word' id='word_1_41' title='bbox 167 623 285 674; x_wconf 77' lang='grc' dir='ltr'>κατὰ</span> <span class='ocrx_word' id='word_1_42' title='bbox 319 624 372 676; x_wconf 78' lang='grc' dir='ltr'>τὸ</span> <span class='ocrx_word' id='word_1_43' title='bbox 407 628 532 692; x_wconf 78' lang='grc' dir='ltr'>ῥῆμα</span> <span class='ocrx_word' id='word_1_44' title='bbox 562 631 738 695; x_wconf 83' lang='grc' dir='ltr'>Κυρίου</span> <span class='ocrx_word' id='word_1_45' title='bbox 770 634 894 681; x_wconf 80' lang='grc' dir='ltr'>Θεοῦ</span> <span class='ocrx_word' id='word_1_46' title='bbox 919 631 1132 697; x_wconf 84' lang='grc' dir='ltr'>Ἰσραὴλ,</span> <span class='ocrx_word' id='word_1_47' title='bbox 1167 631 1191 683; x_wconf 74' lang='grc' dir='ltr'>ὃ</span> <span class='ocrx_word' id='word_1_48' title='bbox 1225 633 1463 697; x_wconf 78' lang='grc' dir='ltr'>ἐλάλησεν</span> <span class='ocrx_word' id='word_1_49' title='bbox 1496 634 1544 683; x_wconf 83' lang='grc' dir='ltr'>ἐν</span> <span class='ocrx_word' id='word_1_50' title='bbox 1578 635 1697 700; x_wconf 78' lang='grc' dir='ltr'>χειρὶ</span> 
     </span>
     <span class='ocr_line' id='line_1_7' title="bbox 112 706 1695 782; baseline 0.007 -27"><span class='ocrx_word' id='word_1_51' title='bbox 112 711 140 734; x_wconf 85' lang='lat'><strong>“</strong></span> <span class='ocrx_word' id='word_1_52' title='bbox 166 706 337 757; x_wconf 84' lang='grc' dir='ltr'>δούλου</span> <span class='ocrx_word' id='word_1_53' title='bbox 382 709 522 760; x_wconf 81' lang='grc' dir='ltr'>αὐτοῦ</span> <span class='ocrx_word' id='word_1_54' title='bbox 562 711 699 761; x_wconf 87' lang='grc' dir='ltr'>Ἰωνᾶ</span> <span class='ocrx_word' id='word_1_55' title='bbox 751 715 849 762; x_wconf 78' lang='grc' dir='ltr'>υἱοῦ</span> <span class='ocrx_word' id='word_1_56' title='bbox 893 714 1068 777; x_wconf 82' lang='grc' dir='ltr'>Ἀμαθὶ</span> <span class='ocrx_word' id='word_1_57' title='bbox 1112 719 1193 765; x_wconf 92' lang='grc' dir='ltr'>τοῦ</span> <span class='ocrx_word' id='word_1_58' title='bbox 1236 720 1484 782; x_wconf 88' lang='grc' dir='ltr'>προφητοῦ</span> <span class='ocrx_word' id='word_1_59' title='bbox 1523 721 1604 765; x_wconf 88' lang='grc' dir='ltr'>τοῦ</span> <span class='ocrx_word' id='word_1_60' title='bbox 1645 716 1695 767; x_wconf 81' lang='grc' dir='ltr'>ἐκ</span> 
     </span>
     <span class='ocr_line' id='line_1_8' title="bbox 111 789 1694 862; baseline 0.006 -26"><span class='ocrx_word' id='word_1_61' title='bbox 111 793 138 815; x_wconf 86' lang='grc'><strong><em>“</em></strong></span> <span class='ocrx_word' id='word_1_62' title='bbox 164 791 203 838; x_wconf 93' lang='grc' dir='ltr'><strong>Γ</strong></span> <span class='ocrx_word' id='word_1_63' title='bbox 205 789 417 855; x_wconf 77' lang='grc' dir='ltr'>εθχοβέρ.</span> <span class='ocrx_word' id='word_1_64' title='bbox 487 791 555 842; x_wconf 80' lang='grc' dir='ltr'>ὅτι</span> <span class='ocrx_word' id='word_1_65' title='bbox 590 794 736 843; x_wconf 82' lang='grc' dir='ltr'>ἐπεῖδε</span> <span class='ocrx_word' id='word_1_66' title='bbox 765 794 937 859; x_wconf 82' lang='grc' dir='ltr'>Κύριος</span> <span class='ocrx_word' id='word_1_67' title='bbox 969 797 1041 846; x_wconf 77' lang='grc' dir='ltr'>ἐπὶ</span> <span class='ocrx_word' id='word_1_68' title='bbox 1067 795 1152 858; x_wconf 79' lang='grc' dir='ltr'>τὴν</span> <span class='ocrx_word' id='word_1_69' title='bbox 1183 796 1466 847; x_wconf 89' lang='grc' dir='ltr'>ταπείνωσιν</span> <span class='ocrx_word' id='word_1_70' title='bbox 1493 795 1694 862; x_wconf 87' lang='grc' dir='ltr'>Ἰσραὴλ</span> 
     </span>
     <span class='ocr_line' id='line_1_9' title="bbox 111 868 1694 944; baseline 0.006 -26"><span class='ocrx_word' id='word_1_71' title='bbox 111 875 137 898; x_wconf 85' lang='grc'><strong>“</strong></span> <span class='ocrx_word' id='word_1_72' title='bbox 161 868 332 935; x_wconf 77' lang='grc' dir='ltr'>πικρὰν</span> <span class='ocrx_word' id='word_1_73' title='bbox 366 871 574 939; x_wconf 90' lang='grc' dir='ltr'>σφόδρα·</span> <span class='ocrx_word' id='word_1_74' title='bbox 622 877 697 925; x_wconf 80' lang='grc' dir='ltr'>καὶ</span> <span class='ocrx_word' id='word_1_75' title='bbox 735 874 1015 941; x_wconf 76' lang='grc' dir='ltr'>ὀλιγοστοῦς</span> <span class='ocrx_word' id='word_1_76' title='bbox 1055 878 1393 944; x_wconf 74' lang='grc' dir='ltr'>συνεχομένους</span> <span class='ocrx_word' id='word_1_77' title='bbox 1429 880 1502 928; x_wconf 77' lang='grc' dir='ltr'>καὶ</span> <span class='ocrx_word' id='word_1_78' title='bbox 1544 880 1694 929; x_wconf 84' lang='grc' dir='ltr'>ἐσπα-</span> 
     </span>
     <span class='ocr_line' id='line_1_10' title="bbox 109 953 1693 1024; baseline 0.006 -24"><span class='ocrx_word' id='word_1_79' title='bbox 109 958 135 980; x_wconf 84' lang='grc'><strong>“</strong></span> <span class='ocrx_word' id='word_1_80' title='bbox 163 953 407 1015; x_wconf 75' lang='grc' dir='ltr'>νισμένους</span> <span class='ocrx_word' id='word_1_81' title='bbox 443 958 517 1006; x_wconf 78' lang='grc' dir='ltr'>καὶ</span> <span class='ocrx_word' id='word_1_82' title='bbox 552 957 1072 1022; x_wconf 73' lang='grc' dir='ltr'>ἐγκαταλελειμμένους·</span> <span class='ocrx_word' id='word_1_83' title='bbox 1115 961 1189 1009; x_wconf 75' lang='grc' dir='ltr'>καὶ</span> <span class='ocrx_word' id='word_1_84' title='bbox 1228 961 1310 1010; x_wconf 77' lang='grc' dir='ltr'>οὐκ</span> <span class='ocrx_word' id='word_1_85' title='bbox 1348 958 1405 1023; x_wconf 81' lang='grc' dir='ltr'>ἧν</span> <span class='ocrx_word' id='word_1_86' title='bbox 1444 961 1468 1010; x_wconf 84' lang='grc' dir='ltr'><em>ὁ</em></span> <span class='ocrx_word' id='word_1_87' title='bbox 1503 964 1693 1024; x_wconf 78' lang='grc' dir='ltr'>βοηθῶν</span> 
     </span>
     <span class='ocr_line' id='line_1_11' title="bbox 41 1034 1691 1110; baseline 0.007 -28"><span class='ocrx_word' id='word_1_88' title='bbox 41 1039 134 1073; x_wconf 77' lang='lat'>¹0⁶⁴</span> <span class='ocrx_word' id='word_1_89' title='bbox 159 1037 226 1102; x_wconf 74' lang='grc' dir='ltr'>τῷ</span> <span class='ocrx_word' id='word_1_90' title='bbox 275 1034 493 1101; x_wconf 88' lang='grc' dir='ltr'>Ἰσραήλ·</span> <span class='ocrx_word' id='word_1_91' title='bbox 576 1041 651 1088; x_wconf 82' lang='grc' dir='ltr'>καὶ</span> <span class='ocrx_word' id='word_1_92' title='bbox 714 1040 796 1089; x_wconf 78' lang='grc' dir='ltr'>οὐκ</span> <span class='ocrx_word' id='word_1_93' title='bbox 852 1038 1064 1103; x_wconf 79' lang='grc' dir='ltr'>ε’λοῖλησε</span> <span class='ocrx_word' id='word_1_94' title='bbox 1115 1040 1286 1107; x_wconf 79' lang='grc' dir='ltr'>Κύριος</span> <span class='ocrx_word' id='word_1_95' title='bbox 1336 1042 1587 1110; x_wconf 77' lang='grc' dir='ltr'>ἐξαλεῖψαι</span> <span class='ocrx_word' id='word_1_96' title='bbox 1637 1042 1691 1093; x_wconf 83' lang='grc' dir='ltr'>τὸ</span> 
     </span>
     <span class='ocr_line' id='line_1_12' title="bbox 106 1115 1691 1186; baseline 0.007 -21"><span class='ocrx_word' id='word_1_97' title='bbox 106 1121 134 1143; x_wconf 84' lang='grc'><strong>“</strong></span> <span class='ocrx_word' id='word_1_98' title='bbox 159 1115 351 1181; x_wconf 76' lang='grc' dir='ltr'>σπέρμα</span> <span class='ocrx_word' id='word_1_99' title='bbox 391 1117 688 1170; x_wconf 78' lang='grc' dir='ltr'>ὑποκάτωθεν</span> <span class='ocrx_word' id='word_1_100' title='bbox 726 1126 808 1170; x_wconf 92' lang='grc' dir='ltr'>τοῦ</span> <span class='ocrx_word' id='word_1_101' title='bbox 844 1122 1055 1186; x_wconf 83' lang='grc' dir='ltr'>οὐρανοῦ·</span> <span class='ocrx_word' id='word_1_102' title='bbox 1098 1124 1173 1172; x_wconf 76' lang='grc' dir='ltr'>καὶ</span> <span class='ocrx_word' id='word_1_103' title='bbox 1216 1123 1398 1173; x_wconf 77' lang='grc' dir='ltr'>ε”σωσεν</span> <span class='ocrx_word' id='word_1_104' title='bbox 1437 1124 1603 1178; x_wconf 75' lang='grc' dir='ltr'>αὐτοὺς</span> <span class='ocrx_word' id='word_1_105' title='bbox 1641 1127 1691 1176; x_wconf 85' lang='grc' dir='ltr'>ἐκ</span> 
     </span>
     <span class='ocr_line' id='line_1_13' title="bbox 104 1198 1688 1273; baseline 0.008 -28"><span class='ocrx_word' id='word_1_106' title='bbox 104 1202 132 1224; x_wconf 87' lang='grc'><strong>“</strong></span> <span class='ocrx_word' id='word_1_107' title='bbox 157 1198 311 1263; x_wconf 85' lang='grc' dir='ltr'>χειρὸς</span> <span class='ocrx_word' id='word_1_108' title='bbox 344 1199 590 1265; x_wconf 80' lang='grc' dir='ltr'>Ἱεροβοάμ</span> <span class='ocrx_word' id='word_1_109' title='bbox 625 1205 723 1252; x_wconf 80' lang='grc' dir='ltr'>υἱοῦ</span> <span class='ocrx_word' id='word_1_110' title='bbox 753 1202 929 1257; x_wconf 79' lang='grc' dir='ltr'>Ἰωοῖς.”</span> <span class='ocrx_word' id='word_1_111' title='bbox 982 1202 1036 1254; x_wconf 81' lang='grc' dir='ltr'>τὸ</span> <span class='ocrx_word' id='word_1_112' title='bbox 1072 1204 1120 1255; x_wconf 79' lang='grc' dir='ltr'>δὲ</span> <span class='ocrx_word' id='word_1_113' title='bbox 1152 1206 1201 1255; x_wconf 88' lang='grc' dir='ltr'>ἐκ</span> <span class='ocrx_word' id='word_1_114' title='bbox 1228 1205 1380 1272; x_wconf 86' lang='grc' dir='ltr'>χειρός</span> <span class='ocrx_word' id='word_1_115' title='bbox 1407 1210 1558 1273; x_wconf 85' lang='grc' dir='ltr'>φησιν</span> <span class='ocrx_word' id='word_1_116' title='bbox 1586 1208 1688 1258; x_wconf 83' lang='grc' dir='ltr'>ἀντὶ</span> 
     </span>
     <span class='ocr_line' id='line_1_14' title="bbox 101 1278 1687 1354; baseline 0.008 -27"><span class='ocrx_word' id='word_1_117' title='bbox 101 1284 185 1328; x_wconf 88' lang='grc' dir='ltr'>τοῦ</span> <span class='ocrx_word' id='word_1_118' title='bbox 222 1278 297 1328; x_wconf 75' lang='grc' dir='ltr'>διὰ</span> <span class='ocrx_word' id='word_1_119' title='bbox 328 1279 496 1348; x_wconf 83' lang='grc' dir='ltr'>χειρός.</span> <span class='ocrx_word' id='word_1_120' title='bbox 565 1282 813 1348; x_wconf 79' lang='grc' dir='ltr'>Ἱεροβοὰμ</span> <span class='ocrx_word' id='word_1_121' title='bbox 840 1283 946 1351; x_wconf 76' lang='grc' dir='ltr'>γὰρ,</span> <span class='ocrx_word' id='word_1_122' title='bbox 973 1287 1035 1339; x_wconf 83' lang='grc' dir='ltr'>ὡς</span> <span class='ocrx_word' id='word_1_123' title='bbox 1061 1286 1192 1354; x_wconf 76' lang='grc' dir='ltr'>ἔφην,</span> <span class='ocrx_word' id='word_1_124' title='bbox 1221 1288 1245 1337; x_wconf 85' lang='grc' dir='ltr'>ὁ</span> <span class='ocrx_word' id='word_1_125' title='bbox 1272 1293 1354 1338; x_wconf 88' lang='grc' dir='ltr'>τοῦ</span> <span class='ocrx_word' id='word_1_126' title='bbox 1381 1286 1515 1342; x_wconf 80' lang='grc' dir='ltr'>Ἰωάς</span> <span class='ocrx_word' id='word_1_127' title='bbox 1541 1311 1687 1340; x_wconf 90' lang='grc' dir='ltr'>πεπο-</span> 
     </span>
     <span class='ocr_line' id='line_1_15' title="bbox 101 1359 1728 1436; baseline 0.009 -28"><span class='ocrx_word' id='word_1_128' title='bbox 101 1359 273 1424; x_wconf 75' lang='grc' dir='ltr'>λέμηκε</span> <span class='ocrx_word' id='word_1_129' title='bbox 303 1362 421 1428; x_wconf 83' lang='grc' dir='ltr'>πρὸς</span> <span class='ocrx_word' id='word_1_130' title='bbox 450 1363 556 1417; x_wconf 76' lang='grc' dir='ltr'>τοὺς</span> <span class='ocrx_word' id='word_1_131' title='bbox 588 1366 911 1433; x_wconf 80' lang='grc' dir='ltr'>ἀλλοφύλους,</span> <span class='ocrx_word' id='word_1_132' title='bbox 940 1369 1014 1418; x_wconf 77' lang='grc' dir='ltr'>καὶ</span> <span class='ocrx_word' id='word_1_133' title='bbox 1039 1368 1201 1422; x_wconf 88' lang='grc' dir='ltr'>πόλεις</span> <span class='ocrx_word' id='word_1_134' title='bbox 1228 1370 1576 1435; x_wconf 79' lang='grc' dir='ltr'>διηρπασμένας</span> <span class='ocrx_word' id='word_1_135' title='bbox 1602 1375 1684 1436; x_wconf 82' lang='grc' dir='ltr'>τῆς</span> <span class='ocrx_word' id='word_1_136' title='bbox 1702 1387 1728 1428; x_wconf 87' lang='lat' dir='ltr'>b</span> 
     </span>
     <span class='ocr_line' id='line_1_16' title="bbox 26 1441 1685 1518; baseline 0.01 -29"><span class='ocrx_word' id='word_1_137' title='bbox 26 1441 336 1500; x_wconf 75' lang='grc' dir='ltr'>ἰῑ5Ἰουδαίων</span> <span class='ocrx_word' id='word_1_138' title='bbox 371 1447 457 1510; x_wconf 82' lang='grc' dir='ltr'>γῆς</span> <span class='ocrx_word' id='word_1_139' title='bbox 492 1446 569 1514; x_wconf 84' lang='grc' dir='ltr'>ὑφ’</span> <span class='ocrx_word' id='word_1_140' title='bbox 606 1446 769 1498; x_wconf 77' lang='grc' dir='ltr'>ἑαυτὸν</span> <span class='ocrx_word' id='word_1_141' title='bbox 807 1449 1053 1513; x_wconf 90' lang='grc' dir='ltr'>πεποίηται</span> <span class='ocrx_word' id='word_1_142' title='bbox 1090 1450 1250 1513; x_wconf 80' lang='grc' dir='ltr'>πάλιν,</span> <span class='ocrx_word' id='word_1_143' title='bbox 1283 1454 1357 1502; x_wconf 74' lang='grc' dir='ltr'>καὶ</span> <span class='ocrx_word' id='word_1_144' title='bbox 1395 1453 1685 1518; x_wconf 78' lang='grc' dir='ltr'>βεβοήθηκεν</span> 
     </span>
     <span class='ocr_line' id='line_1_17' title="bbox 100 1524 1686 1600; baseline 0.008 -27"><span class='ocrx_word' id='word_1_145' title='bbox 100 1524 154 1574; x_wconf 83' lang='grc' dir='ltr'>οὐ</span> <span class='ocrx_word' id='word_1_146' title='bbox 187 1526 382 1592; x_wconf 85' lang='grc' dir='ltr'>μετρίως</span> <span class='ocrx_word' id='word_1_147' title='bbox 421 1532 516 1582; x_wconf 85' lang='grc' dir='ltr'>τοῖς</span> <span class='ocrx_word' id='word_1_148' title='bbox 555 1529 611 1598; x_wconf 76' lang='grc' dir='ltr'>ἐξ</span> <span class='ocrx_word' id='word_1_149' title='bbox 641 1529 857 1596; x_wconf 77' lang='grc' dir='ltr'>Ἰσραὴλ,</span> <span class='ocrx_word' id='word_1_150' title='bbox 898 1535 1023 1582; x_wconf 80' lang='grc' dir='ltr'>Θεοῦ</span> <span class='ocrx_word' id='word_1_151' title='bbox 1062 1533 1436 1600; x_wconf 72' lang='grc' dir='ltr'>προασπίζοντος</span> <span class='ocrx_word' id='word_1_152' title='bbox 1473 1537 1548 1585; x_wconf 84' lang='grc' dir='ltr'>καὶ</span> <span class='ocrx_word' id='word_1_153' title='bbox 1587 1538 1686 1586; x_wconf 87' lang='grc' dir='ltr'>δια-</span> 
     </span>
     <span class='ocr_line' id='line_1_18' title="bbox 100 1605 1687 1682; baseline 0.008 -26"><span class='ocrx_word' id='word_1_154' title='bbox 100 1605 265 1672; x_wconf 75' lang='grc' dir='ltr'>σώζειν</span> <span class='ocrx_word' id='word_1_155' title='bbox 299 1609 554 1673; x_wconf 77' lang='grc' dir='ltr'>ἐθέλοντος,</span> <span class='ocrx_word' id='word_1_156' title='bbox 599 1612 746 1662; x_wconf 86' lang='grc' dir='ltr'>καίτοι</span> <span class='ocrx_word' id='word_1_157' title='bbox 789 1611 909 1679; x_wconf 82' lang='grc' dir='ltr'>πρὸς</span> <span class='ocrx_word' id='word_1_158' title='bbox 946 1614 1087 1682; x_wconf 74' lang='grc' dir='ltr'>λῆξιν</span> <span class='ocrx_word' id='word_1_159' title='bbox 1125 1615 1322 1679; x_wconf 83' lang='grc' dir='ltr'>ἥκοντας</span> <span class='ocrx_word' id='word_1_160' title='bbox 1360 1619 1442 1679; x_wconf 80' lang='grc' dir='ltr'>τῆς</span> <span class='ocrx_word' id='word_1_161' title='bbox 1482 1618 1687 1669; x_wconf 84' lang='grc' dir='ltr'>ἀπασῶν</span> 
     </span>
     <span class='ocr_line' id='line_1_19' title="bbox 97 1687 1684 1766; baseline 0.008 -28"><span class='ocrx_word' id='word_1_162' title='bbox 97 1687 302 1756; x_wconf 78' lang='grc' dir='ltr'>ἐσχάτης</span> <span class='ocrx_word' id='word_1_163' title='bbox 326 1693 662 1759; x_wconf 80' lang='grc' dir='ltr'>ταλαιπωρίας.</span> <span class='ocrx_word' id='word_1_164' title='bbox 728 1696 894 1746; x_wconf 83' lang='grc' dir='ltr'>οὐκοῦν</span> <span class='ocrx_word' id='word_1_165' title='bbox 921 1697 1147 1761; x_wconf 87' lang='grc' dir='ltr'>γεγόνασι</span> <span class='ocrx_word' id='word_1_166' title='bbox 1173 1696 1258 1760; x_wconf 76' lang='grc' dir='ltr'>μὲν</span> <span class='ocrx_word' id='word_1_167' title='bbox 1285 1699 1359 1748; x_wconf 77' lang='grc' dir='ltr'>καὶ</span> <span class='ocrx_word' id='word_1_168' title='bbox 1394 1697 1538 1765; x_wconf 77' lang='grc' dir='ltr'>ἕτεροι</span> <span class='ocrx_word' id='word_1_169' title='bbox 1569 1723 1684 1766; x_wconf 93' lang='grc' dir='ltr'>προ-</span> 
     </span>
     <span class='ocr_line' id='line_1_20' title="bbox 97 1772 1684 1848; baseline 0.009 -28"><span class='ocrx_word' id='word_1_170' title='bbox 97 1772 288 1837; x_wconf 87' lang='grc' dir='ltr'>φητείας</span> <span class='ocrx_word' id='word_1_171' title='bbox 315 1773 451 1839; x_wconf 80' lang='grc' dir='ltr'>λόγοι</span> <span class='ocrx_word' id='word_1_172' title='bbox 479 1775 598 1826; x_wconf 78' lang='grc' dir='ltr'>κατὰ</span> <span class='ocrx_word' id='word_1_173' title='bbox 624 1775 808 1843; x_wconf 76' lang='grc' dir='ltr'>καιροὺς</span> <span class='ocrx_word' id='word_1_174' title='bbox 834 1782 899 1847; x_wconf 76' lang='grc' dir='ltr'>τῷ</span> <span class='ocrx_word' id='word_1_175' title='bbox 923 1780 1134 1848; x_wconf 79' lang='grc' dir='ltr'>μακαρίῳ</span> <span class='ocrx_word' id='word_1_176' title='bbox 1154 1780 1305 1848; x_wconf 75' lang='grc' dir='ltr'>Ἰωνᾷ,</span> <span class='ocrx_word' id='word_1_177' title='bbox 1333 1781 1684 1847; x_wconf 73' lang='grc' dir='ltr'>ἀναγέγραπται</span> 
     </span>
     <span class='ocr_line' id='line_1_21' title="bbox 27 1851 1682 1934; baseline 0.009 -33"><span class='ocrx_word' id='word_1_178' title='bbox 27 1873 77 1899; x_wconf 87' lang='lat'>20</span> <span class='ocrx_word' id='word_1_179' title='bbox 97 1851 145 1903; x_wconf 77' lang='grc' dir='ltr'>δὲ</span> <span class='ocrx_word' id='word_1_180' title='bbox 170 1852 229 1904; x_wconf 76' lang='grc' dir='ltr'>τὰ</span> <span class='ocrx_word' id='word_1_181' title='bbox 253 1859 358 1920; x_wconf 76' lang='grc' dir='ltr'>περὶ</span> <span class='ocrx_word' id='word_1_182' title='bbox 384 1857 525 1907; x_wconf 86' lang='grc' dir='ltr'>αὐτοῦ</span> <span class='ocrx_word' id='word_1_183' title='bbox 562 1862 658 1909; x_wconf 80' lang='grc' dir='ltr'>νυνὶ</span> <span class='ocrx_word' id='word_1_184' title='bbox 693 1861 938 1926; x_wconf 85' lang='grc' dir='ltr'>χρησίμως</span> <span class='ocrx_word' id='word_1_185' title='bbox 972 1883 1020 1911; x_wconf 92' lang='grc' dir='ltr'>τε</span> <span class='ocrx_word' id='word_1_186' title='bbox 1060 1863 1134 1911; x_wconf 77' lang='grc' dir='ltr'>καὶ</span> <span class='ocrx_word' id='word_1_187' title='bbox 1167 1865 1481 1925; x_wconf 75' lang='grc' dir='ltr'>οἰκονομικῶς.</span> <span class='ocrx_word' id='word_1_188' title='bbox 1549 1865 1682 1934; x_wconf 72' lang='grc' dir='ltr'>ἀξιοί-</span> 
     </span>
     <span class='ocr_line' id='line_1_22' title="bbox 94 1936 1681 2011; baseline 0.008 -26"><span class='ocrx_word' id='word_1_189' title='bbox 94 1957 298 1987; x_wconf 90' lang='grc' dir='ltr'>κουστον</span> <span class='ocrx_word' id='word_1_190' title='bbox 336 1936 429 2004; x_wconf 78' lang='grc' dir='ltr'>γὰρ</span> <span class='ocrx_word' id='word_1_191' title='bbox 463 1938 516 1989; x_wconf 80' lang='grc' dir='ltr'>τὸ</span> <span class='ocrx_word' id='word_1_192' title='bbox 551 1943 722 2007; x_wconf 84' lang='grc' dir='ltr'>χρῆμα,</span> <span class='ocrx_word' id='word_1_193' title='bbox 750 1941 803 1992; x_wconf 82' lang='grc' dir='ltr'>τὸ</span> <span class='ocrx_word' id='word_1_194' title='bbox 843 1943 1115 2011; x_wconf 72' lang='grc' dir='ltr'>διακηρύξαι</span> <span class='ocrx_word' id='word_1_195' title='bbox 1155 1946 1276 2011; x_wconf 78' lang='grc' dir='ltr'>φημὶ</span> <span class='ocrx_word' id='word_1_196' title='bbox 1305 1946 1578 2008; x_wconf 83' lang='grc' dir='ltr'>Νινευίταις,</span> <span class='ocrx_word' id='word_1_197' title='bbox 1605 1950 1681 1998; x_wconf 81' lang='grc' dir='ltr'>καὶ</span> 
     </span>
     <span class='ocr_line' id='line_1_23' title="bbox 93 2018 1718 2093; baseline 0.007 -25"><span class='ocrx_word' id='word_1_198' title='bbox 93 2022 260 2069; x_wconf 82' lang='grc' dir='ltr'>παθεῖν</span> <span class='ocrx_word' id='word_1_199' title='bbox 298 2018 357 2070; x_wconf 77' lang='grc' dir='ltr'>τὰ</span> <span class='ocrx_word' id='word_1_200' title='bbox 397 2021 590 2089; x_wconf 76' lang='grc' dir='ltr'>μεταξύ.</span> <span class='ocrx_word' id='word_1_201' title='bbox 652 2023 946 2093; x_wconf 83' lang='grc' dir='ltr'>καταγράφει</span> <span class='ocrx_word' id='word_1_202' title='bbox 989 2026 1044 2075; x_wconf 81' lang='grc' dir='ltr'>δέ</span> <span class='ocrx_word' id='word_1_203' title='bbox 1082 2048 1183 2079; x_wconf 88' lang='grc' dir='ltr'>πως</span> <span class='ocrx_word' id='word_1_204' title='bbox 1226 2029 1287 2079; x_wconf 84' lang='grc' dir='ltr'>ὡς</span> <span class='ocrx_word' id='word_1_205' title='bbox 1326 2029 1372 2077; x_wconf 85' lang='grc' dir='ltr'>ἐν</span> <span class='ocrx_word' id='word_1_206' title='bbox 1411 2033 1566 2082; x_wconf 82' lang='grc' dir='ltr'>σκιαῖς</span> <span class='ocrx_word' id='word_1_207' title='bbox 1604 2029 1718 2080; x_wconf 76' lang='grc' dir='ltr'>καὶο</span> 
     </span>
     <span class='ocr_line' id='line_1_24' title="bbox 92 2103 1680 2177; baseline 0.008 -27"><span class='ocrx_word' id='word_1_208' title='bbox 92 2103 176 2164; x_wconf 79' lang='grc' dir='ltr'>τῆς</span> <span class='ocrx_word' id='word_1_209' title='bbox 214 2107 296 2152; x_wconf 87' lang='grc' dir='ltr'>τοῦ</span> <span class='ocrx_word' id='word_1_210' title='bbox 329 2105 546 2167; x_wconf 76' lang='grc' dir='ltr'>Σωτῆρος</span> <span class='ocrx_word' id='word_1_211' title='bbox 584 2104 715 2168; x_wconf 80' lang='grc' dir='ltr'>ἡμῶν</span> <span class='ocrx_word' id='word_1_212' title='bbox 750 2108 1011 2170; x_wconf 83' lang='grc' dir='ltr'>οἰκονομίας</span> <span class='ocrx_word' id='word_1_213' title='bbox 1044 2105 1097 2157; x_wconf 83' lang='grc' dir='ltr'>τὸ</span> <span class='ocrx_word' id='word_1_214' title='bbox 1123 2107 1399 2174; x_wconf 87' lang='grc' dir='ltr'>μυστήριον.</span> <span class='ocrx_word' id='word_1_215' title='bbox 1463 2113 1537 2161; x_wconf 83' lang='grc' dir='ltr'>καὶ</span> <span class='ocrx_word' id='word_1_216' title='bbox 1564 2117 1680 2177; x_wconf 87' lang='grc' dir='ltr'>γοῦν</span> 
     </span>
     <span class='ocr_line' id='line_1_25' title="bbox 93 2182 1900 2262; baseline 0.007 -30"><span class='ocrx_word' id='word_1_217' title='bbox 93 2182 230 2236; x_wconf 83' lang='grc' dir='ltr'>αὐτὸς</span> <span class='ocrx_word' id='word_1_218' title='bbox 266 2183 357 2252; x_wconf 75' lang='grc' dir='ltr'>ἔφη</span> <span class='ocrx_word' id='word_1_219' title='bbox 394 2184 606 2249; x_wconf 80' lang='grc' dir='ltr'>Χριστὸς</span> <span class='ocrx_word' id='word_1_220' title='bbox 641 2187 878 2241; x_wconf 89' lang='grc' dir='ltr'>Ἰουδαίοις</span> <span class='ocrx_word' id='word_1_221' title='bbox 917 2194 1217 2254; x_wconf 80' lang='grc' dir='ltr'>προσλαλῶν</span> <span class='ocrx_word' id='word_1_222' title='bbox 1256 2197 1283 2219; x_wconf 77' lang='grc'>“</span> <span class='ocrx_word' id='word_1_223' title='bbox 1311 2191 1455 2242; x_wconf 78' lang='grc' dir='ltr'>Γενεὰ</span> <span class='ocrx_word' id='word_1_224' title='bbox 1494 2192 1677 2260; x_wconf 72' lang='grc' dir='ltr'>πονηροὶ</span> <span class='ocrx_word' id='word_1_225' title='bbox 1737 2211 1900 2262; x_wconf 68' lang='lat' dir='ltr'><strong>S3Matth.</strong></span> 
     </span>
     <span class='ocr_line' id='line_1_26' title="bbox 25 2265 1862 2339; baseline 0.013 -32"><span class='ocrx_word' id='word_1_226' title='bbox 25 2271 120 2318; x_wconf 72' lang='lat'>256&lt;</span> <span class='ocrx_word' id='word_1_227' title='bbox 145 2266 220 2315; x_wconf 71' lang='grc' dir='ltr'>καὶ</span> <span class='ocrx_word' id='word_1_228' title='bbox 258 2268 477 2333; x_wconf 73' lang='grc' dir='ltr'>μοιχαλὶς</span> <span class='ocrx_word' id='word_1_229' title='bbox 516 2273 712 2331; x_wconf 88' lang='grc' dir='ltr'>σημεῖον</span> <span class='ocrx_word' id='word_1_230' title='bbox 750 2268 960 2335; x_wconf 71' lang='grc' dir='ltr'>ἐπιζητεῖ,</span> <span class='ocrx_word' id='word_1_231' title='bbox 994 2273 1067 2321; x_wconf 76' lang='grc' dir='ltr'>καὶ</span> <span class='ocrx_word' id='word_1_232' title='bbox 1107 2276 1302 2336; x_wconf 88' lang='grc' dir='ltr'>σημεῖον</span> <span class='ocrx_word' id='word_1_233' title='bbox 1334 2274 1386 2323; x_wconf 84' lang='grc' dir='ltr'>οὐ</span> <span class='ocrx_word' id='word_1_234' title='bbox 1425 2274 1678 2339; x_wconf 86' lang='grc' dir='ltr'>δοθήσεται</span> <span class='ocrx_word' id='word_1_235' title='bbox 1736 2265 1862 2339; x_wconf 46' lang='lat'>2139,</span> 
     </span>
     <span class='ocr_line' id='line_1_27' title="bbox 93 2347 1676 2424; baseline 0.008 -28"><span class='ocrx_word' id='word_1_236' title='bbox 93 2353 119 2376; x_wconf 87' lang='lat'><strong>“</strong></span> <span class='ocrx_word' id='word_1_237' title='bbox 145 2348 261 2414; x_wconf 83' lang='grc' dir='ltr'>αὐτῇ</span> <span class='ocrx_word' id='word_1_238' title='bbox 296 2351 332 2398; x_wconf 82' lang='grc' dir='ltr'>εἰ</span> <span class='ocrx_word' id='word_1_239' title='bbox 370 2347 435 2412; x_wconf 85' lang='grc' dir='ltr'>μὴ</span> <span class='ocrx_word' id='word_1_240' title='bbox 474 2347 527 2400; x_wconf 81' lang='grc' dir='ltr'>τὸ</span> <span class='ocrx_word' id='word_1_241' title='bbox 566 2355 762 2414; x_wconf 86' lang='grc' dir='ltr'>σημεῖον</span> <span class='ocrx_word' id='word_1_242' title='bbox 785 2351 921 2402; x_wconf 83' lang='grc' dir='ltr'>Ἰωνᾶ</span> <span class='ocrx_word' id='word_1_243' title='bbox 953 2358 1035 2403; x_wconf 90' lang='grc' dir='ltr'>τοῦ</span> <span class='ocrx_word' id='word_1_244' title='bbox 1061 2353 1325 2422; x_wconf 82' lang='grc' dir='ltr'>προφήτου.</span> <span class='ocrx_word' id='word_1_245' title='bbox 1391 2353 1555 2423; x_wconf 73' lang='grc' dir='ltr'>ὥσπερ</span> <span class='ocrx_word' id='word_1_246' title='bbox 1582 2357 1676 2424; x_wconf 77' lang='grc' dir='ltr'>γὰρ</span> 
     </span>
     <span class='ocr_line' id='line_1_28' title="bbox 91 2427 1676 2505; baseline 0.009 -27"><span class='ocrx_word' id='word_1_247' title='bbox 91 2435 119 2457; x_wconf 86' lang='grc'><strong>“</strong></span> <span class='ocrx_word' id='word_1_248' title='bbox 143 2427 202 2493; x_wconf 82' lang='grc' dir='ltr'>ἧν</span> <span class='ocrx_word' id='word_1_249' title='bbox 225 2430 386 2484; x_wconf 82' lang='grc' dir='ltr'>Ἰωνᾶς</span> <span class='ocrx_word' id='word_1_250' title='bbox 424 2432 471 2480; x_wconf 80' lang='grc' dir='ltr'>ἐν</span> <span class='ocrx_word' id='word_1_251' title='bbox 505 2434 563 2498; x_wconf 84' lang='grc' dir='ltr'>τῇ</span> <span class='ocrx_word' id='word_1_252' title='bbox 601 2432 755 2500; x_wconf 74' lang='grc' dir='ltr'>κοιλίᾳ</span> <span class='ocrx_word' id='word_1_253' title='bbox 792 2438 873 2483; x_wconf 90' lang='grc' dir='ltr'>τοῦ</span> <span class='ocrx_word' id='word_1_254' title='bbox 911 2433 1077 2498; x_wconf 84' lang='grc' dir='ltr'>κήτους</span> <span class='ocrx_word' id='word_1_255' title='bbox 1109 2440 1227 2501; x_wconf 83' lang='grc' dir='ltr'>τρεῖς</span> <span class='ocrx_word' id='word_1_256' title='bbox 1259 2435 1430 2501; x_wconf 67' lang='grc' dir='ltr'>ἡμερας</span> <span class='ocrx_word' id='word_1_257' title='bbox 1454 2441 1529 2489; x_wconf 79' lang='grc' dir='ltr'>καὶ</span> <span class='ocrx_word' id='word_1_258' title='bbox 1555 2446 1676 2505; x_wconf 88' lang='grc' dir='ltr'>τρεῖς</span> 
     </span>
    </p>
   </div>
   <div class='ocr_carea' id='block_1_3' title="bbox 140 2573 1672 2623">
    <p class='ocr_par' dir='ltr' id='par_1_3' title="bbox 140 2573 1672 2623">
     <span class='ocr_line' id='line_1_29' title="bbox 140 2573 1672 2623; baseline 0.007 -16"><span class='ocrx_word' id='word_1_259' title='bbox 140 2584 171 2607; x_wconf 90' lang='grc'>2.</span> <span class='ocrx_word' id='word_1_260' title='bbox 196 2573 392 2620; x_wconf 78' lang='grc' dir='ltr'>γεγονότος]</span> <span class='ocrx_word' id='word_1_261' title='bbox 416 2578 452 2615; x_wconf 63' lang='lat' dir='ltr'>—f-</span> <span class='ocrx_word' id='word_1_262' title='bbox 475 2574 511 2610; x_wconf 83' lang='grc' dir='ltr'>ὃς</span> <span class='ocrx_word' id='word_1_263' title='bbox 535 2574 574 2618; x_wconf 80' lang='grc' dir='ltr'>ἧν</span> <span class='ocrx_word' id='word_1_264' title='bbox 598 2578 656 2609; x_wconf 86' lang='grc' dir='ltr'>τοῦ</span> <span class='ocrx_word' id='word_1_265' title='bbox 673 2575 766 2612; x_wconf 86' lang='grc' dir='ltr'>Ἰωάς</span> <span class='ocrx_word' id='word_1_266' title='bbox 792 2576 883 2611; x_wconf 86' lang='lat' dir='ltr'><strong>Edd.</strong></span> <span class='ocrx_word' id='word_1_267' title='bbox 910 2578 1026 2611; x_wconf 84' lang='lat' dir='ltr'>invitis</span> <span class='ocrx_word' id='word_1_268' title='bbox 1058 2578 1095 2612; x_wconf 90' lang='grc' dir='ltr'><strong>Β.</strong></span> <span class='ocrx_word' id='word_1_269' title='bbox 1102 2579 1148 2613; x_wconf 90' lang='lat' dir='ltr'>D.</span> <span class='ocrx_word' id='word_1_270' title='bbox 1212 2580 1373 2623; x_wconf 80' lang='grc' dir='ltr'>μακάριος</span> <span class='ocrx_word' id='word_1_271' title='bbox 1398 2581 1493 2616; x_wconf 81' lang='lat' dir='ltr'><strong>deest</strong></span> <span class='ocrx_word' id='word_1_272' title='bbox 1517 2583 1552 2616; x_wconf 88' lang='lat' dir='ltr'>in</span> <span class='ocrx_word' id='word_1_273' title='bbox 1580 2583 1672 2619; x_wconf 86' lang='lat' dir='ltr'><strong>Edd.</strong></span> 
     </span>
    </p>
   </div>
   <div class='ocr_carea' id='block_1_4' title="bbox 89 2620 1674 3038">
    <p class='ocr_par' dir='ltr' id='par_1_4' title="bbox 89 2620 1674 3038">
     <span class='ocr_line' id='line_1_30' title="bbox 93 2620 1674 2669; baseline 0.007 -16"><span class='ocrx_word' id='word_1_274' title='bbox 93 2630 126 2664; x_wconf 86' lang='lat'>3.</span> <span class='ocrx_word' id='word_1_275' title='bbox 151 2620 298 2655; x_wconf 72' lang='grc' dir='ltr'>ἄκουσον</span> <span class='ocrx_word' id='word_1_276' title='bbox 315 2633 376 2666; x_wconf 88' lang='lat' dir='ltr'>pro</span> <span class='ocrx_word' id='word_1_277' title='bbox 395 2622 482 2656; x_wconf 86' lang='grc' dir='ltr'>διεσ.</span> <span class='ocrx_word' id='word_1_278' title='bbox 500 2622 564 2667; x_wconf 86' lang='grc' dir='ltr'>λεγ</span> <span class='ocrx_word' id='word_1_279' title='bbox 566 2637 602 2656; x_wconf 91' lang='grc' dir='ltr'>ον</span> <span class='ocrx_word' id='word_1_280' title='bbox 619 2622 677 2657; x_wconf 87' lang='lat' dir='ltr'><strong>iid.</strong></span> <span class='ocrx_word' id='word_1_281' title='bbox 867 2637 899 2666; x_wconf 84' lang='lat'>4.</span> <span class='ocrx_word' id='word_1_282' title='bbox 867 2624 1056 2669; x_wconf 77' lang='grc' dir='ltr'>4ιιρῥαβα</span> <span class='ocrx_word' id='word_1_283' title='bbox 1078 2626 1123 2660; x_wconf 90' lang='lat' dir='ltr'><strong>D</strong></span> <span class='ocrx_word' id='word_1_284' title='bbox 1321 2628 1353 2661; x_wconf 88' lang='lat'>6.</span> <span class='ocrx_word' id='word_1_285' title='bbox 1379 2628 1503 2662; x_wconf 78' lang='grc' dir='ltr'>δούλου</span> <span class='ocrx_word' id='word_1_286' title='bbox 1520 2630 1621 2664; x_wconf 83' lang='grc' dir='ltr'>αὐτοῦ</span> <span class='ocrx_word' id='word_1_287' title='bbox 1639 2637 1674 2665; x_wconf 82' lang='lat' dir='ltr'>et</span> 
     </span>
     <span class='ocr_line' id='line_1_31' title="bbox 93 2637 1671 2719; baseline 0.008 -20"><span class='ocrx_word' id='word_1_288' title='bbox 93 2667 390 2713; x_wconf 81' lang='grc' dir='ltr'>υἷοῦ-Γεθχοβερ</span> <span class='ocrx_word' id='word_1_289' title='bbox 409 2637 564 2702; x_wconf 63' lang='grc' dir='ltr'>(ἰθδυῐὶῐγ</span> <span class='ocrx_word' id='word_1_290' title='bbox 552 2681 586 2702; x_wconf 89' lang='lat' dir='ltr'>ln</span> <span class='ocrx_word' id='word_1_291' title='bbox 606 2669 697 2703; x_wconf 84' lang='lat' dir='ltr'><strong>Edd.</strong></span> <span class='ocrx_word' id='word_1_292' title='bbox 718 2669 841 2703; x_wconf 86' lang='grc' dir='ltr'>δουλου</span> <span class='ocrx_word' id='word_1_293' title='bbox 858 2682 928 2705; x_wconf 85' lang='lat' dir='ltr'>om.</span> <span class='ocrx_word' id='word_1_294' title='bbox 948 2673 1027 2714; x_wconf 74' lang='lat' dir='ltr'>(sic)</span> <span class='ocrx_word' id='word_1_295' title='bbox 1048 2672 1093 2706; x_wconf 92' lang='lat' dir='ltr'>D.</span> <span class='ocrx_word' id='word_1_296' title='bbox 1238 2682 1269 2716; x_wconf 91' lang='lat'>7.</span> <span class='ocrx_word' id='word_1_297' title='bbox 1296 2674 1422 2719; x_wconf 76' lang='grc' dir='ltr'>ἐπεῖδε]</span> <span class='ocrx_word' id='word_1_298' title='bbox 1443 2675 1557 2710; x_wconf 83' lang='grc' dir='ltr'>απεῖδε</span> <span class='ocrx_word' id='word_1_299' title='bbox 1576 2677 1671 2712; x_wconf 90' lang='lat' dir='ltr'><strong>Aub.</strong></span> 
     </span>
     <span class='ocr_line' id='line_1_32' title="bbox 93 2713 1670 2769; baseline 0.006 -22"><span class='ocrx_word' id='word_1_300' title='bbox 93 2713 196 2748; x_wconf 87' lang='lat'><strong>8—11.</strong></span> <span class='ocrx_word' id='word_1_301' title='bbox 222 2715 532 2760; x_wconf 82' lang='grc' dir='ltr'>πικρὰν-οὐρανοῦ</span> <span class='ocrx_word' id='word_1_302' title='bbox 551 2715 700 2749; x_wconf 82' lang='lat' dir='ltr'><strong>desunt</strong></span> <span class='ocrx_word' id='word_1_303' title='bbox 694 2728 729 2749; x_wconf 86' lang='lat' dir='ltr'>m</span> <span class='ocrx_word' id='word_1_304' title='bbox 750 2716 839 2750; x_wconf 85' lang='lat' dir='ltr'><strong>Edd.</strong></span> <span class='ocrx_word' id='word_1_305' title='bbox 1036 2719 1068 2752; x_wconf 81' lang='lat'>8.</span> <span class='ocrx_word' id='word_1_306' title='bbox 1087 2718 1220 2764; x_wconf 79' lang='grc' dir='ltr'>ἐσπ.]’</span> <span class='ocrx_word' id='word_1_307' title='bbox 1204 2735 1485 2765; x_wconf 85' lang='grc' dir='ltr'>επανισταμενους</span> <span class='ocrx_word' id='word_1_308' title='bbox 1505 2723 1550 2756; x_wconf 88' lang='lat' dir='ltr'>D.</span> <span class='ocrx_word' id='word_1_309' title='bbox 1570 2722 1670 2769; x_wconf 87' lang='lat'>(119,</span> 
     </span>
     <span class='ocr_line' id='line_1_33' title="bbox 96 2761 1673 2815; baseline 0.007 -22"><span class='ocrx_word' id='word_1_310' title='bbox 96 2771 172 2804; x_wconf 85' lang='lat'>134,</span> <span class='ocrx_word' id='word_1_311' title='bbox 192 2761 291 2806; x_wconf 86' lang='lat'><strong>242.)</strong></span> <span class='ocrx_word' id='word_1_312' title='bbox 441 2773 491 2795; x_wconf 91' lang='lat'>12.</span> <span class='ocrx_word' id='word_1_313' title='bbox 510 2763 582 2796; x_wconf 87' lang='grc' dir='ltr'>υἱοῦ</span> <span class='ocrx_word' id='word_1_314' title='bbox 598 2762 736 2797; x_wconf 84' lang='grc' dir='ltr'>Ἰωάς-</span> <span class='ocrx_word' id='word_1_315' title='bbox 695 2763 811 2796; x_wconf 81' lang='grc' dir='ltr'>-ἀντὶ</span> <span class='ocrx_word' id='word_1_316' title='bbox 828 2766 887 2797; x_wconf 85' lang='grc' dir='ltr'>τοῦ</span> <span class='ocrx_word' id='word_1_317' title='bbox 908 2764 948 2798; x_wconf 90' lang='lat' dir='ltr'>B.</span> <span class='ocrx_word' id='word_1_318' title='bbox 954 2764 998 2799; x_wconf 89' lang='lat' dir='ltr'>D.</span> <span class='ocrx_word' id='word_1_319' title='bbox 1016 2765 1171 2800; x_wconf 82' lang='grc' dir='ltr'>τουτέστι</span> <span class='ocrx_word' id='word_1_320' title='bbox 1192 2766 1282 2800; x_wconf 87' lang='lat' dir='ltr'><strong>Edd.</strong></span> <span class='ocrx_word' id='word_1_321' title='bbox 1444 2780 1496 2814; x_wconf 84' lang='lat'><strong>13.</strong></span> <span class='ocrx_word' id='word_1_322' title='bbox 1523 2770 1567 2805; x_wconf 82' lang='grc' dir='ltr'>ὡς</span> <span class='ocrx_word' id='word_1_323' title='bbox 1584 2771 1673 2815; x_wconf 82' lang='grc' dir='ltr'>ἑφην</span> 
     </span>
     <span class='ocr_line' id='line_1_34' title="bbox 92 2807 1672 2863; baseline 0.007 -23"><span class='ocrx_word' id='word_1_324' title='bbox 92 2815 272 2852; x_wconf 81' lang='lat' dir='ltr'>assumpta</span> <span class='ocrx_word' id='word_1_325' title='bbox 288 2820 329 2842; x_wconf 82' lang='lat' dir='ltr'>ex</span> <span class='ocrx_word' id='word_1_326' title='bbox 350 2808 389 2842; x_wconf 86' lang='grc' dir='ltr'><strong>Β.</strong></span> <span class='ocrx_word' id='word_1_327' title='bbox 396 2808 442 2842; x_wconf 90' lang='lat' dir='ltr'><strong>D.</strong></span> <span class='ocrx_word' id='word_1_328' title='bbox 491 2807 627 2854; x_wconf 79' lang='grc' dir='ltr'>Ἰωὰς]’</span> <span class='ocrx_word' id='word_1_329' title='bbox 632 2811 732 2845; x_wconf 84' lang='grc' dir='ltr'>Ιωνᾶς</span> <span class='ocrx_word' id='word_1_330' title='bbox 750 2809 839 2843; x_wconf 88' lang='lat' dir='ltr'><strong>Edd.</strong></span> <span class='ocrx_word' id='word_1_331' title='bbox 1043 2823 1095 2855; x_wconf 87' lang='lat'><strong>19.</strong></span> <span class='ocrx_word' id='word_1_332' title='bbox 1118 2812 1181 2858; x_wconf 80' lang='grc' dir='ltr'>τῷ]</span> <span class='ocrx_word' id='word_1_333' title='bbox 1201 2816 1260 2847; x_wconf 83' lang='grc' dir='ltr'>τοῦ</span> <span class='ocrx_word' id='word_1_334' title='bbox 1278 2813 1336 2848; x_wconf 79' lang='lat' dir='ltr'><strong>iid.</strong></span> <span class='ocrx_word' id='word_1_335' title='bbox 1384 2830 1533 2863; x_wconf 83' lang='grc' dir='ltr'>μακαριῳ</span> <span class='ocrx_word' id='word_1_336' title='bbox 1551 2822 1584 2850; x_wconf 86' lang='lat' dir='ltr'>et</span> <span class='ocrx_word' id='word_1_337' title='bbox 1602 2818 1672 2851; x_wconf 83' lang='grc' dir='ltr'>νυνὶ</span> 
     </span>
     <span class='ocr_line' id='line_1_35' title="bbox 91 2852 1673 2905; baseline 0.007 -19"><span class='ocrx_word' id='word_1_338' title='bbox 91 2861 271 2898; x_wconf 86' lang='lat' dir='ltr'>assumpta</span> <span class='ocrx_word' id='word_1_339' title='bbox 288 2866 329 2888; x_wconf 88' lang='lat' dir='ltr'>ex</span> <span class='ocrx_word' id='word_1_340' title='bbox 350 2855 389 2888; x_wconf 87' lang='lat' dir='ltr'>B.</span> <span class='ocrx_word' id='word_1_341' title='bbox 396 2855 442 2889; x_wconf 95' lang='lat' dir='ltr'>D.</span> <span class='ocrx_word' id='word_1_342' title='bbox 700 2868 754 2890; x_wconf 91' lang='grc'>22.</span> <span class='ocrx_word' id='word_1_343' title='bbox 773 2857 891 2891; x_wconf 85' lang='grc' dir='ltr'>παθεῖν</span> <span class='ocrx_word' id='word_1_344' title='bbox 907 2858 947 2892; x_wconf 83' lang='grc' dir='ltr'>τὰ</span> <span class='ocrx_word' id='word_1_345' title='bbox 964 2859 1089 2902; x_wconf 81' lang='grc' dir='ltr'>μεταξύ</span> <span class='ocrx_word' id='word_1_346' title='bbox 1108 2860 1150 2893; x_wconf 89' lang='lat' dir='ltr'>D.</span> <span class='ocrx_word' id='word_1_347' title='bbox 1167 2861 1286 2894; x_wconf 84' lang='grc' dir='ltr'>παθεῖν</span> <span class='ocrx_word' id='word_1_348' title='bbox 1301 2861 1427 2904; x_wconf 77' lang='grc' dir='ltr'>μεταξύ</span> <span class='ocrx_word' id='word_1_349' title='bbox 1443 2852 1535 2896; x_wconf 89' lang='lat' dir='ltr'><strong>Edd.</strong></span> <span class='ocrx_word' id='word_1_350' title='bbox 1553 2865 1673 2905; x_wconf 81' lang='grc' dir='ltr'>μαθεῖν</span> 
     </span>
     <span class='ocr_line' id='line_1_36' title="bbox 90 2900 1672 2953; baseline 0.008 -20"><span class='ocrx_word' id='word_1_351' title='bbox 90 2900 130 2933; x_wconf 81' lang='grc' dir='ltr'>τὰ</span> <span class='ocrx_word' id='word_1_352' title='bbox 148 2900 292 2944; x_wconf 83' lang='grc' dir='ltr'>ἐσόμενα</span> <span class='ocrx_word' id='word_1_353' title='bbox 311 2902 353 2935; x_wconf 91' lang='grc' dir='ltr'>Β.</span> <span class='ocrx_word' id='word_1_354' title='bbox 404 2903 447 2936; x_wconf 85' lang='grc' dir='ltr'>ὡς</span> <span class='ocrx_word' id='word_1_355' title='bbox 464 2910 685 2947; x_wconf 76' lang='lat' dir='ltr'>assumptum</span> <span class='ocrx_word' id='word_1_356' title='bbox 703 2915 744 2937; x_wconf 85' lang='lat' dir='ltr'>ex</span> <span class='ocrx_word' id='word_1_357' title='bbox 765 2903 811 2938; x_wconf 92' lang='lat' dir='ltr'>D.</span> <span class='ocrx_word' id='word_1_358' title='bbox 1150 2917 1204 2951; x_wconf 81' lang='lat'><strong>23.</strong></span> <span class='ocrx_word' id='word_1_359' title='bbox 1231 2909 1284 2941; x_wconf 85' lang='grc' dir='ltr'>καὶ</span> <span class='ocrx_word' id='word_1_360' title='bbox 1301 2910 1383 2953; x_wconf 80' lang='grc' dir='ltr'>γοῦν</span> <span class='ocrx_word' id='word_1_361' title='bbox 1402 2909 1443 2942; x_wconf 89' lang='grc' dir='ltr'><strong>Β.</strong></span> <span class='ocrx_word' id='word_1_362' title='bbox 1452 2909 1496 2942; x_wconf 94' lang='lat' dir='ltr'>D.</span> <span class='ocrx_word' id='word_1_363' title='bbox 1516 2910 1559 2944; x_wconf 84' lang='grc' dir='ltr'>ὡς</span> <span class='ocrx_word' id='word_1_364' title='bbox 1578 2910 1672 2946; x_wconf 88' lang='lat' dir='ltr'><strong>Edd.</strong></span> 
     </span>
     <span class='ocr_line' id='line_1_37' title="bbox 91 2947 1670 3002; baseline 0.008 -22"><span class='ocrx_word' id='word_1_365' title='bbox 91 2947 300 2991; x_wconf 83' lang='lat'><strong>24—562.2</strong></span> <span class='ocrx_word' id='word_1_366' title='bbox 346 2947 440 2983; x_wconf 72' lang='lat' dir='ltr'>Haec</span> <span class='ocrx_word' id='word_1_367' title='bbox 459 2949 722 2986; x_wconf 72' lang='grc' dir='ltr'>Γενεὰ-νύκτας</span> <span class='ocrx_word' id='word_1_368' title='bbox 739 2962 855 2985; x_wconf 81' lang='lat' dir='ltr'>access</span> <span class='ocrx_word' id='word_1_369' title='bbox 859 2957 960 2985; x_wconf 83' lang='lat' dir='ltr'>elunt</span> <span class='ocrx_word' id='word_1_370' title='bbox 978 2964 1018 2986; x_wconf 85' lang='lat' dir='ltr'>ex</span> <span class='ocrx_word' id='word_1_371' title='bbox 1036 2952 1129 2987; x_wconf 83' lang='lat' dir='ltr'><strong>ss.D.</strong></span> <span class='ocrx_word' id='word_1_372' title='bbox 1359 2965 1414 3000; x_wconf 80' lang='lat'>27.</span> <span class='ocrx_word' id='word_1_373' title='bbox 1439 2954 1568 3002; x_wconf 82' lang='grc' dir='ltr'>Ἰωνᾶς]</span> <span class='ocrx_word' id='word_1_374' title='bbox 1593 2961 1629 2998; x_wconf 67' lang='grc'>-1-</span> <span class='ocrx_word' id='word_1_375' title='bbox 1650 2959 1670 2991; x_wconf 82' lang='grc' dir='ltr'>ὁ</span> 
     </span>
     <span class='ocr_line' id='line_1_38' title="bbox 89 2994 330 3038; baseline 0.008 -11"><span class='ocrx_word' id='word_1_376' title='bbox 89 2994 265 3038; x_wconf 85' lang='grc' dir='ltr'>προφήτης</span> <span class='ocrx_word' id='word_1_377' title='bbox 285 2994 330 3029; x_wconf 86' lang='lat' dir='ltr'>D.</span> 
     </span>
    </p>
   </div>
   <div class='ocr_carea' id='block_1_5' title="bbox 146 3061 898 3102">
    <p class='ocr_par' dir='ltr' id='par_1_5' title="bbox 146 3061 898 3102">
     <span class='ocr_line' id='line_1_39' title="bbox 146 3061 898 3102; baseline 0.005 -14"><span class='ocrx_word' id='word_1_378' title='bbox 146 3061 238 3091; x_wconf 80' lang='lat' dir='ltr'><strong>VOL.</strong></span> <span class='ocrx_word' id='word_1_379' title='bbox 266 3063 290 3088; x_wconf 84' lang='grc' dir='ltr'>ι.</span> <span class='ocrx_word' id='word_1_380' title='bbox 828 3066 854 3102; x_wconf 84' lang='grc'>4</span> <span class='ocrx_word' id='word_1_381' title='bbox 877 3066 898 3092; x_wconf 74' lang='lat' dir='ltr'><strong>c</strong></span> 
     </span>
    </p>
   </div>
  </div>
 </body>
</html>
