2021 3434
118 186 187 228 xii.
208 201 249 238 4,
272 198 310 240 5.
533 187 607 228 IN
648 187 888 228 OSEAM.
949 188 1102 229 TOM.
1145 187 1223 228 VI.
1607 185 1690 224 247

118 299 294 350 τούτων
329 300 438 364 ἡμῖν
475 300 776 366 διαμέμνηται
810 305 904 352 τῶν
943 305 1162 367 ἱστοριῶν
1198 303 1260 352 εἷς
1297 297 1350 349 τὸ
1388 295 1539 363 παρὸν
1578 316 1692 362 χρη-

118 380 354 450 σμῴδημα
391 382 444 433 τὸ
482 382 789 451 προφητικόν·

193 464 380 515 Οὐκοῦν
415 463 472 529 ἧν
515 464 600 529 μὲν
639 467 688 516 ἐκ
731 465 910 531 μήτρας
949 463 1228 531 πτερνιστὴς
1256 462 1442 525 Ἰακώβ,
1483 462 1606 525 ὑμεῖς
1646 457 1695 510 δὲ

119 547 188 596 ἀεὶ
225 545 535 612 πτερνίζεσθε,
576 549 650 598 καὶ
695 549 748 598 οὑ
790 546 1045 614 πτερνίζετε
1089 551 1278 610 μᾶλλον
1321 543 1407 609 τὴν
1451 542 1693 609 ἁμαρτίαν.

78 641 99 679 5
120 630 194 678 καὶ
221 628 606 695 φιλοπονώτατος
632 628 716 691 μὲν
750 630 931 692 ἐκεῖνος,
958 632 1032 680 καὶ
1060 631 1108 680 ἐν
1142 631 1335 694 ἱδρῶσιν
1359 625 1596 688 εὐδόκιμος
1620 625 1695 675 καὶ
1713 644 1734 668 a
1771 634 1841 670 171
1862 632 1914 666 A·

119 709 314 774 γνήσιος
351 709 469 775 πρὸς
508 710 646 761 Θεόν·
691 712 815 773 ὑμεῖς
850 710 899 761 δὲ
936 715 1204 778 τρυφῶντες
1241 714 1341 762 ταῖς
1379 707 1697 760 ἀποστασίαις

122 791 335 858 ὑβρίζετε,
360 790 442 842 τὸν
473 791 664 857 ἁπάσης
698 794 803 855 ὑμῖν
837 793 1053 856 εὐθυμίας
1087 793 1140 843 οὐ
1174 790 1445 855 τετιμήκατε
1476 788 1695 857 χορηγόν.

122 875 348 925 ἔκλαυσαν
374 878 415 924 οἱ
437 875 631 940 πατέρες
663 876 791 938 ὑμῶν
825 877 904 926 καὶ
937 872 1156 935 ἐδεήθησάν
1181 899 1278 942 μου,
1305 873 1470 941 φησίν.
1537 876 1574 923 εἰ
1603 871 1696 937 γάρ

121 979 212 1007 που
245 956 514 1021 γεγόνασιν,
533 957 581 1007 ἐν
618 958 844 1025 ὑποψίαις
876 962 959 1007 τοῦ
995 961 1160 1007 παθεῖν
1189 955 1249 1006 τὰ
1285 954 1415 1020 παρὰ
1443 957 1526 1018 τῆς
1560 957 1700 1004 τινῶν

59 1064 104 1089 10
122 1040 389 1102 ἐπιβουλῆς,
419 1038 606 1089 ε”κλαιον
633 1040 706 1089 καὶ
734 1037 914 1090 ἐδέοντό
938 1061 1043 1103 μου.
1111 1039 1164 1089 δι’
1193 1040 1304 1102 ἐμοῦ
1327 1036 1421 1103 γὰρ
1456 1038 1531 1087 καὶ
1555 1034 1700 1100 μόνου

123 1120 357 1187 σώζεσθαι
393 1119 711 1187 προσεδόκων·
756 1123 882 1185 ὑμεῖς
923 1119 971 1172 δὲ
1003 1119 1166 1174 πόλεις
1203 1119 1430 1187 τειχίζετε,
1465 1117 1624 1170 οἴεσθέ
1652 1140 1701 1168 τε

124 1202 207 1265 ὅτι,
233 1201 319 1253 κᾶν
350 1206 387 1253 εἰ
413 1201 476 1266 μὴ
503 1202 698 1266 θέλοιμι,
724 1202 847 1271 τάχα
880 1226 971 1254 που
1010 1202 1315 1267 σωθήσεσθε,
1347 1204 1420 1252 καὶ
1447 1200 1702 1268 κρατήσετε

125 1289 217 1336 τῶν
241 1284 610 1349 ἀνθεστηκότων.
679 1287 874 1336 κάκεῖνοι
901 1285 985 1349 μὲν
1017 1287 1056 1336 ἐν
1087 1292 1148 1356 τῷ
1181 1287 1283 1354 οἴκῳ
1313 1309 1396 1352 μου
1429 1281 1599 1353 εὕρεο-σίν
1630 1306 1701 1351 με.
1722 1292 1748 1332 b

126 1371 267 1434 ἀνεβη
302 1369 408 1437 γὰρ,
436 1373 497 1424 ὡς
535 1371 666 1439 ἔφην,
693 1375 753 1424 εἷς
786 1370 971 1435 Βαιθὴλ
1003 1373 1027 1422 ὁ
1052 1371 1238 1433 Ἰακὼβ,
1265 1371 1473 1438 ἐπεφάνη
1503 1392 1553 1421 τε
1583 1368 1705 1424 Θεὸς

61 1474 106 1512 15
127 1453 263 1522 αὐτῷ,
291 1458 368 1504 καὶ
396 1454 487 1505 ἐκεῖ
507 1453 696 1515 ἐλαλήθη
724 1454 829 1523 πρὶς
861 1452 984 1504 aar&
1013 1454 1041 1518 ἡ
1077 1456 1158 1518 τῆς
1189 1454 1403 1519 εὐλογίας
1430 1450 1704 1519 ὑπόσχεσις,

126 1535 332 1600 καθάπερ
376 1535 612 1604 ἐδείξαμεν
655 1537 835 1603 ἀρτίως·
888 1538 1013 1600 ὑμεῖς
1055 1534 1103 1586 δὲ
1147 1536 1203 1600 δὴ
1248 1535 1395 1587 πάλιν
1438 1536 1491 1586 οὑ
1534 1533 1705 1599 ζητεῖτε

128 1615 251 1668 Θεὸν
288 1619 336 1668 ἐν
372 1621 437 1686 τῷ
475 1617 584 1687 οἴκῳ
619 1619 774 1681 αὐτοῦ,
802 1617 1061 1686 εἷστρέχετε
1095 1617 1143 1669 δὲ
1181 1623 1383 1682 μᾶλλον,
1411 1618 1486 1668 καὶ
1511 1615 1705 1685 σφόδρα

126 1699 377 1764 προθύμως
410 1702 458 1750 ἐν
491 1705 586 1753 τοῖς
623 1702 833 1764 τεμένεσι
871 1707 953 1752 τοῦ
986 1699 1141 1751 Βάαλ·
1194 1701 1411 1769 ἐξαιτεῖτε
1444 1698 1617 1765 λόγους
1651 1699 1705 1748 οὑ

0 1758 5 1787 ¹
127 1780 256 1846 παρὰ
282 1784 420 1843 Θεοῦ,
447 1781 576 1832 ἀλλὰ
612 1782 671 1833 τὰ
706 1784 756 1834 ἐκ
793 1787 887 1834 τῶν
926 1781 1157 1847 δαιμόνων
1194 1782 1507 1847 μαντεύματα.
1573 1782 1648 1832 καὶ
1679 1783 1704 1832 ὁ

61 1885 109 1910 20
128 1862 213 1927 μὲν
252 1863 504 1918 θεσπέσιος
527 1863 700 1925 Ἰακὼβ
737 1865 1003 1926 ἀναβαίνων
1037 1869 1098 1919 εἰς
1138 1864 1335 1929 Βαιθὴλ,
1368 1863 1610 1915 τουτέστιν
1642 1866 1705 1917 εἰς

129 1942 254 1996 οἶκον
282 1948 418 2007 Θεοῦ,
445 1945 734 2013 κατηφοῖνισε
770 1946 830 1998 τὰ
862 1947 1046 2010 εἴδωλα,
1082 1949 1207 2011 ὑμεῖς
1242 1947 1290 1998 δέ
1328 1946 1382 1998 τὸ
1420 1946 1626 1997 ἐναντίον
1655 1947 1742 1996 ἐνο

130 2026 239 2095 οἴκῳ
266 2030 389 2077 Θεοῦ
416 2027 522 2078 θεὸν
546 2028 779 2093 ἐστήσατε
803 2029 1031 2095 γλυπτόν·
1072 2029 1284 2094 ἔστησαν
1309 2029 1402 2096 γὰρ
1428 2032 1490 2082 εἷς
1518 2027 1703 2092 Βαιθὴλ

129 2108 214 2173 τὴν
245 2108 448 2172 δάμαλιν
481 2109 567 2174 τὴν
599 2114 796 2177 χρυσῆν,
823 2112 970 2162 καίτοι
1004 2115 1085 2176 τῆς
1114 2111 1298 2176 Βαιθὴλ
1329 2110 1704 2178 ἑρμηνευομένης,

131 2193 193 2243 ὡς
232 2189 372 2253 εἶπον,
409 2189 529 2245 οἶκος
565 2195 701 2243 Θεοῦ.
767 2192 842 2243 διὰ
879 2199 1015 2244 τοῦτο
1055 2196 1129 2244 καὶ
1170 2192 1245 2245 διὰ
1289 2196 1449 2262 φωνῆς
1482 2193 1704 2258 Ἱερεμίου

0 2310 6 2327 ,»
63 2294 111 2332 25
132 2275 282 2341 φησὶν
309 2274 333 2322 ὁ
360 2273 479 2327 Θεὸς
512 2276 615 2339 περὶ
647 2277 728 2338 τῆς
752 2276 987 2326 Ἰουδαίων
1015 2278 1301 2342 Συναγωγῆς
1330 2282 1356 2305 “
1373 2276 1439 2326 Τι’
1465 2275 1494 2337 ἡ
1521 2276 1704 2340 ἠγαπη-
1764 2286 1858 2364 {iem
1878 2286 1922 2317 xi·

132 2361 159 2383 “
185 2354 298 2418 μένη
346 2356 393 2405 ἐν
448 2359 514 2424 τῷ
563 2355 671 2425 οἴκῳ
723 2380 813 2419 μου
863 2358 1053 2421 ἐποίησε
1103 2357 1351 2422 βδέλυγμα
1373 2358 1413 2418 ;”
1463 2356 1705 2408 τουτέστιν
1789 2356 1818 2369 ”’

132 2437 338 2488 εἴδωλον.
404 2439 478 2487 καὶ
513 2438 537 2487 ὁ
571 2436 656 2500 μὲν
693 2439 943 2493 θεσπέσιος
966 2439 1140 2500 Ἰακὼβ
1167 2441 1240 2490 καὶ
1271 2443 1332 2492 εἷς
1359 2437 1486 2489 οἶκον
1511 2440 1707 2499 ἀναβαί-

133 2542 267 2570 νουσι
319 2523 443 2570 Θεοῦ
493 2519 825 2586 καθαρίζεσθαί
870 2544 919 2572 τε
970 2523 1044 2572 καὶ
1096 2520 1236 2575 αὑτὰς
1287 2521 1335 2572 δὲ
1390 2519 1475 2575 τὰς
1525 2520 1708 2576 στολὰς

182 2707 213 2743 7.
241 2698 320 2732 Hoc
338 2699 490 2743 ὑβρίζετε
508 2704 727 2743 assumptum
745 2711 786 2733 ex
805 2699 851 2733 D.
1168 2701 1200 2733 8.
1227 2701 1318 2745 ὑμῶν
1334 2712 1404 2734 om.
1424 2701 1470 2735 D.
1485 2701 1519 2735 b.
1538 2701 1644 2736 habet
1660 2702 1705 2737 B.

134 2757 168 2790 9.
194 2746 328 2790 ὑποψίᾳ
347 2746 393 2779 D.
610 2757 663 2780 11.
688 2761 724 2780 τε
741 2758 811 2780 om.
832 2747 877 2780 D.
1086 2758 1137 2791 13.
1162 2746 1239 2792 μὲν]
1260 2748 1296 2781 δὲ
1315 2747 1407 2782 Edd.
1424 2748 1541 2783 invitis
1559 2749 1653 2783 B.D.
1669 2750 1704 2784 b.

133 2806 198 2836 μου
213 2798 434 2836 assumptum
452 2804 492 2826 ex
513 2791 652 2826 B.D.b.
854 2804 906 2835 14.
932 2793 978 2828 εἷς
997 2793 1029 2827 b.
1048 2793 1082 2827 ἐν
1100 2794 1146 2827 D.
1166 2794 1257 2828 Edd.
1307 2794 1344 2828 δέ
1361 2806 1424 2839 pro
1440 2809 1476 2829 τε
1493 2795 1527 2830 b.
1579 2796 1706 2830 Statim

134 2839 222 2884 αὐτῷ
239 2840 257 2872 ὁ
276 2840 360 2874 Θεὸς
375 2851 437 2882 pro
456 2840 539 2874 Θεὸς
555 2839 642 2885 αὐτῷ
661 2839 695 2873 b.
887 2851 939 2882 15.
964 2839 1171 2886 ὑπόσχεσις]
1191 2841 1351 2876 ὑπόθεσις
1369 2842 1402 2875 b.
1585 2844 1638 2877 16.
1664 2844 1705 2887 δὴ

134 2893 354 2929 assumptum
373 2898 414 2919 ex
434 2885 526 2919 B.D.
575 2887 632 2919 τὸν
649 2892 727 2930 post
746 2887 869 2929 ζητεῖτε
888 2886 967 2920 add.
985 2887 1019 2921 b.
1305 2889 1358 2923 18.
1388 2889 1492 2922 Βάαλ·
1526 2889 1704 2935 ἐξαιτεῖτε]

136 2932 226 2965 Βάαλ
245 2932 404 2974 ἐξαιτεῖτε
424 2932 525 2966 Pont.
545 2934 647 2974 Βαάλ,
667 2934 719 2967 καὶ
737 2934 894 2978 ἐξαιτεῖτε
915 2933 1104 2968 Aubertus.
1384 2946 1436 2980 19.
1463 2936 1638 2981 δαιμονίων
1658 2937 1704 2971 D.

135 2989 190 3013 21.
218 2979 340 3023 Κυρίοιι
359 2991 420 3023 pro
440 2981 526 3013 Θεοῦ
545 2979 590 3014 D.
