2021 3434
323 194 406 232 214
707 195 755 235 B.
799 193 1075 234 CYRILLI
1117 194 1496 236 ALEXANDR.
1701 209 1741 234 x,
1764 207 1802 247 9,
1830 204 1894 231 10.

282 415 408 469 9'Acp'
441 413 488 455 οὗ
515 414 552 456 οἶ
580 418 732 468 βουνοὶ,
761 417 1149 473 ὕμαρτενἸσραὴλ,
1175 416 1261 459 ἐκεῖ
1289 419 1482 460 ἔστΗσαψ
1522 418 1568 458 οὐ
1596 416 1650 465 μὴ
1679 417 1896 473 καταλάβῃ

183 501 207 537 d
258 513 303 538 10
389 496 542 538 αὐτοὺς
568 498 612 539 ἐν
639 501 699 552 τῷ
727 501 863 553 βουνῴ
889 502 1088 551 Πόλεμος,
1111 500 1180 541 ἐπὶ
1205 503 1330 544 τέκνα
1358 501 1523 542 ἀδικίας
1551 497 1653 540 ἦλθε
1675 498 1898 540 Παιὸεῡσαι

387 581 550 622 αὐτούς·
591 582 659 622 καί
696 585 1028 639 συναχθήσονται
1062 584 1122 624 ἐπ’
1156 584 1308 625 αὐτοὺς
1335 585 1431 625 λαοὶ
1461 584 1505 624 ἐν
1539 584 1599 637 τῷ
1625 581 1900 623 Παιδεύεσθαι

390 663 545 705 αὐτοὺς
572 665 641 706 ἐπὶ
667 663 758 707 ταῖς
788 666 902 708 δυσὶν
929 667 1112 710 ἀδικίαις
1139 668 1294 709 αὐτῶν.

397 792 737 858 Πρεσβυτέραν
760 791 887 857 εἶναι,
916 799 1054 863 φησὶ,
1084 798 1165 859 τῆς
1200 797 1272 846 ἐπὶ
1308 799 1407 849 ταῖς
1438 794 1673 858 δαμάλεσι
1702 791 1899 856 πλάνης,

320 871 405 936 τὴν
440 875 486 923 ἐν
525 873 659 939 ὅρεσί
695 897 743 924 τε
787 878 862 925 καὶ
895 882 1080 938 βουνοῖς
1118 877 1428 942 γεγενημένην
1467 876 1753 927 ἀπόστασιν.
1820 875 1896 924 καὶ

321 961 436 1020 γοῦν
475 955 550 1006 ὅτε
588 955 674 1020 τὴν
713 957 977 1024 Σαμάρειαν
1012 958 1352 1026 κατειλήφασιν
1386 962 1431 1009 αἱ
1469 957 1577 1009 δέκα
1614 959 1778 1025 φυλαὶ,
1814 958 1896 1019 τῆς

137 1044 219 1117 ἓξὲξ
321 1037 533 1102 εΡοβοάμ
595 1040 843 1100 βασιλείας
907 1040 1276 1103 ἀποσεισάμεναι
1327 1039 1410 1091 τὸν
1459 1039 1610 1107 ζυγὸν,
1659 1038 1764 1089 τότε
1813 1037 1896 1092 τὰς

323 1119 545 1183 δαμάλεις
584 1121 895 1184 εἷσκεκόμικεν
932 1123 1191 1190 Ἱεροβοάμ·
1239 1125 1286 1173 ἐν
1319 1122 1372 1174 δέ
1399 1146 1452 1188 γε
1490 1127 1585 1175 τοῖς
1622 1120 1891 1188 Ἱεροσολύ-

282 1222 302 1247 e
322 1224 426 1264 μοις
453 1201 597 1265 ὅντες,
627 1203 711 1266 τὴν
748 1205 796 1254 ἐν
831 1204 964 1270 ὅρεσί
985 1228 1033 1256 τε
1069 1208 1144 1256 καὶ
1181 1210 1366 1265 βουνοῖς
1399 1204 1670 1268 ἐπετήδευον
1695 1203 1895 1267 πλάνην,

99 1295 208 1379 ἑῦῇῑ.
321 1287 421 1336 ταῖς
465 1285 761 1353 ἀλλοφύλοις
813 1285 1034 1352 γυναιξὶν
1079 1287 1278 1341 εἴκοντος
1328 1288 1402 1337 καὶ
1442 1285 1772 1338 κατανεύοντος
1814 1289 1896 1336 τοῦ

323 1369 617 1429 Σολομῶνος,
643 1367 695 1418 τὸ
734 1367 947 1432 τηνικάδε
985 1371 1059 1420 καὶ
1093 1369 1281 1432 βωμοὺς
1313 1368 1589 1421 ἀνιστάντος
1628 1370 1702 1418 καὶ
1731 1366 1895 1431 τεμένη

320 1448 488 1499 λοιπὸν
512 1454 605 1503 τοῖς
633 1451 813 1501 ἐκείνων
837 1451 1163 1515 σεβάσμασιν.
1233 1452 1278 1521 ἐξ
1318 1451 1359 1502 οὗ
1393 1450 1546 1501 τοίνυν
1575 1448 1896 1513 ἐπενοήθησαν

322 1536 356 1580 οἱ
396 1532 532 1590 Eoum}
561 1533 637 1582 καὶ
671 1531 729 1582 τὰ
764 1534 811 1583 ἐν
846 1535 999 1587 αὐτοῖς
1036 1534 1293 1600 ἀθύρματα,
1325 1535 1400 1584 καὶ
1437 1536 1484 1583 αἱ
1522 1532 1894 1600 ψευδολατρείαι,

320 1612 376 1680 ἐξ
407 1613 576 1664 ἐκείνου
608 1620 690 1665 τοῦ
729 1621 888 1681 καιροῦ
921 1615 1291 1682 προσκέκρουκεν
1322 1617 1346 1666 ὁ
1373 1616 1568 1684 Ἰσραήλ.
1635 1613 1823 1682 ἔνδειξις
1848 1612 1896 1664 δὲ

319 1697 395 1745 καὶ
432 1700 570 1746 τοῦτο
607 1699 688 1760 τῆς
723 1697 846 1751 θείας
884 1695 1165 1764 ἡμερότητος
1197 1697 1360 1763 γένοιτ’
1391 1694 1447 1747 ἀν
1481 1697 1563 1747 οὐκ
1597 1693 1896 1764 ἀσυμφανὴς,

101 1791 180 1825 149
209 1790 260 1824 A.
283 1800 303 1824 a
321 1777 423 1828 οὐδὲ
455 1779 502 1828 ἐν
536 1778 689 1848 χρόνῳ
723 1784 887 1850 μακρῷ
921 1780 1132 1847 κολάζειν
1158 1779 1432 1847 ἀνεχομένης
1458 1779 1564 1834 τοὺς
1589 1778 1896 1844 ἠσεβηκότας,

320 1860 523 1924 ἀνιείσης
565 1860 613 1911 δὲ
652 1867 841 1925 μᾶλλον
886 1865 960 1914 καὶ
1004 1861 1342 1929 περιμενούσης
1384 1862 1507 1930 τάχα
1545 1884 1636 1913 που
1676 1866 1770 1913 τῶν
1805 1884 1893 1912 πε-

319 1941 628 2005 πλανημένων
665 1942 750 2007 τὴν
793 1943 1101 2010 μετάγνωσιν.
1166 1947 1208 1996 οἱ
1251 1944 1299 1995 δὲ
1338 1943 1462 2009 ἦσαν
1504 1943 1814 2010 ἀπηνέστεροί
1846 1966 1897 1994 τε

323 2026 397 2074 καὶ
422 2024 481 2075 τὰ
507 2024 571 2076 ε”τι
597 2027 736 2093 χείρω
764 2032 1010 2080 νοσοῦντες
1037 2027 1304 2091 ἡλίσκοντο.
1357 2026 1658 2093 προσέθεσαν
1683 2024 1776 2092 γὰρ
1802 2030 1896 2079 τοῖς

319 2108 484 2166 βουνοῖς
525 2109 601 2158 καὶ
645 2108 704 2159 τὰ
746 2110 819 2159 ἐπὶ
860 2113 958 2162 ταῖς
1002 2109 1266 2171 δαμάλεσιν
1307 2108 1557 2175 εὑρήματα.
1624 2107 1811 2162 θύοντες
1848 2107 1897 2159 δὲ

319 2194 414 2242 τοῖς
440 2190 659 2252 δαίμοσιν
686 2192 732 2241 ἐν
759 2190 894 2257 ὅρεσί
921 2213 970 2241 τε
1003 2194 1077 2242 καὶ
1102 2195 1299 2253 βουνοῖς,
1325 2193 1400 2242 καὶ
1426 2194 1666 2244 δοκοῦντες
1689 2192 1898 2251 εὐσεβεῖν

319 2274 423 2337 περὶ
465 2271 522 2322 τὰ
559 2272 753 2336 μάταια,
791 2272 914 2340 τάχα
950 2295 1040 2324 που
1079 2275 1155 2324 καὶ
1192 2270 1338 2342 ᾤοντο
1376 2272 1494 2323 κατὰ
1531 2277 1677 2341 σφᾶς,
1709 2277 1898 2335 μᾶλλον

321 2353 368 2404 δὲ
395 2356 468 2405 καὶ
504 2355 740 2421 ἀραρότως
775 2355 992 2422 ἐνόμιζον,
1019 2355 1088 2406 ὅτι
1120 2357 1194 2406 καὶ
1227 2357 1275 2406 ἐν
1308 2356 1486 2424 βεβαίῳ
1521 2354 1782 2420 στήσονται
1815 2356 1897 2418 τῆς

277 2447 304 2488 b
323 2437 577 2503 εὐημερίας,
613 2437 800 2488 ε”σονται
837 2437 885 2488 δὲ
923 2440 997 2489 καὶ
1029 2438 1240 2501 ἀμείνους
1279 2442 1373 2489 τῶν
1417 2436 1785 2502 ἀνθεστηκότων,
1821 2438 1897 2487 καὶ

322 2517 554 2570 ἀνάλωτοι
575 2525 670 2574 τοῖς
694 2521 888 2587 ἐχθροῖς.
934 2519 1133 2584 σύνηθες
1165 2519 1212 2571 δὲ
1246 2525 1339 2574 τοῖς
1364 2519 1685 2584 πλανωμένοις
1711 2523 1898 2585 νόσημα

322 2606 473 2651 τοῦτο.

399 2685 491 2733 Καὶ
540 2689 653 2748 γοῦν
703 2683 778 2735 ὅτε
819 2684 1088 2748 κατέβησαν
1139 2689 1200 2738 εἷς
1249 2684 1503 2750 Αἴγυπτον,
1555 2682 1766 2748 ἀλούσης
1815 2685 1898 2748 τῆς

372 2858 403 2881 2.
429 2848 500 2894 ἐπὶ]
520 2854 556 2889 -1-
577 2851 617 2885 τὰ
635 2851 725 2886 Edd.
745 2852 866 2897 (Vat.)
915 2853 973 2896 τῆς
991 2857 1070 2897 post
1086 2852 1183 2887 τέκνα
1200 2852 1279 2887 add.
1300 2853 1338 2886 F.
1358 2852 1449 2887 Edd.
1469 2852 1587 2897 (XII.)
1636 2851 1719 2896 ἦλθε
1736 2863 1896 2897 assump-

324 2901 401 2927 tum
417 2906 458 2928 ex
478 2896 569 2930 B.D.
589 2897 707 2941 (Alex.
726 2898 834 2943 XII.)
928 2910 961 2944 3.
980 2900 1034 2933 ἐπὶ
1052 2911 1114 2944 pro
1131 2900 1166 2934 ἐν
1184 2899 1230 2933 D.
1249 2899 1376 2944 (XII.)
1472 2913 1504 2943 4.
1529 2899 1583 2934 ἐπὶ
1603 2899 1644 2933 Β.
1663 2899 1790 2944 (XII.)
1806 2899 1896 2933 infra

329 2952 392 2982 150
410 2952 439 2974 a.
459 2941 492 2975 ἐν
511 2942 556 2975 D.
578 2943 668 2978 Edd.
689 2945 812 2990 (A.V.)
951 2945 982 2980 6.
1008 2946 1239 2991 γεγενημένοις
1257 2947 1336 2992 (Sic)
1356 2947 1403 2981 D.
1553 2957 1606 2981 12.
1632 2946 1828 2982 ἀνιστάντος
1846 2945 1893 2980 D.

323 2987 525 3024 ἀνιστῶντος
542 2988 634 3023 Edd.
809 2991 860 3026 16.
886 2992 1016 3038 γένοιτο
1035 2993 1081 3028 D.

1920 811 1942 849 5

1923 1226 1972 1251 10

1923 2052 1971 2077 20
