2021 3434
321 195 404 235 736
713 196 760 236 B.
806 196 1086 237 CYRILLI
1126 197 1508 238 ALEXANDR.
1644 199 1713 239 vii.
1744 199 1807 248 16,
1834 207 1897 249 17.

278 319 300 345 Ο
316 309 515 355 τοιοῦτοι
546 306 620 355 καὶ
647 305 695 355 ἐν
720 309 778 373 τῇ
805 302 1125 369 Γαλααδίτιδι,
1150 306 1406 368 τουτέστιν,
1432 308 1480 356 ἐν
1510 304 1799 368 μεταστάσει
1826 328 1901 355 νο-

316 387 541 447 μοθεσίας
571 385 717 452 ἤγουν
744 386 978 452 διαθήκης.
1042 387 1423 451 πολιτευσόμεθα
1456 385 1549 455 γὰρ
1585 386 1674 438 ὑπὸ
1701 390 1902 455 Χριστῷ

316 467 574 533 γεγονότες,
619 473 816 532 νομικῶς
859 467 944 533 μὲν
989 469 1151 532 οὐκέτι,
1196 468 1398 536 ζήσομεν
1438 468 1485 520 δὲ
1523 473 1714 532 μᾶλλον
1756 469 1895 534 εὐαγ-

317 553 530 614 γελικῶς,
551 552 626 600 καὶ
653 548 739 614 τὴν
758 552 807 602 ἐκ
833 556 916 600 τοῦ
941 550 1217 617 γράμματος
1242 550 1491 618 παχύτητα
1516 551 1900 617 παρατρέχοντες,

315 630 401 695 τὴν
432 630 748 696 πνευματικὴν
784 633 1006 698 λατρείαν
1046 632 1378 696 ἐπιτελέσομεν
1416 636 1482 702 τῷ
1518 636 1639 701 Θεῷ,
1674 634 1748 683 καὶ
1783 631 1901 697 πρὸς

315 713 369 764 τὸ
396 714 691 780 ἀσυγκρίτως
718 714 904 778 ἄμεινον
922 713 1266 779 μεθιστάμενοι,
1287 713 1600 782 ἀλλαξόμεθα
1626 718 1720 765 τῶν
1744 714 1903 766 τύπων

315 794 403 859 τὴν
429 795 670 860 ἀλήθειαν.

248 1005 523 1057 16”Οψονται
549 1007 649 1049 ἔθνΗ
679 1007 747 1048 καὶ
775 1009 1210 1064 καταισχυνθήσονται
1235 1008 1282 1050 ἐκ
1309 1008 1450 1050 udone
1476 1012 1550 1050 τιῖιε
1576 1005 1718 1063 ἰσχύος
1744 1005 1901 1057 αὐτῶν,

269 1086 296 1127 (1
382 1089 631 1132 ἐπιθήσουσι
667 1087 809 1148 χεῖρας
847 1091 917 1131 ἐπὶ
954 1090 1003 1133 τὸ
1041 1092 1176 1140 στόμα
1215 1091 1372 1142 αὐτῶν,
1399 1091 1448 1132 τὰ
1486 1088 1578 1132 ὦτα
1616 1089 1759 1131 αὐτῶν
1794 1088 1904 1129 ἀπο-

249 1178 292 1219 17
383 1169 743 1225 κωφωθιὶσονται.
803 1169 986 1213 λείὲουσι
1023 1174 1121 1226 χοῦν
1159 1171 1220 1212 ὡς
1257 1171 1381 1227 ὄφεις
1415 1170 1616 1228 σύροντες
1643 1173 1733 1221 Γιῖν,
1759 1184 1903 1224 συΓχυ-

382 1252 587 1295 θήσονται
613 1253 657 1295 ἐν
684 1258 950 1308 συΓκλεισμῴ
974 1254 1129 1296 αὐτῶν.

380 1383 506 1445 ἸΕθνη
543 1388 694 1454 φησιν
728 1387 777 1436 ἐν
811 1385 992 1440 τούτοις
1025 1384 1122 1447 τὰς,
1144 1385 1379 1452 βδελυράς
1417 1408 1465 1436 τε
1506 1387 1581 1436 καὶ
1612 1383 1903 1450 ἀκαθάρτους

315 1470 409 1518 τῶν
440 1467 673 1530 δαιμόνων
708 1466 900 1533 ἀγέλας,
935 1466 982 1518 αἳ
1018 1465 1171 1532 πάντη
1203 1490 1251 1518 τε
1281 1471 1356 1518 καὶ
1388 1466 1575 1520 πάντως
1614 1465 1731 1518 ἐπὰν
1765 1466 1903 1517 ’ίδωσι

316 1547 424 1604 τοὺς
467 1551 517 1600 ἐν
557 1553 758 1620 Χριστῷ
798 1548 1113 1613 καλουμένους
1158 1553 1221 1604 εἷς
1259 1550 1514 1612 δικαίωσιν,
1547 1552 1609 1603 εἷς
1648 1547 1901 1614 ἁγιασμὸν,

317 1634 378 1686 εἷς
417 1632 769 1700 ἀπολύτρωσιν,
813 1635 875 1686 εἷς
920 1631 1170 1695 υἱοθεσίαν,
1211 1636 1273 1686 εἷς
1313 1633 1602 1700 ἀφθαρσίαν,
1640 1634 1703 1685 εἰς
1739 1630 1901 1699 δόξαν,

317 1717 379 1768 εἰς
405 1714 645 1779 ἀνειμένην
669 1738 719 1766 τε
745 1717 820 1766 καὶ
846 1714 1095 1781 ἐλευθέραν
1120 1713 1253 1781 ζωὴν,
1279 1713 1384 1766 τότε
1410 1713 1466 1778 δὴ
1493 1713 1598 1765 τότε
1626 1736 1903 1776 καταισχυν-

319 1795 528 1860 θήσοντιιι,
570 1800 653 1862 τῆς
697 1799 795 1848 κατ’
843 1798 995 1848 αὐτῶν
1041 1798 1314 1850 δυναστείας
1353 1796 1659 1865 ἐξωθούμενοι
1702 1797 1776 1846 καὶ
1819 1793 1904 1858 τὴν

281 1878 440 1929 θῖδίαν
465 1878 606 1946 ἰσχὺν
631 1878 977 1931 διαπίπτουσάν
1007 1902 1059 1930 τε
1093 1881 1167 1930 καὶ
1202 1881 1466 1930 ἀτονοῦσαν
1500 1879 1774 1939 βλέποντες.
1835 1876 1904 1928 δέ-

97 1960 130 1992 S.
149 1961 230 1993 Luc‘

97 2013 203 2047 x.19.
322 1964 440 2012 δωκε
483 1961 576 2028 γὰρ
614 1962 723 2026 ἡμῖν
762 1963 786 2012 ὁ
833 1961 1005 2029 Κύριος
1043 1963 1175 2026 ἡμῶν
1209 1963 1396 2026 Ἰησοῦς
1439 1960 1652 2027 Χριστὸς
1696 1967 1723 1990 ‘⁶
1741 1964 1904 2011 πατεῖν

321 2050 349 2072 “
373 2042 528 2095 ἐπάνω
555 2043 711 2113 ὄφεων
738 2046 812 2095 καὶ
840 2046 1083 2110 σκορπίων
1109 2047 1183 2094 καὶ
1210 2046 1283 2096 ἐπὶ
1302 2048 1467 2095 πᾶσαν
1493 2043 1578 2108 τὴν
1604 2042 1797 2106 δύναμιν
1823 2048 1904 2094 τοῦ

321 2132 349 2156 “
374 2126 583 2195 ἐχθροῦ.”
625 2126 860 2178 κείσονται
879 2126 936 2191 δὴ
957 2127 1038 2178 οὖν
1059 2125 1146 2178 ὑπὸ
1167 2126 1315 2180 πόδας
1340 2130 1434 2177 τῶν
1458 2124 1837 2177 πεπιστευκότων
1862 2128 1904 2176 οἱ

319 2208 472 2260 πάλαι
503 2209 802 2274 νενικηκότες,
830 2208 1273 2276 κατηρῥωστηκότες
1303 2208 1357 2260 τὸ
1393 2208 1564 2259 ἄναλκι
1602 2209 1677 2259 καὶ
1711 2209 1905 2259 ἀπονευ-

317 2290 535 2357 ρούμενοι
576 2291 651 2343 διὰ
688 2296 919 2358 Χριστοῦ.
989 2293 1063 2342 καὶ
1109 2290 1193 2345 τὰς
1229 2291 1314 2354 μὲν
1354 2294 1511 2360 χεῖρας
1551 2289 1796 2351 ἐπιθήσουσι
1839 2293 1905 2358 τῷ

1922 652 1944 690 5

1927 1189 1974 1214 10

1926 2068 1974 2093 20

319 2375 533 2443 στόματι,
561 2373 889 2441 καταγορεύειν
924 2372 1074 2424 οὐκέτι
1112 2377 1207 2424 τῶν
1245 2372 1582 2439 ἡμαρτηκότων
1620 2372 1899 2440 συγχωρού-
1963 2375 1967 2379 ’

99 2451 267 2485 Rom.viii.
1630 2453 1655 2470 ”

100 2504 152 2535 33,
169 2504 219 2536 34·
1696 2452 1817 2505 Κατὰ
1849 2451 1903 2505 Τὸ

319 2474 464 2520 μενοι·
507 2462 533 2486 “
551 2455 673 2511 Θεὸς
711 2455 804 2523 γὰρ
842 2457 867 2506 ὁ
904 2458 1106 2518 δικαιῶν,
1138 2456 1208 2510 τίς
1247 2457 1272 2506 ὁ
1306 2454 1625 2522 κατακρίνων;

371 2652 401 2676 1.
427 2640 652 2687 μεταστάσει]
671 2641 850 2686 μεταθέσει
868 2641 911 2677 Β.
1069 2654 1102 2685 4.
1127 2642 1396 2687 παρατρέχοντες
1413 2642 1504 2676 Α.Β.
1523 2641 1793 2688 παρατρέποντες
1810 2640 1902 2676 Edd.

320 2689 354 2723 8.
380 2688 669 2733 αἶσχυνθὴσονται
688 2690 725 2724 F.
744 2689 839 2733 (Co.)
1061 2700 1093 2733 9.
1119 2688 1325 2732 ἐπιθήσουσι
1343 2688 1474 2734 χεῖρας]
1495 2690 1553 2725 τὰς
1570 2691 1685 2734 χεῖρας
1703 2687 1838 2732 ἐπιθὴσ.
1857 2690 1902 2722 Α.

322 2735 424 2780 (XII.
447 2744 523 2781 153,
546 2736 622 2781 198,
643 2736 738 2781 233.)
797 2738 835 2770 τὸ
861 2735 958 2771 deest
982 2735 1018 2769 in
1047 2735 1090 2770 B.
1108 2736 1229 2781 (Alex.
1249 2736 1356 2781 XII.)
1376 2737 1414 2771 τὸ
1440 2736 1544 2770 habet
1568 2738 1611 2770 A.
1670 2734 1902 2780 ἀποκωφωθὴ-

321 2797 440 2816 σονται
456 2783 500 2816 Α.
519 2783 652 2826 (Alex.)
669 2783 985 2828 ἀποκωφωθὴσεται
1004 2781 1095 2817 Edd.
1115 2783 1228 2827 (Vat.)
1526 2794 1579 2817 10.
1605 2780 1899 2827 συγχυθὴσονται]

322 2828 656 2874 συγκλεισθήσονται
672 2830 716 2865 Α.
735 2830 848 2874 (106.)
1103 2841 1156 2875 13.
1184 2828 1365 2875 δαιμόνων]
1385 2829 1564 2874 δαιμονίων
1580 2830 1624 2864 A.
1688 2829 1823 2863 ἐπειδὰν
1839 2839 1902 2874 pro

322 2875 405 2909 ἐπὰν
421 2876 465 2910 A.
757 2887 809 2920 15.
835 2877 881 2912 εἷς
897 2876 1298 2923 υἱοθεσίαν-ἐλευθέραν
1315 2876 1416 2922 ζωὴν]
1437 2876 1483 2911 εἷς
1499 2876 1707 2921 ἀφθαρσίαν,
1724 2876 1771 2911 εἷς
1788 2876 1901 2919 δόξαν,

323 2921 370 2956 εἷς
387 2923 568 2964 υἱοθεσίαν,
587 2923 634 2958 εἷς
650 2923 832 2968 ἐλευθέραν
849 2925 934 2968 ζωὴν
951 2925 994 2959 Β.
1429 2924 1482 2957 18.
1507 2939 1543 2957 τε
1560 2929 1782 2968 assumptum
1798 2934 1839 2956 ex
1857 2922 1900 2956 A.

324 2977 380 3002 22.
410 2968 688 3015 ἀπονευρούμενοι
705 2972 749 3005 A.
767 2971 1082 3017 ἀπονενευρουμένοι
1101 2971 1189 3016 (sic)
1209 2970 1312 3005 Pont.
1330 2970 1425 3016 quod
1443 2971 1590 3005 correxit
1612 2969 1657 3004 ad
1677 2969 1901 3013 ἀπονενευρω-

323 3013 415 3058 μένοι
428 3015 527 3051 Aub.
545 3017 826 3063 ἀπονεκρούμενοι
844 3018 886 3053 Β.
1057 3028 1112 3061 25.
1139 3018 1220 3053 κατὰ
1238 3018 1277 3052 τὸ
1294 3031 1389 3063 γεγρ.
1409 3016 1536 3052 desunt
1553 3017 1589 3051 in
1608 3017 1650 3051 B.
