2021 3434
282 236 362 275 148
664 238 712 278 B.
757 236 1034 277 CYRILLI
1074 236 1455 279 ALEXANDR.
1640 238 1696 278 vi.
1719 253 1757 294 9,
1785 251 1847 278 10.

277 342 419 407 βοᾶμ,
447 346 521 395 καὶ
552 351 765 411 πληροῦν
797 346 1003 397 ἐκέλευεν
1033 348 1100 398 ἐπ’
1129 348 1286 400 αὐταῖς
1323 346 1383 398 τὰ
1418 347 1738 410 νενομισμένα,
1767 345 1852 410 τὴν

278 429 345 495 τῷ
378 429 484 495 Θεῷ
514 426 789 493 πρέπουσαν
824 427 967 496 δόξαν
1000 433 1095 482 τοῖς
1133 430 1260 483 ἰδίοις
1299 428 1546 495 εὑρέμασιν
1583 429 1802 479 ἀνάπτων
1828 429 1852 478 ὁ

279 507 491 562 δείλαιος·
530 509 583 559 ἵν’
620 508 716 577 ε”χοι
754 509 838 571 μὲν
876 510 1012 565 αὐτὸς
1050 510 1104 562 τὸ
1141 511 1413 572 βασιλεύειν
1450 513 1699 579 ἀσφαλῶς,
1732 511 1850 561 ἀπο-

279 594 493 656 στεροῖτο
527 590 575 641 δὲ
610 589 772 658 ὥσπερ
805 596 899 643 τῶν
939 594 1064 644 ἰδίων
1090 592 1227 648 Θεός.
1294 594 1459 645 οὐκοῦν
1497 593 1761 654 ἀναβαίνειν
1794 596 1856 645 εἰς

277 670 588 738 Ἱεροσόλυμα
621 677 714 724 τῶν
752 674 846 725 ἀπὸ
887 676 1091 739 Σικίμων
1135 676 1398 743 ἐπεχείρουν
1435 676 1567 730 τινές·
1633 677 1897 741 ἀπεῖργον5

233 755 260 796 b
279 753 327 805 δὲ
353 759 491 805 τοῦτο
522 757 637 821 δρᾶν
670 759 712 807 οἱ
747 756 840 808 ἀπὸ
873 760 954 821 τῆς
986 758 1190 823 γείτονος
1217 757 1428 820 Γαλαὰδ,
1460 758 1620 819 καίτοι,
1647 755 1856 821 καθάπερ

279 836 411 905 ἔφην,
436 836 492 906 ἐξ
525 838 717 899 αἵματος
752 838 881 893 ὄντες
916 843 1172 903 Αευϊτικοῦ,
1205 843 1280 890 καὶ
1316 839 1586 905 τεταγμένοι
1620 837 1739 890 κατὰ
1775 837 1858 888 τὸν

61 929 166 1002 {23³1}
280 917 422 981 νόμον
438 923 499 974 εἰς
520 923 794 987 ἱερουργίαν.
840 921 993 986 ἐπειδὴ
1014 922 1061 974 δὲ
1081 921 1344 989 εἰργάζοντο
1365 922 1551 986 μάταια·
1583 922 1854 989 τεχνουργοῖ

122 997 127 1003 ’
171 995 178 1002 ’
280 999 372 1067 γὰρ
398 999 523 1065 ἦσαν
549 1002 767 1054 εἰδώλων·
810 1006 871 1057 ὡς
899 1003 1015 1055 ὅσον
1041 1005 1219 1056 οὐδέπω
1252 1007 1333 1068 τῆς
1359 1003 1521 1072 τέχνης
1546 1005 1699 1058 αὐτοῖς
1723 1008 1852 1072 οἰχη-

280 1082 482 1148 σομένης
502 1088 564 1138 εἰς
588 1083 641 1136 τὸ
664 1085 821 1150 μηδὲν,
849 1091 885 1137 εἰ
910 1091 1182 1153 παραιτοῖτο
1201 1085 1370 1138 λοιπὸν
1389 1086 1597 1140 εἰδώλοις
1616 1086 1855 1153 λατρεύειν
1884 1108 1929 1134 10

282 1166 307 1216 ὁ
332 1164 546 1233 Ἰσραὴλ,
571 1169 976 1234 κατεπικραίνοντο
1005 1169 1124 1236 πρὸς
1162 1168 1318 1236 ὀργάς.
1383 1172 1444 1223 ὡς
1483 1168 1531 1220 δὲ
1570 1170 1652 1220 οὐκ
1675 1169 1857 1220 ἔπειθον

283 1247 458 1314 λόγοις,
502 1248 571 1300 ἐπ’
613 1251 829 1305 ἀνοσίους
866 1249 1015 1316 ἦλθον
1052 1251 1231 1313 βουλάς
1265 1275 1313 1303 τε
1352 1253 1427 1302 καὶ
1464 1251 1670 1321 πράξεις.
1727 1274 1851 1317 παρ·

246 1349 266 1374 C
284 1330 530 1398 εσκεύαζον
555 1331 648 1399 γάρ
673 1355 801 1387 τινας
827 1333 944 1385 κατὰ
970 1334 1120 1399 μέσην
1145 1333 1231 1398 τὴν
1263 1331 1350 1386 ὁδὸν
1376 1339 1650 1402 λῃστρικαῖς
1674 1332 1858 1403 ἐφόδοις

283 1416 554 1480 κεχρῆσθαι,
587 1417 660 1466 καὶ
696 1420 847 1484 φονᾶν
884 1417 1056 1483 ἀγρίως
1092 1417 1211 1468 κατὰ
1243 1416 1493 1484 Σικιμιτῶν,
1518 1420 1554 1467 εἰ
1593 1417 1858 1477 ἀναβαίνειν

283 1495 464 1546 ἕλοιντο
487 1496 616 1562 παρὰ
641 1495 694 1547 τὸ
718 1499 870 1552 αὐτοῖς
895 1501 1061 1550 δοκοῦν
1080 1503 1140 1552 εἰς
1158 1498 1486 1566 Ἱεροσόλυμα.
1541 1500 1616 1549 καὶ
1639 1503 1858 1553 πλεῖστοι
1886 1519 1931 1556 15
1992 1552 1995 1570 Ζ

282 1576 366 1640 μὲν
405 1577 512 1628 ὅσοι
546 1579 853 1631 διολώλασιν·
902 1584 944 1631 οἱ
982 1581 1029 1632 δὲ
1068 1581 1191 1635 ὅλως
1229 1581 1629 1645 ἀνασεσωσμένοι,
1665 1583 1740 1632 καὶ
1777 1584 1859 1645 τῆς

281 1660 464 1711 ἐκείνων
499 1661 652 1728 χειρὸς
685 1664 970 1729 ἀποδραμεῖν
1007 1663 1303 1732 ἰσχύσαντες,
1331 1663 1491 1729 ἔρημοι
1522 1662 1765 1729 γεγονότες
1795 1662 1861 1715 ῶν

282 1742 564 1811 ἐπεφέροντο
596 1743 714 1811 πρὸς
749 1747 932 1809 θυσίαν,
959 1746 1278 1813 ἀνεκομίζοντο
1308 1744 1446 1809 μόλις
1472 1750 1533 1800 εἰς
1559 1745 1644 1810 τὴν
1667 1746 1857 1798 ἑαυτῶν.

283 1826 476 1890 ἐγκαλεῖ
495 1826 649 1878 τοίνυν
685 1832 781 1882 τοῖς
807 1827 900 1880 ἀπὸ
926 1831 1009 1893 τῆς
1033 1827 1231 1880 Γαλαὰδ
1263 1829 1287 1878 ὁ
1318 1832 1412 1879 τῶν
1444 1828 1570 1879 ὅλων
1594 1827 1860 1892 Δεσπότης,

284 1909 354 1960 ὅτι
383 1911 530 1962 καίτοι
558 1916 748 1975 μᾶλλον
780 1914 1050 1981 ὀφείλοντες
1084 1915 1145 1967 ὡς
1179 1917 1369 1965 Λευῖται.
1399 1915 1473 1964 καὶ
1494 1914 1760 1980 Ἰερουργοὶ,
1786 1915 1861 1964 καὶ
1888 1939 1935 1964 20
1991 1906 1993 1913 Α

283 1991 337 2042 τὸ
364 1997 670 2059 καθηγεῖσθαι
696 1999 790 2046 τῶν
815 1995 981 2046 ἄλλων
1007 1995 1246 2063 λαχόντες,
1275 1994 1392 2046 κατὰ
1419 1994 1501 2046 τὸν
1525 1994 1667 2060 νόμον
1690 1996 1861 2062 ἐναργῆ

284 2079 380 2128 τοῖς
418 2076 790 2142 πεπλανημένοις
827 2077 913 2143 τὴν
953 2081 1035 2142 τῆς
1072 2078 1309 2139 εὐσεβείας
1351 2078 1625 2145 ἀποφαίνειν
1670 2074 1773 2141 aab,
1812 2078 1862 2128 ἐκ

241 2159 379 2208 (Ῑτῶν
416 2159 633 2211 ἐναντίων
672 2163 745 2210 καὶ
783 2160 1049 2230 κρύπτουσιν,
1081 2159 1199 2227 ὀρθοὶ
1234 2164 1422 2227 φρονεῖν
1453 2161 1536 2210 οῦκ
1565 2161 1728 2214 ἐῶντες
1756 2157 1863 2214 τοῦς

285 2239 343 2308 ἐξ
372 2241 488 2294 ἰδιάς
533 2245 726 2306 βουλῆς,
761 2242 907 2309 ἤγουν
933 2246 1008 2294 καὶ
1034 2245 1083 2294 ἐκ
1109 2245 1190 2306 τῆς
1228 2242 1405 2293 ἄνωθεν
1438 2242 1679 2305 εὐμενείας,
1712 2265 1859 2294 κατοι-

287 2322 587 2389 νενυγμένους
625 2328 687 2378 εἰς
724 2324 778 2376 τὸ
811 2324 1005 2376 ἑλέσθαι
1037 2323 1206 2376 λοιπὸν
1239 2322 1324 2389 τὴν
1355 2328 1448 2375 τῶν
1474 2326 1721 2389 δαιμονίων
1746 2327 1862 2376 ἀπο·
1889 2345 1936 2383 25
1988 2318 1990 2351 2

286 2404 614 2473 φορτίσασθαι
639 2406 842 2472 πλάνην.

352 2483 593 2557 ἸΕκρυψοιν
611 2489 765 2540 τοίνυν
784 2490 934 2559 φησὶν
960 2491 1076 2556 ἱερεῖς
1101 2485 1189 2540 ὁὸὶν
1211 2490 1372 2559 Κυρίου.
1415 2494 1553 2540 τοῦτο
1570 2488 1716 2540 πάλιν
1735 2489 1865 2539 ἐστὶν

69 2587 163 2637 ῌῑρτ.
290 2567 451 2634 ἑτέρως
489 2568 543 2621 τὸ
578 2570 632 2622 δι’
661 2571 816 2638 ἑτέρου
839 2571 1085 2639 προφήτου
1111 2575 1281 2640 σαφῶς
1307 2571 1559 2638 εἰρημένον·
1601 2578 1628 2601 “
1645 2573 1709 2622 Οἱ
1737 2574 1866 2637 ἱερεῖς

70 2642 102 2661 n'
123 2634 152 2663 8'
291 2657 317 2679 ‘⁴
343 2651 425 2701 οὐκ
451 2649 583 2704 εἶπαν
615 2656 720 2704 Ποῦ
749 2653 853 2705 ἔστι
886 2654 1072 2720 Κύριος,
1100 2655 1174 2704 καὶ
1213 2656 1254 2703 οἱ
1293 2652 1589 2721 ἀντεχόμενοι
1614 2658 1696 2704 τοῦ
1722 2653 1865 2717 νόμου
1985 2719 1987 2728 y

291 2738 317 2761 ‘⁶
342 2755 431 2795 μου
466 2735 547 2786 οῦκ
581 2735 842 2800 ἠπίσταντό
876 2759 946 2801 με,
974 2738 1048 2787 καὶ
1082 2739 1123 2787 οἱ
1160 2736 1371 2800 ποιμένες
1404 2737 1609 2801 ἠσέβουν
1647 2739 1708 2789 εἰς
1739 2734 1861 2800 ἐμέ.”
1890 2755 1939 2792 30
1984 2788 1986 2809 =

340 2906 371 2930 2.
397 2895 580 2939 εὑρήμασιν
598 2898 644 2933 D.
875 2912 908 2943 4.
934 2899 1154 2942 ἀναβαίνομεν
1172 2899 1260 2944 (sic)
1280 2899 1325 2934 D.
1549 2907 1580 2944 7.
1605 2898 1703 2934 ὄντας
1720 2898 1799 2943 (Sic)
1818 2898 1865 2933 D.

293 2942 345 2976 καὶ
363 2951 581 2988 assumptum
600 2957 640 2978 ex
660 2946 752 2980 B.D.
923 2948 955 2981 8.
981 2945 1191 2992 εἰργάζοντο]
1213 2951 1248 2987 -ὶ-
1265 2947 1306 2981 τὰ
1323 2945 1415 2980 Edd.
1433 2946 1541 2981 invito
1560 2946 1606 2980 D.
1765 2957 1796 2990 9.
1822 2946 1866 2981 ὣς

292 3001 362 3023 om.
382 2989 429 3022 D.
589 3002 641 3025 10.
667 2992 840 3036 λατρεύειν
857 2994 1008 3028 εἰδώλοις
1025 2994 1164 3029 inverso
1182 2993 1301 3028 Ordine
1321 2993 1366 3027 D.
1527 3001 1581 3037 27.
1609 2991 1799 3038 ἐκρύψαντο
1818 2992 1864 3026 D.

293 3046 347 3080 30.
374 3051 438 3078 μου
455 3037 597 3071 accessit
615 3050 655 3072 ex
676 3039 767 3073 151).
787 3041 901 3081 (Alex.
923 3040 1024 3083 XII.)
