2021 3434
318 202 403 242 564
704 201 752 241 Β.
797 201 1071 241 CYRILLI
1113 202 1492 243 ALEXANDR.

317 311 590 376 συνήσομεν
624 314 774 364 Ἰωνᾶ.
841 316 1097 384 διαμορφοῖ
1125 314 1217 381 γὰρ
1249 313 1410 382 ὥσπερ
1448 316 1556 379 ἡμῖν
1594 313 1648 365 τὸ
1683 316 1900 379 Χριστοῦ

318 393 593 460 μυστήριον.

394 475 536 540 Πλὴν
561 478 615 527 οὐ
640 477 795 528 πάντα
824 477 883 528 τὰ
916 479 1255 543 συμβεβηκότα
1281 480 1404 548 αὐτῷ
1429 480 1562 530 νοοῖτ’
1593 478 1650 529 ἂν
1677 481 1739 532 εἷς
1764 482 1902 527 τοῦτο

317 557 531 626 χρήσιμά
582 581 631 609 τε
679 561 753 609 καὶ
805 562 1051 625 ἀναγκαῖα·
1106 559 1217 624 οἷον,
1262 561 1513 624 ἀπεστάλη
1563 559 1761 628 κηρύξαι
1805 563 1903 611 τοῖς

319 641 594 703 Νινευίταις,
633 643 742 691 ἀλλ’
780 641 972 708 ἐζήτησε
1011 647 1178 710 φυγεῖν
1215 642 1309 694 ἀπὸ
1346 643 1610 707 προσώπου
1647 647 1730 692 τοῦ
1763 643 1944 702 Θεοῦ,5

318 723 394 773 καὶ
444 723 737 787 κατοκνήσας
783 725 944 789 ὁρᾶται
985 724 1102 790 πρὸς
1147 724 1439 789 ἀποστολήν·
1490 724 1785 776 ἀπέσταλται
1827 725 1904 773 καὶ

317 804 448 871 παρὰ
480 810 563 856 τοῦ
599 809 722 856 Θεοῦ
757 808 832 857 καὶ
861 806 1051 873 Πατρὸς
1079 808 1103 856 ὁ
1127 806 1241 860 Υἱὸς
1267 807 1558 875 διακηρύξων
1584 811 1679 859 τοῖς
1705 805 1903 866 ἔθνεσιν,

319 887 429 938 ἀλλ’
475 889 557 938 οὐκ
609 888 879 954 ἀπρόθυμος
921 887 979 952 ἦν
1023 893 1084 942 εἷς
1125 889 1378 951 διακονίαν,
1427 891 1530 940 οὔτε
1574 888 1666 952 μὴν
1709 886 1904 954 ἐζήτησε

320 975 487 1038 φυγεῖν
513 972 562 1022 ἐκ
585 970 846 1036 προσώπου
880 976 962 1021 τοῦ
989 974 1112 1022 Θεοῦ
1146 973 1220 1021 καὶ
1248 971 1450 1037 Πατρός.
1513 969 1766 1036 παρεκάλει
1797 967 1906 1022 τοὺς

100 1058 231 1133 {1211321-
282 1072 302 1099 e
319 1052 611 1114 ἐμπλέοντας
642 1054 667 1103 ὁ
692 1052 950 1120 Προφήτης
977 1053 1131 1118 λε’γων
1156 1061 1183 1082 “
1201 1052 1388 1117 ”Αρατε’
1408 1076 1465 1117 με
1491 1054 1564 1104 καὶ
1591 1050 1820 1115 ἐμβάλετε
1845 1055 1905 1105 εἰς
1928 1072 1977 1098 ιο
2020 1052 2021 1067 ’

147 1126 155 1134 ’
320 1142 346 1164 “
372 1134 457 1198 τὴν
492 1134 763 1196 θάλασσαν,
798 1138 871 1185 καὶ
908 1134 1104 1185 κοπάσει
1142 1135 1169 1198 ἡ
1205 1134 1437 1186 θάλασσα
1475 1135 1557 1202 ἀφ’
1587 1135 1754 1195 ὑμῶν·”
1795 1156 1907 1184 κατ-

318 1216 463 1283 επόθη
492 1220 566 1268 καὶ
604 1219 693 1270 ὑπὸ
731 1225 813 1269 τοῦ
850 1218 1029 1282 κήτους,
1066 1216 1163 1269 εἶτα
1198 1222 1272 1269 καὶ
1311 1218 1502 1288 ἐξεδόθη
1541 1217 1798 1284 τριήμερος,
1830 1219 1907 1268 καὶ

319 1299 435 1364 μετὰ
470 1306 606 1351 τοῦτο
641 1303 854 1365 ἀπῆλθεν
893 1305 952 1354 εἰς
993 1304 1165 1364 Νινευὶ,
1201 1303 1275 1352 καὶ
1314 1301 1593 1367 πεπλήρωκε
1631 1299 1715 1363 τὴν
1754 1302 1907 1351 διακο-

320 1384 438 1433 νίαν·
482 1382 744 1447 λελύπηται
787 1382 834 1433 δὲ
879 1385 931 1433 οὐ
969 1385 1165 1450 μετρίως
1206 1384 1601 1450 κατοικτείραντος
1641 1386 1766 1434 Θεοῦ
1801 1380 1907 1435 τοὺς

321 1466 415 1519 ἀπὸ
450 1470 532 1531 τῆς
568 1469 739 1519 Νινευί.
811 1469 991 1532 ὑπέστη
1029 1471 1104 1519 καὶ
1139 1469 1163 1519 ὁ
1190 1468 1402 1534 Χριστὸς
1433 1468 1549 1519 ἑκὼν
1580 1467 1662 1518 τὸν
1689 1466 1904 1518 θάνατον·
1927 1484 1976 1524 15

102 1565 251 1647 253⁸?ss
283 1552 494 1613 οὲμεινεν
521 1552 567 1600 ἐν
602 1554 659 1618 τῇ
695 1551 860 1620 καρδία
890 1553 971 1614 τῆς
1003 1554 1090 1615 γῆς
1124 1556 1244 1616 τρεῖς
1274 1551 1445 1616 ἡμέρας
1472 1552 1547 1601 καὶ
1580 1555 1699 1616 τρεῖς
1727 1549 1907 1617 νύκτας,

128 1641 150 1646 Μ.
177 1627 194 1646 a
255 1640 262 1647 .

100 1660 226 1698 xii.40;
321 1634 491 1693 ἀνεβίω
529 1656 578 1683 τε
617 1633 688 1695 αὖ,
723 1635 798 1682 καὶ
837 1631 955 1694 μετὰ
991 1638 1128 1682 τοῦτο
1167 1634 1380 1695 ἀπῆλθεν
1415 1637 1474 1685 εἰς
1513 1631 1597 1696 τὴν
1624 1632 1905 1693 Γαλιλαίαν,

101 1703 261 1742 ”m'63‘
321 1717 396 1765 καὶ
441 1720 523 1765 τοῦ
562 1714 681 1780 πρὸς
720 1714 779 1765 τὰ
821 1715 930 1779 ε”θνη
976 1714 1273 1780 κηρύγματος
1317 1715 1499 1765 ἐκέλευε
1542 1717 1779 1765 ποιεῖσθαι
1821 1711 1910 1777 τὴν

101 1801 263 1833 SMatth.

100 1845 201 1876 xxviii
219 1855 255 1887 19
321 1795 486 1865 ἀρχήν·
539 1797 809 1848 ἐνετέλλετο
849 1795 942 1863 γὰρ
984 1802 1079 1851 τοῖς
1123 1801 1352 1861 μαθηταῖς
1396 1796 1669 1861 μαθητεύειν
1711 1802 1737 1825 ‘⁶
1752 1794 1910 1846 πάντα

322 1886 348 1909 “
375 1879 434 1930 τὰ
473 1879 594 1944 ἔθνη·
637 1882 710 1930 καὶ
749 1880 989 1946 βαπτίζειν
1028 1878 1193 1932 αὐτοὺς
1232 1883 1294 1932 εἰς
1325 1878 1379 1929 τὸ
1415 1878 1562 1942 ὄνομα
1599 1883 1683 1929 τοῦ
1719 1875 1909 1942 Πατρὸς
1928 1897 1980 1924 20

321 1970 349 1992 ‘⁶
373 1966 448 2013 καὶ
477 1969 560 2013 τοῦ
587 1966 703 2013 Υὶοῦ
743 1965 816 2012 καὶ
855 1967 937 2013 τοῦ
962 1962 1127 2028 ‘Ayt'ov
1155 1961 1469 2025 Πνεύματος.”
1527 1959 1656 2024 πλὴν
1683 1960 1736 2010 οὐ
1767 1958 1910 2010 λελύ-

321 2069 464 2110 πηται
490 2045 781 2112 σωζομένους
816 2045 938 2110 ὁρῶν
972 2048 1034 2097 εἷς
1064 2043 1376 2108 μετάγνωσιν,
1403 2042 1613 2108 καθάπερ
1645 2040 1808 2104 ἀμέλει
1833 2042 1911 2092 καὶ

319 2129 346 2179 ὁ
371 2126 595 2193 μακάριος
637 2127 813 2180 Ἰωνᾶς.
882 2127 1047 2177 οὐκοῦν
1088 2128 1123 2176 εἱ
1166 2125 1230 2189 μὴ
1268 2125 1423 2176 πάντα
1468 2128 1552 2189 τῆς·
1581 2123 1790 2190 ἱστορίας
1826 2121 1909 2174 τὸν

320 2210 469 2275 λόγον
507 2213 569 2263 εἷς
607 2210 689 2260 τὸν
724 2211 806 2272 τῆς
839 2210 1153 2271 πνευματικῆς
1185 2208 1379 2273 θεωρίας
1415 2207 1758 2276 περιτρέψομεν
1785 2227 1903 2255 σκο-

320 2290 427 2354 πὸν,
454 2290 682 2342 αἰτιάσθω
717 2291 889 2354 μηδείς.
955 2289 1116 2355 ὥσπερ
1152 2289 1244 2355 γὰρ
1279 2293 1323 2340 αἱ
1359 2289 1573 2352 με’λιτται
1605 2286 1834 2351 λειμῶνας
1858 2309 1906 2338 τε
1928 2301 1976 2341 25

324 2377 399 2424 καὶ
434 2373 553 2437 ἄνθη
588 2371 943 2439 περιϊπτάμεναι
976 2370 1030 2422 τὸ
1066 2372 1302 2439 χρήσιμον
1329 2373 1396 2422 ἀεὶ
1423 2372 1757 2437 συναγείρουσι
1790 2367 1910 2435 πρὸς

283 2472 309 2512 b
325 2454 411 2519 τὴν
448 2460 542 2506 τῶν
579 2455 750 2520 κηρίων
791 2453 1098 2517 κατασκευὴν,
1145 2455 1264 2504 οὕτω
1308 2455 1382 2504 καὶ
1421 2455 1446 2504 ὁ
1486 2452 1642 2520 σοφὸς
1679 2450 1910 2521 ἐξηγητὴς

325 2536 411 2601 τὴν
437 2537 575 2603 ἁγίαν
603 2539 676 2587 καὶ
704 2536 1017 2587 θεόπνευστον
1044 2535 1406 2601 ἀνερευνώμενος
1433 2534 1640 2603 γραφὴν,
1663 2532 1716 2585 τὸ
1742 2538 1909 2584 τελοῦν

324 2622 386 2673 εἷς
421 2619 717 2688 διασάφησιν
753 2623 847 2669 τῶν
879 2624 962 2669 τοῦ
996 2622 1212 2684 Χριστοῦ
1245 2617 1516 2683 μυστηρίων
1547 2618 1614 2667 ἀεὶ
1652 2616 1910 2681 συλλέγων

378 2794 405 2816 1.
433 2781 624 2826 συνήσομεν
639 2782 733 2816 Ἰωνᾶ
752 2782 817 2816 hoc
835 2781 955 2815 ordine
976 2781 1067 2815 B.D.
1237 2792 1270 2826 3.
1295 2780 1404 2814 αὐτῶν
1421 2779 1513 2814 Edd.
1681 2789 1712 2823 7.
1739 2781 1757 2813 ὁ
1774 2779 1909 2823 Πατρός

327 2830 398 2863 inV.
420 2829 494 2863 ord.
513 2829 573 2863 iid.
832 2840 865 2874 9.
891 2829 926 2861 ἐκ
946 2828 1036 2862 B.D.
1049 2829 1116 2861 ἀπὸ
1136 2827 1226 2861 Edd.
1278 2827 1374 2861 Haec
1393 2827 1445 2860 καὶ
1462 2827 1598 2870 Πατρὸς
1615 2825 1743 2860 desunt
1758 2827 1795 2860 in
1813 2825 1907 2860 Edd.
2003 2843 2010 2870 g

330 2886 383 2909 10.
411 2876 576 2918 ἐμβάλετε
596 2876 641 2909 D.
661 2876 851 2919 ἐμβάλλετε
870 2875 961 2909 Edd.
978 2876 1104 2914 βάλετε
1123 2874 1164 2908 Β.
1358 2885 1412 2908 ΙΙ.
1438 2873 1528 2917 ἡμῶν
1547 2874 1594 2907 D.
1774 2884 1827 2907 12.
1851 2873 1906 2906 καὶ

327 2922 520 2956 secundum
541 2931 761 2966 assumptum
780 2934 820 2956 ex
841 2922 931 2956 B.D.
1067 2933 1120 2966 15.
1146 2921 1211 2955 ἀπὸ
1232 2920 1324 2954 B.D.
1344 2921 1408 2954 ὑπὸ
1428 2920 1519 2954 Edd.
1677 2919 1730 2954 18.
1757 2920 1810 2953 καὶ
1827 2917 1903 2964 τοῦ]

325 2969 378 3000 καὶ
397 2969 448 3001 καὶ
468 2970 546 3013 ksic)
567 2969 757 3003 Aubertus.
963 2979 1085 3012 19—21.
1116 2968 1211 3002 Haec
1229 2966 1669 3011 ἐι·ετέλλετο-Πιέὑματος
1686 2971 1906 3001 accesserunt

327 3025 367 3047 ex
388 3014 432 3047 D.
624 3027 677 3060 23.
709 3015 804 3049 Haec
823 3017 840 3048 ὁ
857 3016 1017 3060 μακάριος
1035 3015 1161 3049 desunt
1180 3015 1215 3048 in
1235 3014 1326 3048 Edd.
