2021 3434
122 216 166 258 ii.
190 232 228 273 9,
257 232 319 259 10.
519 219 594 261 IN
641 220 1030 262 MICHAEAM.
1091 221 1242 262 TOM.
1275 222 1310 262 Ι.
1616 225 1699 265 637

122 349 240 390 νους,
270 325 299 391 ἢ
334 326 393 377 τὰ
427 327 482 397 ἐξ
514 332 679 383 αἰῶνος
711 328 952 394 διαβόητα,
988 329 1064 381 διά
1100 353 1170 381 τοι
1209 330 1332 399 τάχα
1369 329 1422 382 τὸ
1460 332 1509 382 ἐν
1547 332 1703 386 αὐτοῖς

120 409 363 471 ἀπομεῖναι
389 409 474 474 τὴν
499 410 712 470 κιβωτόν.

183 488 275 541 ’Ίοι
300 490 344 541 δ’
372 490 430 542 ἂν
455 494 480 543 ὁ
506 492 652 558 λόγος
686 496 760 544 καὶ
796 493 913 545 κατὰ
945 498 1038 545 τῶν
1070 496 1118 545 ἐν
1149 499 1245 548 τοῖς
1277 500 1449 561 καιροῖς
1482 498 1564 560 τῆς
1595 497 1698 547 ε’πι-

120 573 287 635 δημίας
311 574 560 637 Ἰουδαίων,
589 574 631 626 οἳ
658 581 756 629 ταῖς
786 581 880 627 τῶν
905 576 1218 644 γραμματέων
1244 600 1294 628 τε
1325 580 1400 628 καὶ
1428 579 1703 644 Φαρισαίων

79 664 101 702 5
121 653 335 718 ἑπόμενοι
377 656 584 722 γνώμαις
628 658 681 708 οὐ
722 659 973 723 προσίεντο
1013 658 1099 722 τὴν
1138 659 1317 710 πίστιν.
1385 661 1449 728 ὅρη
1486 660 1571 722 μὲν
1608 659 1701 727 γὰρ

121 733 284 803 ὥσπερ
323 741 396 788 καὶ
437 742 478 789 οἱ
511 738 621 805 παρ’
648 741 801 793 αὐτοῖς
832 739 958 804 ἦσαν
996 741 1366 841 διαφανεστεροι,
1394 764 1468 792 και
1500 747 1595 795 τοῖς
1619 746 1701 807 τῆς

121 818 374 885 ἱερωσύνης
400 821 670 888 αὐχήμασιν
697 823 824 890 ὑψοῦ
857 845 906 872 τε
935 823 1135 889 ἠρμενοι,
1163 825 1238 873 καὶ
1264 847 1324 876 εις
1349 824 1547 892 ληξιν
1515 848 1702 889 ηκοντες

120 899 278 969 δόξης.
343 903 452 953 ἀλλ’
493 902 550 967 ἦν
590 905 737 954 ἐκεῖνα
777 903 1057 970 πρόσκαιρα·
1096 927 1327 955 πεπαυται
1369 905 1460 972 γὰρ
1502 907 1529 969 ἡ
1573 929 1740 970 σκια,ο

119 983 444 1035 πεπαλαίωται
481 985 529 1036 δὲ
565 1009 727 1051 ωσπερ
758 987 786 1049 ἡ
821 988 868 1036 ἐν
904 988 1064 1039 τύποις
1103 987 1309 1051 λατρεια,
1337 987 1518 1053 ἤργησε
1551 988 1599 1038 δὲ
1625 1012 1700 1039 και

54 1081 102 1107 10
120 1062 173 1115 τὸ
216 1063 337 1131 ἱερὸν
379 1066 432 1117 τὸ
470 1069 682 1132 τηνικάδε
726 1068 871 1133 γε’νος·
919 1069 981 1137 ὅρη
1022 1067 1115 1134 γὰρ
1158 1068 1398 1135 ἀνεδείχθη
1437 1069 1606 1120 λοιπὸν
1643 1070 1703 1120 τὰ

120 1147 286 1210 αἰώνια,
314 1149 569 1212 τουτέστιν,
597 1154 639 1201 οὶ
669 1153 750 1213 τῆς
782 1149 885 1204 νέας
923 1150 1144 1214 διαθήκης
1182 1149 1374 1215 κήρυκές
1411 1174 1459 1202 τε
1494 1154 1570 1202 καὶ
1605 1151 1704 1203 διά-

119 1250 259 1292 κονοι,
286 1233 327 1280 οὶ
363 1230 416 1281 τὸ
447 1234 663 1297 Χριστοῦ
699 1239 956 1286 λαλοῦντες
987 1232 1261 1297 μυστήριον,
1289 1236 1330 1283 οἱ
1362 1232 1601 1297 διαβόητοι
1627 1236 1703 1285 καὶ

121 1312 499 1377 διαφανέστατοι,
527 1316 602 1364 καὶ
639 1318 734 1367 τοῖς
772 1317 854 1378 τῆς
892 1317 1056 1381 ἀρετῆς
1091 1315 1322 1381 ὑψώμασι
1354 1316 1699 1380 διαπρέποντες.

122 1393 186 1463 ὄρη
224 1393 316 1460 γὰρ
350 1395 528 1458 αὐτοὺς,
564 1420 638 1446 και
674 1397 728 1446 δι’
759 1397 914 1462 ἑτέρου
948 1395 1197 1464 προφήτου
1234 1397 1534 1464 κατονομάζει
1566 1398 1699 1461 Θεὸς,

57 1488 103 1526 15
122 1498 242 1526 ουτω
286 1477 441 1543 λεγων
481 1485 509 1506 “
531 1481 624 1528 Και
669 1479 998 1547 ἀποσταλαξει
1038 1478 1097 1529 τὰ
1147 1478 1231 1578 ὅρη
1271 1480 1576 1544 γλυκασμον,
1624 1484 1700 1531 καὶ
1758 1486 1864 1568 {¹}me

138 1559 345 1613 ίπάντες
385 1563 426 1610 οἱ
466 1564 627 1622 βουνοι
670 1560 911 1630 συμφυτοι
949 1561 1167 1611 εσονταιῖ
1246 1561 1422 1627 γλυκυς
1459 1585 1553 1629 γαρ
1591 1564 1744 1614 λίανᾶ
1863 1554 1873 1561 ”

120 1644 215 1691 τῶν
250 1641 489 1708 θεηγόρων
531 1644 555 1693 ὁ
595 1641 761 1708 λόγος,
808 1646 882 1694 καὶ
926 1645 1066 1694 αὐτοῦ
1107 1641 1297 1705 με’λιτος
1335 1644 1476 1708 ἡδίων
1512 1650 1607 1699 τοῖς
1646 1669 1698 1711 γε

121 1724 312 1786 ἀληθῶς
352 1724 728 1792 φιλοθεωτάτοις,
772 1724 837 1778 οἷς
886 1724 943 1776 ἂν
994 1748 1061 1789 ειη
1106 1748 1181 1776 και
1225 1725 1403 1791 πρέπον
1445 1730 1586 1777 ειπεῖν
1634 1731 1700 1778 τῶ

923 1811 942 1820 Α

121 1827 311 1857 παντων
355 1807 483 1870 ἡμῶν
523 1809 706 1872 Σωτῆρι
744 1810 944 1877 Χριστω
987 1814 1013 1837 “
1038 1808 1123 1861 Ως
1166 1807 1342 1873 γλυκεα
1386 1811 1452 1858 τῶ
1496 1807 1705 1875 λαρυγγι
1759 1829 1813 1859 Ps.

56 1905 104 1930 20
123 1895 150 1917 ‘⁶
172 1912 262 1952 μου
288 1888 348 1939 τὰ
373 1887 515 1955 λόγια
540 1912 645 1951 σου,
672 1888 784 1955 ὑπερ
814 1887 925 1952 μελι
956 1890 1032 1939 καὶ
1061 1912 1219 1955 κηριον
1242 1894 1308 1959 τῷ
1333 1890 1543 1954 στόματί
1563 1914 1668 1953 μου.
1673 1892 1698 1908 ”
1759 1883 1869 1956 igin.

121 1971 299 2025 τούτοις
334 1970 390 2034 δὴ
422 1971 502 2021 οὖν
536 1971 626 2037 ἄρα
663 1976 758 2024 τοῖς
798 1976 976 2036 νοητοῖς
1016 1972 1143 2040 ὄρεσιν
1172 1975 1213 2022 οἱ
1241 1973 1369 2023 οὔπω
1394 1971 1701 2023 πεπιστευκό-

120 2075 207 2115 τες,
252 2057 289 2104 ez
338 2052 544 2119 γε’νοιντο
594 2053 818 2116 πλησίον,
865 2052 985 2103 κατὰ
1027 2052 1199 2120 σχέσιν
1251 2052 1298 2104 δὲ
1349 2053 1567 2118 δηλονότι
1615 2053 1703 2119 τὴν

120 2134 447 2199 πνευματικὴν,
494 2134 747 2202 εὑρήσουσι
796 2135 883 2199 τὴν
935 2135 1216 2186 ἀνάπαυσιν.
1305 2137 1702 2205 ἀποφορτιοῦνται

121 2217 215 2284 γὰρ
263 2217 395 2271 εὐθὺς
449 2217 534 2282 τὴν
584 2217 929 2286 ἐπισκήψασαν
979 2218 1222 2283 ἁμαρτίαν,
1274 2219 1422 2268 καίτοι
1471 2218 1701 2283 μηδεμίαν

14 2315 17 2365 J
56 2315 103 2354 25
122 2299 389 2351 ἀνάπαυσιν
418 2300 602 2367 ἔχοντες
637 2302 684 2350 ἐν
716 2302 774 2366 τῇ
807 2299 926 2350 κατὰ
960 2299 1103 2362 νόμον
1128 2299 1234 2367 ζωῇ,
1263 2299 1388 2365 εἴπερ
1422 2301 1552 2351 ἐστὶν
1582 2302 1739 2365 ἄλη-θ

123 2381 212 2445 θὲς,
251 2384 315 2437 ὡς
352 2388 379 2411 “
399 2382 470 2433 Τὸ
508 2380 706 2447 γράμμα
749 2382 1002 2444 ἀποκτένει,
1041 2380 1095 2431 τὸ
1135 2380 1183 2431 δὲ
1221 2387 1404 2444 πνεῦμα
1442 2383 1696 2448 ζωοποιεῖ.”
1762 2398 1871 2431 200r.

123 2465 289 2515 οὐκοῦν
323 2462 586 2515 ἀκουόντων
618 2466 832 2515 Ἰουδαῖοι
864 2466 939 2514 καὶ
977 2462 1095 2530 πρός
1132 2486 1185 2529 γε
1225 2463 1357 2527 ἡμῶν
1383 2464 1535 2514 αὐτῶν
1560 2464 1694 2516 Ἀνοί-
1759 2442 1855 2475 m‘fi'

171 2661 202 2684 2.
228 2649 287 2694 τὴν
304 2648 347 2683 A.
366 2650 424 2683 τὸν
442 2648 534 2683 Edd.
547 2654 625 2683 ante
639 2645 988 2692 Migne.3.'‘10t
1007 2646 1049 2680 Β.
1069 2645 1129 2688 Ε’ίη
1149 2645 1240 2680 Edd.
1261 2660 1304 2680 ιοι
1322 2644 1381 2680 δ’*
1364 2647 1433 2680 ανὸ
1450 2647 1554 2691 λόγος
1572 2645 1701 2681 desunt

121 2697 158 2730 in
179 2697 219 2731 A.
268 2697 326 2730 τὸν
342 2708 405 2740 pro
422 2700 487 2730 τῶν
503 2697 547 2729 Α.
597 2697 666 2730 τοῖς
684 2702 716 2728 et
732 2694 903 2728 Ἰουδαίων
920 2699 1141 2728 accesserunt
1158 2705 1198 2726 ex
1219 2693 1260 2726 B.
1453 2706 1486 2735 4.
1512 2708 1547 2727 τε
1565 2705 1635 2727 om.
1653 2694 1699 2728 A.

121 2743 154 2777 6.
180 2757 233 2777 και
250 2743 346 2787 prius
363 2755 434 2777 om.
453 2743 496 2777 Β.
544 2744 603 2786 τῆς
620 2754 689 2776 om.
708 2742 752 2775 A.
1000 2751 1051 2784 13.
1078 2739 1343 2785 διαφανέστατοι
1361 2740 1403 2773 Α.
1422 2741 1583 2784 περιφαν.
1603 2739 1699 2774 Edd.

126 2801 179 2832 14.
206 2790 358 2833 ὀνομάζει
375 2789 419 2824 A.
702 2798 755 2829 15.
779 2788 980 2843 γλυκασμὸν
995 2799 1064 2820 om.
1084 2786 1126 2820 Β.
1412 2787 1464 2820 18.
1489 2785 1634 2832 πρέπον]
1657 2791 1696 2828 -Ιν-

124 2837 219 2871 ἐστὶν
236 2838 279 2870 A.
636 2846 690 2869 20.
718 2835 814 2868 Haec
833 2835 886 2867 καὶ
903 2831 1016 2878 κηρίον
1032 2839 1252 2867 accesserunt
1269 2845 1310 2866 ex
1329 2832 1370 2866 A.
1390 2833 1434 2866 cf.
1453 2845 1559 2877 supra
1578 2844 1644 2878 ²43
1662 2833 1698 2869 b.

126 2894 182 2918 22.
208 2883 237 2917 εἷ
252 2882 400 2928 γένοιντο
420 2883 460 2917 Β.
477 2883 548 2917 ἐπεὶ
565 2896 714 2928 γενοιντο
731 2882 775 2915 Α.
794 2895 867 2924 ειπῃ
885 2895 946 2920 τις,
963 2879 1112 2925 γένοιντο
1132 2879 1222 2914 Edd.
1288 2880 1323 2913 δέ
1349 2887 1570 2924 assumptum
1595 2892 1636 2913 ex
1653 2882 1699 2914 A.

127 2941 183 2974 23.
207 2929 445 2975 πνευμιιτικὴν]
477 2934 514 2969 -1-
543 2930 596 2962 καὶ
624 2927 714 2962 Edd.
743 2927 861 2961 invitis
887 2927 919 2960 A
938 2927 980 2961 Β.
1051 2926 1111 2970 τὴν
1135 2926 1532 2970 ἀνάπαυσιν-μηδεμίαν
1557 2938 1627 2961 om.
1655 2928 1702 2961 A.

127 2976 182 3010 26.
207 2976 581 3019 ἁποκτένει-ζωοποιεῖ
598 2974 743 3008 verbum
765 2981 953 3020 utrumque
977 2973 1012 3007 in
1038 2985 1106 3008 ras.
1132 2972 1242 3017 prima
1266 2985 1374 3006 manu
1401 2973 1441 3006 Β.
1462 2973 1701 3008 ἀποκτέννει-

127 3024 279 3066 ζωοποιεῖ
297 3024 338 3057 A.
358 3022 765 3068 ὖποχωρεῖ-πλεονεκτεῖ
784 3020 874 3055 Edd.
1004 3030 1059 3065 27.
1085 3019 1213 3054 ἀκούων
1229 3023 1313 3054 τῶν·
1309 3019 1478 3055 Ἰουδαίων
1497 3020 1576 3065 (Sic)
1595 3022 1639 3056 A.
