2021 3434
120 242 156 267 v.
182 226 218 273 8,
243 241 281 280 9.
565 227 638 267 IN
680 226 920 267 OSEAM.
981 223 1132 265 TOM.
1163 223 1248 264 III.
1617 226 1696 265 125

119 335 188 386 ὅτι
212 340 306 390 τοῖς
333 336 499 390 ἄλλοις
519 338 815 404 ἑρμηνευταῖς
839 341 900 391 εἰς
925 335 979 387 τὸ
1006 337 1043 387 ἐν
1077 334 1136 404 τῷ
1165 340 1266 405 οἴκῳ
1294 334 1362 394 ὢν,
1392 336 1445 386 οὐ
1470 335 1698 404 συνηνέχ-

0 458 4 489 ι
118 423 274 481 θησαν
319 423 361 470 οἱ
407 419 741 484 ἑβδομήκοντα.
806 423 848 470 οἱ
888 419 972 483 μὲν
1013 417 1106 485 γὰρ
1157 417 1410 483 εἰρήκασιν,
1462 421 1524 471 εἰς
1568 415 1696 468 οἷκον

0 497 15 539 5
116 503 403 569 ἀνωφελοῦς,
429 502 683 564 τουτέστιν,
710 502 904 553 εἰδώλου
938 500 1128 555 παντός·
1170 504 1212 551 οἱ
1238 500 1299 563 δὲ,
1326 499 1379 551 τὸ
1411 501 1458 550 ἐν
1491 503 1558 569 τῷ
1585 500 1696 570 οἴκῳ

0 581 16 638 Γ
115 583 193 634 ὤν.
258 582 514 647 οἰησόμεθα
548 585 603 648 δὴ
639 585 733 647 οῦν,
760 586 902 635 ἐκεῖνο
931 582 1194 644 βούλεσθαι
1227 585 1323 633 νυνὶ
1356 581 1438 633 τὸν
1464 586 1698 650 προφητι-

74 679 95 716 5
116 663 197 716 κὸν
227 665 335 729 ἡμῖν
362 667 661 730 ὑποσημῆναι
699 665 859 732 λόγον,
887 665 958 716 ὅτι
995 664 1087 731 χρὴ
1126 666 1366 735 σαλπίζειν
1406 664 1584 728 αὐτοῦς,
1614 666 1697 716 οὐκ

115 748 187 798 ἐπὶ
224 747 394 810 μόνους
429 752 522 804 τοὺς
557 746 728 808 βουνοὺς
765 748 840 798 καὶ
877 745 938 798 τέι
975 743 1155 814 ὑψηλὰ,
1191 747 1447 809 τουτέστιν,
1488 748 1541 798 οὐ
1579 747 1698 798 κατὰ

114 832 259 897 μόνης
286 836 369 897 τῆς
396 833 779 900 εἷδωλολατρείας
803 839 884 883 τοῦ
909 831 1123 898 Ἰσραὴλ,
1144 832 1246 896 ἤτοι
1271 836 1365 883 τῶν
1391 832 1500 883 δέκα
1528 838 1697 901 φυλῶν
1716 858 1737 883 ο

114 919 209 964 τῶν
234 916 282 966 ἐν
310 916 562 985 Σαμαρείᾳ,
590 914 719 965 ἀλλά
757 917 830 965 καὶ
866 913 985 965 κατὰ
1019 913 1188 978 ταύτης
1226 916 1308 977 τῆς
1347 915 1492 979 οὔσης
1519 917 1567 965 ἐν
1601 921 1696 970 τοῖς

114 996 461 1062 Ἱεροσολύμοις
498 996 626 1062 παρά
665 1019 714 1048 τε
746 1001 812 1066 τῷ
850 995 1003 1047 Ἰούδα
1041 997 1115 1046 καὶ
1149 999 1215 1065 τῷ
1254 999 1470 1062 Βενιαμίν.
1532 1020 1693 1062 προσ-

9 1097 13 1122 t
48 1101 96 1125 10
115 1078 302 1130 εκύνουν
328 1078 433 1144 γὰρ,
461 1081 522 1133 ὡς
553 1079 684 1146 ἔφην,
720 1082 786 1148 τῷ
820 1079 953 1148 ἡλίῳ·
1002 1075 1053 1129 ὢν
1085 1077 1139 1128 δέ
1169 1079 1298 1128 ἐστιν
1328 1079 1352 1128 ὁ
1379 1078 1527 1142 ἥλιος·
1571 1079 1696 1130 Θεὸν

113 1162 380 1227 ῥιπτοῦντες
425 1162 633 1224 κατόπιν,
670 1163 744 1212 καὶ
787 1159 1192 1227 ἀποστρεφόμενοι
1234 1159 1292 1211 τὰ
1333 1161 1488 1211 αὐτοῦ.
1558 1167 1696 1213 τοῦτο

114 1242 206 1308 γὰρ
231 1241 354 1304 οἶμαι
381 1246 555 1307 δηλοῦν
580 1242 633 1294 τὸ
661 1243 780 1310 ἔχειν
806 1242 864 1293 τὰ
892 1243 1088 1294 ὀπίσθια
1110 1241 1229 1308 πρὸς
1254 1241 1336 1294 τὸν
1362 1242 1473 1293 ναὸν
1504 1245 1695 1310 Κυρίου,

114 1327 188 1375 καὶ
226 1324 283 1375 τά
321 1324 556 1390 πρόσωπα
591 1327 742 1376 αὐτῶν
777 1324 1007 1388 ἀπέναντι,
1042 1327 1188 1389 δῆλον
1222 1325 1270 1376 δὲ
1310 1326 1381 1376 ὅτι
1419 1331 1501 1377 τοῦ
1540 1328 1692 1391 ἡλίου.

114 1405 226 1457 ὅταν
245 1408 398 1458 τοίνυν
423 1408 628 1475 ἀκούσῃς
653 1406 707 1458 τὸ
729 1409 765 1459 ἐν
791 1412 851 1478 τῷ
875 1411 976 1477 οἴκῳ
1003 1406 1068 1470 ὢν,
1090 1405 1215 1458 οἶκον
1241 1406 1270 1472 ἢ
1297 1407 1483 1471 τέμενος
1512 1409 1695 1473 νοήσεις·

7 1523 10 1554 ,
49 1514 94 1551 15
115 1492 219 1540 θεοῦ
253 1490 558 1558 ψευδωνύμου
597 1488 772 1543 παντὸς
811 1492 886 1540 καὶ
923 1490 1246 1554 πεποιημένου,
1279 1490 1381 1555 ἡΙτοι
1417 1496 1499 1542 τοῦ
1537 1492 1690 1556 ἡλίου.

113 1571 288 1622 ἄτοπον
314 1571 361 1622 δὲ
386 1572 515 1622 οὐδὲν
542 1569 569 1635 ὴ
597 1573 824 1623 ἀπίθανον
859 1569 976 1622 εἶναί
1003 1595 1069 1641 τῳ
1105 1570 1282 1641 δόξειεν
1308 1571 1379 1635 ἂν,
1407 1570 1533 1624 οἶκον
1558 1574 1693 1638 ἡλίου
1713 1583 1740 1623 d

112 1652 218 1707 τοῦς
266 1653 384 1723 ἡλίῳ
433 1659 816 1720 προσκυνοῦντας
865 1653 1077 1705 νοεῖσθαί
1134 1677 1183 1705 τε
1243 1657 1317 1705 καὶ
1367 1655 1693 1722 ὀνομάζεσθαι,

113 1735 321 1801 καθάπερ
362 1736 521 1799 ἀμέλει
569 1738 644 1787 καὶ
689 1734 812 1789 οἶκος
854 1740 978 1787 Θεοῦ
1022 1739 1223 1800 νοηθεῖεν
1264 1735 1321 1788 ἂν
1372 1740 1413 1788 οἱ
1450 1737 1509 1789 τά
1550 1741 1692 1792 αὐτοῦ

113 1821 391 1885 φρονοῦντες
417 1821 491 1869 καὶ
513 1818 798 1884 πράττοντες
824 1821 898 1869 καὶ
925 1819 1050 1888 αὐτῷ
1076 1817 1130 1869 τὸ
1156 1817 1303 1880 σέβας
1330 1818 1627 1876 ἀνάπτοντες.

6 1918 7 1973 ᾗ
46 1929 93 1953 20
187 1906 244 1953 Εἰ
283 1901 330 1953 δὲ
365 1902 420 1968 δὴ
454 1903 676 1965 βούλοιτό
713 1927 781 1957 τις
816 1906 890 1955 καὶ
929 1903 1015 1968 τὴν
1053 1904 1257 1968 δάμαλιν
1295 1903 1380 1970 τὴν
1419 1910 1604 1974 χρυσῆν
1639 1907 1691 1960 ὢν

111 1984 430 2053 ὀνομάζεσθαι,
456 1987 648 2057 φορέσει
675 1990 750 2039 καὶ
784 1990 929 2042 οὕτως
962 1986 1016 2039 τὸ
1049 1987 1247 2039 πιθανὸν
1274 1991 1299 2040 ὁ
1326 1988 1486 2055 λόγος.
1555 1994 1580 2043 ὁ
1605 1992 1690 2055 μὲν

111 2068 203 2135 γὰρ
248 2069 468 2134 θεομισὴς
507 2070 754 2137 Ἱεροβοάμ
794 2069 911 2136 πρὸς
954 2068 1008 2121 τὸ
1059 2075 1154 2121 τῶν
1198 2073 1470 2137 Αἰγυπτίων
1518 2075 1685 2138 σέβας,

111 2152 230 2219 φημὶ
269 2149 324 2214 δὴ
357 2151 439 2203 τὸν
453 2150 617 2215 ”Απιν,
642 2152 726 2207 τὰς
759 2153 980 2217 δαμάλεις
1019 2151 1267 2219 εἷργάζετο.
1333 2154 1608 2220 τετιμήκασι
1641 2156 1689 2208 δὲ

110 2231 192 2283 τὸν
219 2231 369 2284 ''An-cv
414 2234 673 2300 Αἰγύπτιοι,
716 2235 922 2299 σελήνης
967 2234 1051 2297 μὲν
1094 2234 1253 2286 τέκνον
1291 2233 1404 2286 εἶναι
1449 2237 1684 2302 λέγοντες·

4 2349 5 2386 3
46 2335 92 2371 25
112 2315 346 2380 τοιγάρτοι
381 2318 456 2366 καὶ
489 2316 721 2380 μηνοειδὲς
760 2319 834 2367 ἐπὶ
867 2316 1085 2381 μετώπου
1116 2314 1208 2384 εἶχε
1241 2323 1452 2380 σημεῖον·
1497 2319 1689 2386 ἔκγονον

112 2395 160 2446 δὲ
193 2394 352 2463 ὥσπερ
387 2398 523 2461 ἡλίου
560 2398 858 2452 πιστεύοντες
891 2397 1018 2461 εἶναι,
1046 2397 1121 2449 διὰ
1148 2397 1216 2461 τὸ,
1241 2399 1414 2463 κατάγε
1446 2399 1500 2452 τὸ
1534 2403 1728 2458 mimice

112 2480 290 2540 δοκοῦν,
310 2478 365 2546 ἐξ
381 2479 514 2542 ἡλίου
539 2479 623 2543 τὴν
642 2479 851 2545 σελήνην
873 2480 1172 2549 φωτίζεσθαι.
1215 2481 1380 2532 οὐκοῦν
1401 2484 1462 2537 ὡς
1482 2485 1689 2549 σελήνης

111 2558 196 2621 μὲν
226 2560 396 2623 τέκνον,
432 2561 566 2623 ἡλίου
601 2561 648 2613 δὲ
687 2562 876 2628 ἔκγονον
914 2564 1083 2626 ἐτίμων
1120 2561 1202 2613 τὸν
1229 2561 1397 2614 ”Α7τιν·
1444 2566 1689 2634 ἀπεκόμιζε

113 2641 161 2691 δὲ
190 2640 354 2695 αὐτοὺς
387 2646 448 2695 εἷς
482 2649 618 2694 τοῦτο
653 2643 709 2706 δὴ
742 2644 926 2708 πλάνης
965 2646 1039 2694 καὶ
1078 2649 1328 2709 λογισμῶν
1359 2646 1636 2712 ἀθλιότητος
1663 2651 1688 2700 ὀ

45 2744 94 2778 30
113 2722 446 2791 πολυμήχανός
481 2724 678 2790 δράκων,
707 2726 949 2777 τουτέστιν
984 2727 1009 2776 ὁ
1043 2730 1267 2780 σατανᾶς.
1335 2731 1578 2801 σαλπίζειν
1607 2733 1689 2783 οὖν

161 2899 194 2932 3.
220 2889 258 2922 τὸ
276 2892 496 2934 assumptum
515 2901 555 2924 ex
575 2889 667 2924 B.D.
913 2891 945 2925 8.
972 2895 1038 2925 τῶν
1054 2903 1124 2926 om.
1146 2891 1191 2925 D.
1243 2892 1368 2927 Statim
1385 2894 1432 2931 εἷς
1448 2896 1634 2941 Σαμάρειαν
1651 2897 1686 2931 b.

115 2934 183 2967 κατ’
201 2935 301 2978 αὐτῆς
318 2935 364 2968 D.
491 2948 524 2981 9.
548 2938 638 2981 παρά
655 2935 707 2982 τε]
727 2938 817 2982 παρά
833 2952 872 2983 γε
889 2937 924 2972 b.
1047 2949 1099 2981 14.
1124 2938 1318 2984 ὑπακούσῃς
1335 2941 1382 2974 D.
1509 2954 1562 2988 19.
1591 2943 1688 2979 Haec

115 2981 167 3014 καὶ
184 2982 385 3024 πράττοντες
402 2990 620 3017 accesserunt
637 2995 677 3017 ex
699 2984 743 3016 D.
858 2995 910 3019 20.
938 2984 977 3027 δὴ
995 2992 1217 3029 assumptum
1234 2999 1275 3020 ex
1296 2987 1388 3023 B.D.
1501 2999 1556 3034 25.
1581 2993 1687 3034 μετώ-

115 3042 191 3063 ποις
212 3028 255 3062 Υ).
446 3028 500 3064 26.
527 3029 595 3075 τοι]
615 3031 652 3064 τὸ
674 3030 765 3064 B.D.
957 3042 1010 3076 29.
1037 3032 1097 3075 μὲν
1114 3034 1178 3077 γὰρ
1197 3045 1260 3077 pro
1278 3034 1313 3067 δέ
1333 3034 1378 3069 D.
