2021 3434
667 224 1101 266 PRAEFATIO.
1611 223 1681 264 xiii

92 363 166 405 per
188 348 544 390 homoeoteleuton
572 349 718 390 omissa
742 355 958 405 apparent,
979 354 1105 404 atque
1133 347 1282 389 idcirco
1311 361 1563 389 communem
1592 361 1680 389 esse

94 417 253 460 Codicis
275 418 310 457 B
333 423 375 458 et
395 416 634 458 Editionum
655 417 810 458 fontem
830 424 1024 473 arguunt.

149 487 246 527 Jam
276 485 372 526 inde
403 485 454 526 de
476 486 500 526 b
528 485 664 526 dicere
694 485 805 527 libet.
867 486 917 526 In
949 485 1057 527 Osee
1087 491 1171 527 tam
1202 499 1332 540 pauca
1362 483 1487 526 citata
1514 489 1608 526 sunt
1635 490 1681 526 ut

92 569 175 595 non
203 553 374 594 multum
401 553 558 608 legenti
586 553 782 594 conferat.
860 554 1010 595 Postea
1037 568 1134 595 vero
1162 553 1285 608 longe
1312 552 1440 608 pluris
1470 559 1546 603 est,
1568 558 1610 593 et
1640 552 1681 593 in

94 621 296 663 Zacharia
331 621 447 662 multi
483 621 606 676 pretii
645 621 776 662 multa
811 621 992 663 exhibet.
1067 620 1234 676 Optimo
1270 621 1406 662 codice
1441 620 1681 675 scriptorem

93 705 209 731 usum
232 704 320 731 esse
340 696 515 745 apparet
542 704 565 731 e
590 704 670 745 quo
700 690 742 731 S.
768 689 915 745 Cyrilli
937 689 1083 731 citaret
1104 690 1244 731 verba.
1307 690 1391 731 Sed
1416 689 1459 731 id
1485 689 1683 745 imprimis

93 765 156 800 est
177 758 372 808 notabile,
393 764 480 799 tum
502 772 631 814 prope
652 772 743 799 cum
764 757 817 798 ad
839 759 879 798 A
899 757 1109 808 accedere,
1131 763 1178 799 ut
1202 764 1359 799 certum
1384 758 1436 799 sit
1461 772 1511 799 ex
1539 758 1683 799 eodem

93 832 218 881 atque
240 825 342 867 Cod.
366 827 402 866 A
424 825 583 881 origine
610 826 718 866 hunc
746 825 976 867 derivatum
1005 840 1116 866 esse:
1148 825 1243 866 licet
1263 825 1304 866 id
1327 840 1488 880 quoque
1511 833 1682 875 constet,

92 895 225 950 ipsum
247 895 283 935 A
304 908 386 935 non
406 908 497 935 eum
521 894 700 935 codicem
722 893 858 942 fuisse,
881 908 960 948 quo
981 894 1034 934 ad
1058 895 1081 934 b
1102 894 1360 934 scribendum
1388 894 1514 935 libelli
1541 901 1686 936 auctor

94 977 190 1004 usus
221 962 286 1003 sit.
346 963 403 1003 Et
423 961 474 1003 de
496 961 530 1002 C
552 968 594 1003 et
615 963 639 1003 b
659 961 766 1003 idem
793 976 961 1017 prorsus
986 961 1164 1009 dixeris3
1199 962 1308 1003 unde
1330 961 1483 1017 judiCO,
1507 963 1685 1004 codicem

97 1031 138 1072 S.
162 1030 309 1086 Cyrilli
335 1029 448 1085 cujus
473 1044 550 1085 ope
573 1031 597 1071 b
618 1029 869 1085 perscriptus
897 1035 959 1071 est
987 1044 1228 1084 germanum
1258 1029 1381 1071 fuisse
1406 1030 1505 1085 ejus,
1527 1046 1579 1072 ex
1605 1046 1686 1086 quo

96 1100 134 1140 A
167 1105 209 1140 et
243 1098 291 1149 C,
329 1113 431 1153 quas
467 1097 639 1153 quisque
674 1098 815 1148 habet,
848 1097 1057 1153 portiones
1089 1104 1362 1153 sumpserunt.
1429 1099 1561 1148 Quam
1595 1115 1687 1140 con-

90 1167 296 1223 jecturam
324 1166 365 1207 id
393 1166 566 1208 forsitan
592 1166 907 1217 confirmaverit,
929 1166 1003 1207 hos
1031 1166 1133 1207 duos
1162 1166 1292 1208 Codd.
1316 1168 1369 1219 (A
1391 1173 1432 1208 et
1454 1167 1504 1220 C)
1528 1169 1688 1219 “uiuos

97 1236 135 1276 a'
161 1234 232 1288 (β’,
256 1235 379 1288 &c.)''
401 1235 466 1277 vel
487 1240 515 1260 “
530 1235 698 1286 βιβλίον
719 1233 791 1276 a‘”
813 1235 969 1276 addere
989 1241 1074 1276 tum
1098 1235 1150 1276 ad
1176 1235 1298 1276 finem
1327 1250 1418 1276 cum
1446 1236 1500 1277 ad
1527 1236 1686 1278 initium

96 1304 215 1346 unius
237 1304 432 1359 cujusque
454 1303 584 1351 Tomi,
607 1303 716 1359 quod
737 1318 870 1358 neque
892 1302 929 1343 B
950 1318 1023 1344 nec
1045 1304 1084 1343 D
1108 1318 1288 1359 unquam
1308 1304 1420 1346 facit.

155 1371 189 1412 C
212 1372 370 1427 primae
398 1371 537 1413 classis
565 1377 627 1413 est
655 1371 800 1420 codex,
822 1377 864 1412 et
885 1370 1062 1412 omnium
1086 1371 1394 1413 vetustissimus.
1456 1371 1596 1413 Bonus
1623 1372 1688 1413 hic

96 1455 258 1496 quoque
287 1445 364 1489 est,
390 1445 619 1488 accuratus,
648 1445 691 1480 et
720 1454 816 1480 raro
846 1439 1002 1495 aliquid
1032 1440 1083 1481 ob
1116 1440 1473 1482 homoeoteleuton
1503 1447 1689 1496 praeter-

97 1509 237 1551 mittit.
300 1508 482 1549 Multum
509 1513 648 1549 tamen
676 1508 837 1549 laborat
860 1523 936 1564 per
961 1508 1267 1550 emendationes
1288 1508 1412 1550 variis
1437 1508 1688 1565 temporibus

95 1578 238 1618 factas.
299 1576 479 1618 Videtur
516 1576 639 1618 etiam
675 1576 882 1618 interdum
917 1576 1134 1627 studuisse,
1168 1582 1213 1618 ut
1244 1592 1333 1618 cum
1372 1577 1413 1619 S.
1449 1577 1689 1633 Scripturae

98 1646 227 1686 verba
254 1644 495 1697 citarentur,
527 1645 659 1686 textui
690 1645 917 1686 Bibliorum
947 1645 1076 1687 verba
1107 1646 1335 1701 effingeret,
1365 1660 1400 1687 e.
1422 1661 1463 1702 g.
1496 1659 1576 1702 713
1605 1647 1689 1696 fin.‚

105 1723 186 1769 749
209 1714 248 1762 d,
276 1713 360 1766 780
380 1713 419 1754 d.
484 1714 662 1769 Oportet
688 1719 824 1754 autem
854 1713 1050 1764 indicare,
1075 1713 1108 1754 C
1131 1721 1217 1755 tum
1239 1715 1467 1770 perfectum
1488 1715 1691 1757 exstitisse

98 1796 190 1822 cum
231 1781 530 1823 Bibliothecam
572 1781 868 1823 Coistinianam
915 1782 1137 1824 confecerit
1176 1782 1528 1825 Montefalconius
1568 1785 1691 1836 (anno

105 1865 119 1892 1
136 1853 250 1905 715),
271 1865 378 1891 nunc
398 1856 535 1891 aut-em
557 1850 696 1891 decem
718 1850 852 1906 prima
873 1850 1015 1892 deesse
1036 1850 1145 1893 folia.

157 1921 195 1960 A
228 1918 426 1974 ejusmodi
462 1924 524 1960 est
561 1917 717 1967 Codex,
752 1919 821 1974 qui
856 1918 1000 1974 quanti
1036 1919 1089 1960 sit
1120 1934 1282 1975 semper
1317 1920 1474 1972 melius,
1507 1921 1603 1962 dum
1639 1922 1692 1963 ad

99 1987 220 2028 finem
241 2002 373 2028 meam
396 1985 630 2028 Editionem
655 1987 827 2036 adduco,
849 1987 1074 2029 aestimavi.
1136 1988 1270 2044 Saepe
1298 2003 1396 2030 sane
1424 1991 1692 2032 conturbatae

99 2062 196 2097 sunt
229 2055 442 2097 literarum
477 2055 674 2106 rationes,
708 2062 751 2097 et
790 2055 982 2097 dictando
1015 2056 1306 2112 transcriptum
1345 2057 1468 2099 fuisse
1503 2066 1692 2114 apparet,

99 2123 273 2166 scribam
313 2129 464 2172 autem,
499 2123 531 2164 si
572 2124 736 2179 quando
777 2124 931 2165 dictata
970 2124 1103 2165 minus
1139 2124 1333 2177 audisset,
1369 2132 1549 2168 tentasse
1585 2128 1693 2169 vocis

100 2207 242 2233 sonum
274 2191 407 2247 magis
437 2206 559 2247 quam
591 2193 811 2234 verborum
842 2208 1005 2234 sensum
1036 2193 1165 2248 sequi.
1231 2194 1338 2235 Puto
1369 2200 1520 2245 tamen,
1552 2195 1585 2235 si
1615 2196 1692 2237 hoc

100 2259 243 2301 vitium
285 2259 594 2311 condonaveris‚
630 2260 743 2302 illum
780 2275 943 2316 quoque
984 2261 1142 2317 primae
1182 2261 1301 2303 classi
1338 2262 1692 2305 adnumerandum

100 2343 202 2370 esse.

160 2397 200 2437 D
228 2396 449 2437 admodum
479 2396 706 2452 inaequalis
736 2402 823 2446 est3
865 2396 906 2438 in
937 2397 1045 2439 Osee
1074 2397 1263 2453 optimus,
1294 2397 1336 2439 in
1363 2398 1561 2442 Michaea
1589 2401 1693 2442 adeo

101 2464 232 2505 bonus
253 2464 469 2505 videbatur
490 2479 578 2506 esse
599 2471 751 2516 textus,
777 2471 820 2506 ut
840 2465 1090 2520 speraverim
1112 2465 1188 2521 ipsi
1210 2466 1251 2506 A
1270 2465 1312 2507 in
1333 2467 1574 2522 quibusdam
1596 2470 1694 2510 locis

103 2532 358 2587 aliquantum
387 2547 475 2573 esse
502 2533 753 2588 adjuturum.
815 2534 953 2589 Atque
975 2534 1082 2575 hune
1107 2540 1153 2575 ut
1173 2540 1305 2576 totum
1332 2536 1589 2592 perlegerem
1611 2553 1694 2579 non

103 2600 202 2641 mihi
237 2606 399 2655 tempus
434 2601 620 2651 suffecit;
667 2616 757 2643 cum
797 2601 840 2643 in
880 2602 1126 2643 monasterio
1166 2602 1237 2644 ubi
1278 2603 1380 2646 Cod.
1423 2611 1526 2654 erat,
1567 2606 1695 2647 febris

103 2668 300 2722 palustris
331 2668 524 2717 oriretur,
556 2675 598 2711 et
627 2669 713 2725 ipse
743 2670 785 2711 in
815 2670 1003 2711 morbum
1034 2676 1118 2711 tam
1149 2671 1338 2726 proclivis
1369 2687 1513 2724 essem,
1545 2679 1591 2715 ut
1620 2674 1692 2716 de-

104 2736 251 2778 cedere
283 2736 446 2778 omnino
475 2743 699 2793 oporteret.
760 2738 813 2779 In
835 2737 1035 2779 Zacharia
1057 2738 1197 2780 Codici
1220 2738 1253 2779 C
1275 2739 1499 2782 simillimus
1524 2748 1600 2792 est,
1622 2742 1694 2783 sed

104 2803 314 2858 aliquanto
336 2804 560 2846 editionum
581 2805 713 2847 textui
733 2806 925 2862 propior;
955 2812 997 2847 et
1016 2821 1178 2862 semper
1198 2807 1298 2858 fere,
1312 2809 1382 2850 ubi
1402 2809 1569 2865 aliquid,
1585 2811 1695 2866 quod

105 2887 156 2913 ex
182 2872 216 2912 C
243 2872 412 2914 accessit
442 2872 574 2914 omitti
604 2888 679 2928 per
710 2874 1065 2916 homoeoteleuton
1095 2875 1242 2931 potuit,
1265 2877 1303 2917 D
1335 2892 1497 2933 quoque
1528 2878 1692 2920 omittit.

107 2940 156 2980 In
196 2940 393 2982 Habacuc
433 2941 676 2996 plerumque
712 2941 842 2983 bonus
876 2948 963 2992 est3
1010 2943 1178 2985 Nahum
1213 2950 1255 2986 et
1290 2949 1509 3001 Aggaeum
1544 2961 1695 3003 operae

105 3007 284 3062 pretium
317 3015 409 3050 erat
444 3009 676 3051 contulisse.
752 3011 813 3052 At
846 3010 888 3051 in
919 3011 1015 3053 Joel
1047 3012 1177 3054 multo
1213 3013 1395 3055 deterior
1430 3020 1521 3057 erat
1553 3020 1694 3057 textus
