2021 3434
114 194 197 236 xiv.
221 195 257 235 8.
552 196 625 236 IN
667 196 905 237 OSEAM.
968 195 1117 237 TOM.
1155 194 1258 235 VII.
1609 191 1691 230 283

115 308 141 332 ‘⁶
165 302 274 366 ε”θνη
305 306 380 355 καὶ
414 305 763 374 κατεφύτευσας
797 303 952 369 αὐτήν·
994 304 1290 367 ὡδοποίησας
1321 300 1588 366 ἔμπροσθεν
1612 298 1688 347 αὐ-
1709 297 1736 337 (l

113 390 141 413 “
166 387 261 448 τῆς.
329 385 519 454 ἐξέτεινε
557 386 616 437 τὰ
649 386 868 451 κλήματα
900 387 1038 450 αὐτῆς
1071 385 1154 439 ἕως
1188 383 1457 446 θαλάσσης,
1496 382 1572 430 καὶ
1610 378 1693 432 ἕως

114 472 141 495 “
166 473 380 531 ποταμοῦ
405 467 488 523 τὰς·
514 469 826 537 παραφυάδας
854 467 1034 533 αὐτῆς.”
1088 469 1254 518 οὐκοῦν
1279 465 1489 528 ἄμπελος
1515 459 1597 524 μὲν
1617 460 1690 511 εὐ-

113 553 425 612 κληματοῦσα
475 552 681 618 ὑπῆρχεν
732 552 757 601 ὁ
796 549 1012 616 Ἰσραήλ·
1067 547 1220 612 ἐπειδὴ
1260 546 1308 597 δὲ
1347 544 1693 612 προσκέκρουκε

73 629 441 696 5πολυτρόπως,
475 638 501 661 μ’
520 636 732 698 Περιεῖλε
767 631 940 698 Κύριος
972 630 1054 682 τὸν
1088 629 1312 700 φραγμὸν
1349 629 1504 691 αὐτῆς,
1535 648 1694 691 τετρυ-
1754 628 1912 712 fglxix

114 719 141 742 “
167 712 369 779 γήκασιν
441 715 586 780 αὐτὴν
633 716 803 769 πάντες
853 719 895 767 οἱ
957 712 1384 782 παραπορευόμενοι
1436 712 1520 775 τὴν
1571 708 1692 761 ὁδόν.
1798 698 1806 712 ’

114 803 142 825 “
164 795 427 860 ἐλυμήνατο
469 798 613 861 αὐτὴν
652 798 702 852 ῦς
740 799 789 848 ἐκ
827 799 1016 864 δρυμοῦ,
1052 798 1127 846 καὶ
1165 795 1269 848 ὄνος
1313 793 1474 859 ἄγριος
1513 814 1695 842 κατενε-

116 885 142 908 “
166 877 355 942 μήσατο
398 878 588 944 αὐτήν.”
669 878 860 931 τέθειται
905 877 998 945 γὰρ
1042 877 1204 943 ὥσπερ
1256 879 1317 929 εἶς
1368 873 1696 937 καταπάτησιν

115 965 209 1014 τοῖς
247 960 491 1011 ἐθέλουσιν
523 963 710 1024 ἀδικεῖν,
738 961 910 1028 χοίροις
942 983 990 1011 τε
1025 961 1100 1011 καὶ
1135 957 1255 1011 ὄνοις
1291 955 1423 1021 νομὴ,
1454 954 1696 1006 τουτέστιν

51 1064 97 1089 10
115 1042 297 1106 ἡδοναῖς
334 1065 383 1093 τε
423 1044 497 1093 καὶ
533 1043 760 1109 ἀλογίαις.
828 1041 1046 1109 ταύτῃτοι
1084 1037 1388 1106 μεμάρανται.
1454 1036 1584 1101 πλὴν
1615 1038 1694 1087 ἀν-

116 1124 282 1175 έθαλεν
325 1125 372 1175 ἐν
415 1128 614 1194 Χριστῷ
656 1126 700 1176 τί)
746 1124 1004 1193 μνημόσυνον
1046 1124 1187 1184 αὐτοῦ,
1228 1124 1374 1185 δῆλον
1418 1119 1465 1171 δὲ
1504 1120 1574 1171 ὅτι
1612 1125 1732 1170 τοῦθ

114 1205 326 1273 Ἰσραήλ·
381 1206 642 1276 μνημόσυνον
686 1205 742 1256 δέ
781 1211 946 1273 φησιν,
992 1204 1063 1256 ὅτι
1113 1202 1177 1268 μὴ
1221 1202 1392 1257 πάντες
1433 1202 1692 1254 πεπιστεύ-

117 1311 270 1350 κασιν,
308 1290 417 1340 ἀλλ’
455 1293 518 1344 εἷς
562 1289 750 1354 μνήμην
787 1287 948 1355 ὥσπερ
987 1289 1127 1339 αὐτοῦ
1165 1285 1410 1352 τετήρηται
1450 1284 1504 1336 τὸ
1547 1284 1693 1336 κατά-

117 1377 305 1435 λειμμα.
370 1372 533 1438 γέγονε
571 1370 620 1423 δὲ
657 1377 718 1442 τῷ
752 1370 970 1441 Ἐφραὶμ,
1008 1369 1110 1434 ἤτοι
1148 1373 1214 1439 τῷ
1246 1367 1462 1435 Ἰσραὴλ,
1502 1368 1529 1432 ἡ
1566 1367 1696 1434 παρὰ

52 1466 97 1505 15
119 1458 241 1506 Θεοῦ
265 1453 399 1522 χάρις
425 1457 482 1510 ὡς
510 1453 612 1510 οἶνος
636 1454 838 1516 λιβάνου,
863 1453 1119 1514 τουτέστιν,
1146 1451 1316 1516 εὐώδης
1343 1474 1392 1502 τε
1418 1452 1492 1502 καὶ
1519 1451 1696 1520 λιβάνῳ

118 1536 234 1603 πρὸς
271 1537 494 1602 εὐοσμίαν
528 1538 668 1603 ὀλίγα
705 1540 1014 1604 παραχωρῶν.
1079 1535 1181 1586 ἔστι
1211 1533 1257 1585 δὲ
1284 1539 1488 1586 τοιοῦτος
1517 1534 1541 1583 ὁ
1568 1531 1697 1599 παρὰ

118 1622 332 1685 Χριστοῦ
370 1619 527 1685 λόγος,
565 1622 639 1670 καὶ
675 1621 781 1686 περὶ
819 1620 960 1669 αὐτοῦ
1000 1619 1150 1687 φησὶν
1190 1619 1214 1667 ὁ
1253 1615 1479 1682 μακάριος
1520 1616 1696 1666 Δαυείδ

122 1708 148 1731 “
175 1698 316 1754 Οἶνος
350 1702 582 1769 εὐφραίνει
617 1701 808 1769 καρδίαν
847 1700 1136 1767 ἀνθρώπου,”
1167 1697 1204 1769 ᾧ
1243 1700 1316 1749 καὶ
1351 1697 1544 1766 σφόδρα
1578 1721 1733 1764 προ-α
1764 1714 1915 1771 195MA.

121 1782 278 1846 θύμως
304 1784 569 1849 ἐπείγεσθαι
594 1787 908 1851 προσβαλεῖν,
941 1781 1060 1849 ἱερὸς
1085 1783 1206 1846 ἡμᾶς
1238 1780 1500 1847 παραθήγει
1535 1779 1692 1846 λόγος·
1757 1765 1807 1848 f}
1826 1776 1890 1796 ‘³¹¹¹'

55 1881 103 1905 20
122 1865 213 1932 ἔχει
252 1864 345 1931 γὰρ
384 1863 469 1916 ῶδε
504 1866 743 1932 6(Φοὶγετε,
783 1867 858 1916 καὶ
899 1866 1039 1928 πίετε,
1076 1866 1151 1915 καὶ
1188 1863 1453 1927 μεθύσθητε
1493 1865 1533 1913 οἱ
1572 1870 1697 1927 πλη·
1757 1871 1854 1945 §wlff-

123 1953 149 1975 ‘⁶
177 1947 329 1997 σίον.”
394 1949 667 2015 ἀπροσκορῆ
706 1947 798 2014 γὰρ
844 1948 992 2012 ἁγίοις
1030 1946 1089 1998 τὰ
1133 1945 1207 1997 διὰ
1247 1949 1475 2012 Χριστοῦ,
1519 1946 1594 1995 καὶ
1635 1949 1696 2000 εἷς
1782 1939 1788 1946 ’
1830 1938 1835 1945 ’

122 2029 266 2093 μέθην
303 2029 544 2098 ληφθέντα
581 2034 922 2098 χρησιμώτερα.

571 2253 620 2293 Τί
658 2254 772 2307 αὐτῷ
809 2254 869 2294 ἔτι
909 2254 975 2293 καὶ
1014 2250 1237 2303 εἰδώλοις;

200 2370 255 2417 Εἰ
295 2365 388 2433 γὰρ
427 2366 622 2433 γένοιτο,
663 2369 827 2435 φησὶν,
869 2369 917 2418 ἐν
960 2369 1221 2433 πλησμονῇ
1263 2366 1337 2415 καὶ
1382 2363 1562 2432 μεθέξει
1604 2366 1698 2413 τῶν

55 2467 102 2505 25
124 2449 242 2499 οὕτω
286 2452 475 2499 σεπτῶν
517 2451 591 2499 καὶ
636 2449 811 2500 ἄνωθεν
854 2451 1058 2514 ἀγαθῶν,
1103 2446 1404 2514 ἀποχωρήσει
1453 2449 1697 2498 παντελῶς

121 2536 204 2582 τοῦ
246 2534 521 2582 πλανᾶσθαι
572 2531 735 2593 θέλειν,
788 2533 862 2581 καὶ
912 2533 1224 2597 προσκεῖσθαι
1274 2533 1369 2582 τοῖς
1409 2528 1559 2593 ε”ργοις
1602 2531 1695 2578 τῶν
1713 2542 1739 2584 b

123 2615 249 2665 ἰδίων
279 2617 461 2681 χειρῶν.
525 2613 647 2667 τίνος
678 2613 771 2679 γὰρ
805 2613 869 2664 ε”τι
907 2617 1000 2664 τῶν
1038 2615 1229 2677 ἀγαθῶν
1269 2610 1491 2677 ὑπάρχων
1528 2608 1696 2674 ἐνδεὴς,

122 2695 181 2747 τὰ
228 2696 335 2761 παρ’
378 2695 532 2761 ἑτέρου
581 2693 798 2760 ζητήσεις
857 2693 885 2758 ἢ
934 2697 1008 2746 καὶ
1049 2692 1269 2757 ἀνόνητος
1313 2696 1557 2746 παντελῶς
1601 2695 1697 2745 τοῖς

172 2862 203 2891 2,
222 2862 254 2896 3.
283 2850 380 2886 Haec
399 2851 811 2895 ἐξέτεινε-παραφυάδας
827 2851 926 2894 αὐτῆς
944 2857 1163 2885 accesserunt
1180 2863 1219 2885 ex
1240 2851 1285 2885 D.
1461 2863 1492 2895 3.
1520 2849 1559 2894 ἦν
1575 2850 1695 2893 εὐκλη-

124 2901 277 2943 μιιτοῦσα
295 2910 358 2943 pro
376 2899 513 2943 εἷ’κλημ.
533 2899 681 2942 ὑπῆρχεν
699 2899 716 2930 ὁ
735 2898 779 2931 D.
795 2897 829 2931 b.
1033 2909 1066 2943 5.
1093 2897 1209 2943 αὐτῆς]
1227 2903 1262 2939 -Ι-
1281 2898 1333 2932 καὶ
1351 2897 1443 2932 Edd.
1463 2898 1577 2932 invitis
1598 2897 1692 2931 B.D.

128 2956 159 2990 7.
185 2944 259 2980 ὄνος
276 2944 379 2979 habet
399 2945 444 2980 D,
667 2956 719 2986 14.
738 2944 755 2987 ἡ
774 2950 994 2989 assumptum
1013 2957 1053 2979 ex
1073 2945 1167 2980 B.D.
1180 2945 1214 2979 b.
1423 2944 1474 2980 16.
1493 2946 1581 2990 παρὰ
1601 2944 1646 2979 D.
1659 2944 1694 2979 b.

124 2993 200 3037 περὶ
220 2992 260 3027 Β.
281 2991 371 3027 Edd.
563 3002 616 3036 27.
644 2990 771 3037 ἐνδεὴς]
793 2991 923 3034 ἐπιδεὴς
942 2992 987 3025 D.
1179 2992 1232 3027 253.
1262 2993 1349 3037 ζητεῖ
1368 2992 1413 3026 D.

845 3061 960 3090 002
