2021 3434
309 210 394 249 644
702 206 749 245 B.
795 203 1069 245 CYRILLI
1107 203 1491 245 ALEXANDR.
1700 200 1759 242 iii.
1787 212 1880 252 1-4.

92 323 263 378 Κεφ·γῖ
315 332 388 373 Καὶ
426 329 514 387 ἐρεῖ
546 330 781 370 Ἀκούσατε
830 328 881 369 δὴ
928 332 1060 370 ταῦτα
1104 326 1146 369 αἱ
1193 329 1319 385 ἁρχαὶ
1365 325 1486 369 οἷ’κου
1523 327 1678 376 Ἰακὼβ
1727 325 1795 366 καὶ
1842 320 1882 364 οἱ

381 414 636 455 κατάλοιποι
665 416 739 454 τοῦ
760 412 950 468 Ἰσραήλ.
1009 411 1083 467 οὐχ
1116 410 1208 460 ὑμῖν
1235 411 1324 453 ἐστι
1349 415 1423 453 τοῦ
1452 411 1608 458 Γνώναι
1643 410 1692 453 τὸ
1725 406 1882 466 κρῖμας

271 510 290 533 2
381 495 419 538 οἱ
458 501 680 546 μισοῦντές
713 496 764 536 τὰ
809 495 918 536 καλὰ
959 494 1027 535 καὶ
1059 499 1279 552 ςΗτοῡντες
1318 494 1369 536 τὰ
1406 493 1588 550 πονΗρὰ,
1625 493 1884 549 ἁρπάζοντες

379 581 430 621 τὰ
481 579 670 636 δέρματα
715 578 856 620 αὐτῶν
897 579 963 619 ἀπ’
1008 578 1149 620 αὐτῶν
1188 579 1257 619 καὶ
1296 578 1373 620 τὰς
1416 579 1577 634 σάρκας
1618 576 1759 618 αὐτῶν
1799 572 1885 615 ἀπὸ

274 679 295 714 3
381 664 466 706 τῶν
499 663 662 706 ὀστέων
701 663 854 704 αὐτῶν.
913 662 964 705 ὃν
1003 662 1164 719 τρόπον
1208 663 1449 718 κατέφαι-ον
1491 661 1568 703 τὰς
1611 661 1772 717 σάρκας
1811 660 1930 702 τοῦ5

267 747 293 786 d
381 751 486 788 λαοῦ
530 762 624 798 μου,
669 746 736 786 καὶ
773 747 824 787 τὰ
869 745 1059 803 δέρματα
1103 746 1244 787 αὐτῶν
1288 746 1373 788 ἀπὸ
1412 745 1498 787 τῶν
1542 744 1703 786 ὀστέων
1745 740 1888 782 αὐτῶν

382 830 614 887 έὲέὸειραν,
654 830 721 870 καὶ
754 830 805 870 τὰ
844 829 947 871 ὀστᾶ
993 830 1132 871 αὐτῶν
1177 831 1453 880 συνέθλασαν,
1492 827 1559 869 καὶ
1596 826 1796 875 ὲμέλισαν
1828 824 1889 864 ὡς

274 925 296 955 4
385 915 545 971 σάρκας
577 911 636 954 εἰς
668 913 838 963 λέβΗτα,
866 913 934 953 καὶ
963 913 1022 953 ὡς
1059 913 1161 969 κρέα
1197 911 1257 954 εἰς
1292 914 1462 968 χύτραν·
1500 913 1638 952 οὕτως
1661 908 1891 966 κεκράὲον-

382 1014 450 1040 ται
477 998 583 1055 πρὸς
612 997 774 1054 Κύριον,
803 997 870 1037 καὶ
905 997 980 1038 οὐκ
1013 995 1308 1038 εἶσακούσεται
1341 996 1494 1037 αὐτῶν·
1535 994 1603 1035 καὶ
1627 992 1893 1049 ἀποστρέψει

383 1079 431 1123 τὸ
466 1082 700 1137 πρόσωπον
735 1080 864 1121 αὐτοῦ
903 1079 969 1121 ἀπ’
1002 1080 1144 1121 αὐτῶν
1177 1081 1221 1121 ἐν
1253 1082 1315 1134 τῷ
1353 1080 1488 1135 καιρῷ
1520 1077 1680 1132 ἐκείνῳ,
1706 1075 1797 1118 ἀνθ’
1830 1072 1891 1117 ὧν
1916 1087 1964 1114 10

383 1165 730 1221 ἐπονΗρεύσαντο
755 1164 800 1204 έν
826 1161 914 1205 τοῖς
940 1163 1271 1212 ἐπιτι-ιὸεύμασιν
1299 1163 1441 1204 αὐτῶν
1468 1162 1528 1204 ἐπ’
1562 1160 1730 1203 αὐτούς.

98 1300 202 1383 Ξῑῑιζΐ
279 1315 300 1341 e
390 1293 452 1342 ‘O
487 1296 582 1344 τοῖς
619 1296 884 1355 πολεμοῦσι
925 1290 1006 1343 τὸν
1045 1289 1247 1358 Ἰσραὴλ
1288 1287 1500 1355 ἀνοιγνὺς
1540 1287 1624 1342 τὰς
1661 1288 1832 1345 πύλας,
1869 1288 1895 1337 ὁ

124 1368 130 1374 ”
196 1367 202 1373 “
317 1372 472 1426 πάντα
511 1373 827 1424 καταλεαίνων
872 1375 1039 1435 αὐτοῖς,
1085 1375 1160 1424 καὶ
1201 1372 1259 1424 τὰ
1297 1374 1502 1439 δυσχερῆ
1541 1370 1896 1438 καταστρέφων,

319 1459 379 1510 ὡς
407 1454 464 1506 ἂν
488 1456 701 1507 δύναιντο
726 1454 894 1507 λοιπὸν
921 1456 975 1506 δι’
995 1456 1235 1521 εὐμαρείας
1264 1453 1373 1505 ἱέναι
1396 1457 1598 1518 πολλῆς,
1621 1455 1697 1504 καὶ
1722 1454 1897 1504 ἀκονιτὶ

320 1537 722 1604 καταδράττεσθαι
783 1542 877 1588 τῶν
937 1536 1306 1602 ἀνθεστηκότων,
1355 1537 1380 1587 ὁ
1430 1536 1683 1602 ἡγούμενος
1745 1535 1898 1586 αὐτῶν
1922 1554 2003 1594 15

324 1621 509 1687 Κύριος.
569 1619 705 1673 αὐτὸς
744 1622 819 1671 καὶ
854 1621 934 1688 ἐρεῖ
967 1625 1062 1674 τοῖς
1101 1620 1316 1687 ἄρχουσι,
1348 1621 1424 1669 καὶ
1460 1623 1556 1672 τοῖς
1594 1620 1899 1670 καταλοίποις

320 1709 403 1755 τοῦ
441 1708 574 1754 λαοῦ.
637 1701 691 1753 τὸ
729 1702 776 1752 δὲ
812 1703 902 1772 ἐρεῖ,
929 1701 1126 1753 τέθεικεν
1149 1703 1251 1752 ἀντὶ
1280 1706 1362 1752 τοῦ
1394 1698 1898 1768 προσδιαλεχθήσεται.

321 1789 397 1837 καὶ
422 1790 516 1839 τοῖς
541 1784 624 1849 μὲν
651 1785 861 1836 διέπουσι
895 1783 978 1837 τὰς
1007 1783 1157 1852 ἐιρχέις
1191 1785 1384 1848 ἐγκαλεῖ
1402 1782 1455 1834 τὸ
1480 1785 1702 1851 ῥᾳθυμον,
1728 1784 1803 1833 καὶ
1829 1781 1902 1850 ὅτι

323 1873 416 1919 τῶν
450 1866 540 1919 ὑπὸ
573 1872 702 1935 χεῖρα
734 1867 1118 1930 κατημεληκότες,
1146 1865 1331 1932 ὄλεθροι
1361 1864 1590 1932 γεγόνασι
1615 1867 1689 1916 καὶ
1711 1864 1897 1933 φθοροί·
1998 1925 2003 1938 Δ

106 1970 182 2005 417
200 1968 250 2002 A.
287 1955 420 2004 ετοῖς
457 1949 607 2015 γεμὴν
645 1948 1029 2015 ὑπεστρωμένοις,
1069 1951 1142 1999 καὶ
1180 1953 1280 2001 ταῖς
1318 1952 1412 1998 τῶν
1450 1946 1744 2013 κρατούντων
1785 1950 1900 1998 δυσ-
1921 1967 1969 1994 20

326 2034 533 2099 τροπίαις
560 2031 883 2096 ἠπατημένοις,
910 2032 1076 2082 δίδωσι
1100 2035 1233 2088 νοεῖν,
1261 2029 1331 2081 ὅτι
1362 2034 1456 2081 τῶν
1481 2033 1543 2084 εἷς
1574 2027 1740 2083 αὐτοὺς
1772 2029 1903 2080 ἕνεκα

324 2113 746 2179 πλημμελημάτων
776 2113 1087 2181 ἐπιῤῥίπτεται
1124 2113 1226 2176 δίκη
1261 2118 1356 2166 τοῖς
1391 2109 1652 2177 ἠδικηκόσι.
1720 2110 1902 2176 κήδεται

327 2196 420 2263 γὰρ
451 2198 525 2247 καὶ
559 2201 652 2247 τῶν
682 2196 1001 2259 πλανωμένων
1028 2196 1052 2246 ὁ
1077 2199 1171 2246 τῶν
1198 2194 1323 2245 ὅλων
1347 2193 1659 2261 Δημιουργὸς,
1687 2194 1712 2244 ὁ
1739 2195 1903 2246 κτίσας

110 2293 194 2334 Eph.
213 2293 246 2325 ii·
330 2282 412 2334 τὸν
435 2282 684 2349 ἄνθρωπον
700 2290 726 2310 “
747 2283 820 2332 ἐπὶ
845 2282 994 2347 ἔργοις
1020 2283 1226 2347 ἀγαθοῖς,
1247 2280 1313 2334 οἷς
1339 2283 1413 2331 καὶ
1438 2281 1822 2347 προητοίμασεν,”
1842 2282 1904 2334 ὡς

115 2347 163 2368 10.

379 2465 409 2488 Ι.
434 2453 466 2486 αἶ
484 2464 551 2486 orn.
571 2451 614 2485 A.
629 2450 691 2496 (62
708 2450 772 2495 al.)
821 2448 931 2495 οἴκου]
948 2454 984 2491 4·
999 2452 1058 2484 τοῦ
1071 2449 1163 2484 Edd.
1183 2450 1254 2494 (23.
1272 2448 1331 2493 al.)
1381 2450 1411 2483 οἱ
1429 2443 1499 2483 oin.
1517 2448 1562 2483 A.
1787 2448 1830 2483 2.
1844 2450 1904 2483 τοῦ

330 2501 426 2546 prius
442 2499 531 2533 AB.
547 2498 645 2543 (130,
660 2497 760 2543 311.)
775 2496 867 2531 οἴκου
885 2509 947 2542 pro
963 2499 1023 2531 τοῦ
1038 2496 1130 2531 Edd.
1142 2496 1249 2540 (AX.
1262 2496 1342 2540 &o.)
1390 2496 1481 2538 ὑμῶν
1497 2496 1541 2530 Α.
1553 2495 1625 2539 (62,
1641 2496 1734 2541 147.)
1782 2497 1842 2529 τοῦ
1860 2495 1904 2530 Β.

331 2550 369 2581 τὸ
388 2546 479 2581 Edd.
497 2545 595 2591 (68.)
609 2545 784 2579 Neutrum
803 2544 906 2578 habet
918 2544 962 2578 A.
976 2545 1065 2589 (86.)
1192 2556 1225 2586 4.
1243 2543 1350 2577 αὐτῶν
1366 2543 1518 2588 primum
1537 2554 1606 2576 om.
1625 2542 1668 2576 B.
1717 2542 1825 2576 αὐτῶν
1840 2542 1905 2576 ult.

332 2606 402 2628 om.
421 2594 464 2627 A.
628 2601 661 2636 5.
685 2592 744 2626 τὰς
761 2592 887 2635 σάρκας
904 2602 973 2625 orn.
987 2591 1030 2624 A.
1187 2590 1220 2624 6.
1245 2590 1347 2624 αὐτοῦ
1366 2601 1428 2634 pro
1444 2604 1508 2633 μου
1522 2590 1565 2623 Α.
1614 2589 1679 2623 ἀπὸ
1696 2592 1762 2623 τῶν
1777 2588 1906 2623 ὀστέων

333 2642 440 2675 αὐτῶν
457 2639 548 2673 Α.Β.
564 2639 679 2681 (Alex.
698 2637 798 2681 XII.)
816 2637 870 2671 ἀπ’
890 2638 997 2671 αὐτῶν
1015 2636 1106 2672 Edd.
1125 2636 1238 2680 (Vat.)
1444 2646 1475 2682 7.
1501 2636 1588 2670 ὀστᾶ
1606 2636 1647 2670 Β.
1667 2636 1784 2679 (Alex.
1803 2635 1905 2676 XII.)

335 2687 439 2722 ὅστεα
458 2686 548 2720 Edd.
568 2685 681 2729 (Vat.)
730 2684 890 2729 ἐμέρισαν
908 2684 999 2718 Edd.
1018 2683 1094 2729 (22.
1112 2683 1177 2728 al.)
1288 2683 1320 2717 8.
1346 2682 1491 2728 λέβητα]
1513 2682 1659 2726 λέβητας
1676 2682 1767 2717 Edd.
1787 2681 1906 2727 (153.)

336 2747 368 2780 9.
393 2733 494 2778 πρὸς]
511 2737 548 2773 -ff-
569 2734 626 2766 τὸν
645 2731 734 2766 Edd.
753 2732 865 2774 (Vat.)
1074 2742 1125 2765 12.
1148 2729 1188 2763 ζΟ
1205 2730 1349 2765 accessit
1366 2742 1406 2763 ex
1424 2730 1514 2764 AB.
1729 2740 1781 2772 14.
1807 2729 1906 2772 εὐμα-

336 2781 426 2825 ρείας
444 2780 533 2814 Α.Β.
554 2778 726 2824 [εὐμαρίας
745 2777 808 2823 A.]
827 2777 992 2823 εὐκαιρίας
1009 2777 1099 2811 Edd.
1274 2776 1325 2811 16.
1353 2776 1484 2821 Κύριος.
1503 2777 1602 2812 αὐτὸς
1618 2776 1670 2810 καὶ
1687 2776 1755 2820 ἐρεῖ
1771 2775 1816 2810 A.
1837 2775 1907 2821 [καὶ

339 2827 611 2871 suprascriptum
630 2825 692 2871 A.]
712 2824 844 2869 Κύριος,
871 2826 969 2860 αὐτὸς
987 2825 1054 2868 ἐρεῖ
1070 2824 1111 2858 Β.
1131 2823 1254 2869 Κύριος
1270 2824 1379 2859 αὐτός.
1423 2824 1476 2857 καὶ
1494 2823 1562 2867 ἐρεῖ
1578 2823 1670 2857 Edd.
1800 2830 1852 2868 17.
1871 2821 1906 2855 δὲ

338 2881 558 2918 assumptum
576 2885 616 2906 ex
633 2874 677 2906 A.
725 2871 984 2917 διαλεχθήσεται
1001 2872 1044 2905 Α.
1375 2881 1428 2915 19.
1453 2870 1601 2915 ὀλέθριοι
1617 2870 1662 2904 Α.
1719 2868 1847 2914 φθοροί
1861 2869 1905 2903 A.

338 2920 463 2964 φθόροι
482 2919 574 2954 Edd.
775 2930 828 2952 20.
854 2917 1142 2962 ὑπεστραμμένοις
1159 2916 1251 2951 Edd.
1302 2917 1427 2951 Statim
1445 2915 1765 2960 καὶ-ἦπατημένοις
1781 2915 1907 2950 desunt

339 2967 375 3000 in
392 2967 436 3000 A.
495 2966 579 3000 Post
595 2965 630 2999 h.
646 2978 677 2999 v.
697 2964 782 2999 οὕτω
800 2965 935 3000 addunt
953 2965 1044 2999 Edd.
1062 2965 1179 2999 invitis
1197 2964 1288 2998 AB.
1477 2974 1532 2998 22.
1557 2962 1795 3009 ἀποῤῥίπτεται
1815 2961 1907 2997 Edd.

340 3011 514 3057 ἠδικηκόσι
530 3013 574 3047 A.
593 3013 799 3057 ἡμαρτηκόσι
818 3011 909 3046 Edd.
1110 3023 1164 3054 24.
1190 3009 1432 3055 προητοίμακεν
1448 3010 1493 3045 A.
