2021 3434
317 191 402 231 672
704 193 754 233 B.
800 194 1079 235 CYRILLI
1131 195 1519 236 ALEXANDR.
1793 207 1832 232 v.
1861 205 1896 232 1.

313 299 362 349 δὲ
387 304 578 362 μᾶλλον
602 303 670 370 τῷ
699 303 858 371 Κυρίῳ
881 302 1040 368 πάσης
1066 306 1148 368 τῆς
1173 307 1260 369 γῆς
1292 302 1347 354 τό
1378 326 1426 354 τε
1462 306 1645 367 πλῆθος
1670 300 1797 363 αὐτὸ,
1824 301 1899 351 καὶ

312 379 398 444 τὴν
426 380 566 448 ἰσχὺν
591 386 686 432 τῶν
712 385 1052 435 ἀπολωλότων.

274 481 296 506 0
387 463 529 513 Ἀλλ’
558 465 719 515 οὑτοσὶ
753 464 839 529 μὲν
864 469 947 529 τῆς
983 468 1193 532 ἱστορίας
1223 468 1248 517 ὁ
1283 473 1404 529 νοῦς,
1430 464 1683 532 θορυβήσει
1711 464 1757 515 δὲ
1783 464 1900 517 ’ίσως

311 548 407 594 τῶν
444 545 784 614 ἐντευξομένων
824 547 953 602 τινὰς
993 547 1047 599 τὸ
1093 549 1239 602 οὕτως
1277 549 1608 616 ἀγχίστροφον
1647 551 1741 597 τῶν
1777 568 1895 611 προ-

313 631 523 694 φητικῶν
564 628 889 695 κηρυγμάτων.
974 630 1079 696 ἄρτι
1130 629 1215 694 μὲν
1259 629 1351 696 γὰρ
1403 629 1628 694 ἠκούομεν
1678 628 1900 694 λέγοντος
1919 646 1945 684 5,

85 708 206 783 {gfff}-
310 709 423 760 Ἐπὶ
461 709 518 760 σὲ
554 710 653 778 ἥξει
689 713 764 762 καὶ
802 711 1120 763 εἰσελεύσεται
1153 713 1181 776 ἡ
1213 712 1334 780 ἀρχὴ
1368 713 1395 776 ἡ
1426 713 1591 778 πρώτη
1620 711 1647 775 ἡ
1674 711 1900 772 βασιλεία

313 793 652 853 Βαβυλωνίων,
681 795 756 843 καὶ
784 794 808 844 ὃ
834 796 916 857 τῆς
943 795 1274 862 αἰχμαλωσίας
1306 794 1415 858 ἡμῖν
1445 793 1678 861 ἐγράφετο
1711 792 1897 858 τρόπος·

310 871 409 924 εἶτα
456 875 772 939 σεσωσμένην
824 876 1005 941 ὁρῶμεν
1054 874 1199 938 εὐθὺς,
1251 878 1327 927 καὶ
1379 881 1747 927 καταπατοῦσαν
1792 871 1899 926 τοὺς

309 956 517 1023 ἐχθρούς.
558 959 630 1007 δεῖ
659 956 715 1021 δὴ
756 958 838 1008 οὖν
877 957 967 1024 ἄρα
1003 961 1086 1021 τῆς
1122 963 1214 1008 τῶν
1251 957 1435 1025 χρόνων
1473 959 1759 1023 εὐδιακρίτου
1797 959 1895 1006 δια·
1995 1025 1999 1032 Ι

311 1041 508 1102 στολῆς·
574 1039 709 1090 ἔσται
771 1039 865 1106 γὰρ
918 1041 1064 1093 οὕτως
1131 1040 1400 1107 ἀσύγχυτος
1456 1042 1530 1090 καὶ
1593 1039 1755 1107 σαφὴς
1807 1043 1900 1089 τῶν
1925 1062 2000 1112 ¹⁰.

312 1120 580 1186 λεγομένων
629 1121 658 1185 ἡ
710 1122 896 1187 θεωρία.
987 1122 1194 1189 Ἐζεκίου
1256 1122 1340 1186 μὲν
1391 1121 1483 1188 γὰρ
1545 1121 1900 1184 βασιλεύοντος,
1995 1114 2000 1126 ⁴

267 1202 458 1266 (Ιάνέβη
495 1206 786 1270 Σεναχηρεῖμ
830 1203 950 1254 κατὰ
991 1209 1085 1255 τῶν
1124 1204 1487 1270 Ἱεροσολύμων,
1527 1202 1624 1254 εἶτα
1665 1203 1781 1266 μετὰ
1818 1202 1901 1255 τὸν

312 1283 520 1350 Ἐζεκίου
562 1286 766 1336 θάνατον
806 1286 1039 1352 τέσσαρες
1080 1286 1337 1352 γεγόνασιν
1376 1288 1519 1352 ἕτεροι
1556 1291 1788 1349 βασιλεῖς,
1826 1290 1902 1337 καὶ

311 1365 525 1428 πέμπτος
555 1366 795 1435 Ἰεχονίας.
859 1368 964 1419 τότε
1004 1370 1078 1419 καὶ
1111 1374 1275 1420 πᾶσαν
1314 1368 1408 1420 εἷλε
1447 1368 1532 1432 τὴν
1557 1369 1788 1419 Ἰουδαίαν
1826 1371 1901 1419 καὶ

312 1447 431 1498 αὐτὰ
473 1448 522 1499 δὲ
565 1448 625 1499 τὰ
661 1449 972 1515 Ἱεροσόλυμα
1014 1450 1464 1519 Ναβουχοδονόσορ,
1503 1452 1578 1501 καὶ
1616 1449 1902 1514 ἀπεκόμισεν
1924 1472 1971 1511 15

312 1534 374 1582 εἰς
419 1532 754 1598 αἰχμαλωσίαν
791 1531 947 1583 πάντα
988 1531 1204 1600 Ἰσραήλ.
1285 1533 1459 1601 γράφει
1502 1533 1549 1583 δὲ
1600 1537 1772 1600 σαφῶς
1816 1532 1902 1595 τὴν

311 1613 386 1664 ἐπὶ
412 1613 594 1668 τούτοις
618 1615 727 1678 ἡμῖν
755 1615 968 1681 ἱστορίαν
996 1616 1020 1665 ὁ
1047 1615 1272 1682 μακάριος
1298 1614 1546 1683 προφήτης
1571 1615 1809 1681 Ἱερεμίας.

91 1874 192 1924 Κεφ.
216 1869 260 1912 ε’.
318 1870 401 1912 Νῦν
438 1870 791 1927 ὲμφραχθήσεται
824 1872 1010 1929 θυΓάτΗρ
1030 1868 1227 1929 Ἐφραὶμ
1258 1872 1512 1929 ὲμφραΓμῲ,
1538 1871 1717 1928 συνοχι-ἰν
1751 1872 1902 1915 ἔταξεν

275 1973 297 2000 e
383 1954 446 2010 ἐφ’
480 1956 600 2006 ὑμᾶς,
637 1955 682 1997 ὲν
722 1955 866 2013 ῥάβδῳ
897 1957 1158 1999 Πατάέουσιν
1195 1955 1265 1997 ἐπὶ
1303 1956 1501 2003 σιαΓὸναε
1538 1955 1615 1997 τὰς
1651 1955 1791 2012 φυλὰς
1826 1960 1900 1997 τοῦ

378 2038 569 2096 Ἰσραήλ.
1922 2041 1969 2067 ²0
2005 2040 2012 2079 7

387 2154 399 2170 9
706 2155 717 2170 Ι
971 2156 981 2171 ἱ
1099 2155 1112 2172 Χ
1204 2158 1213 2172 9
1249 2158 1262 2174 N
1373 2156 1384 2171 ἵ
1561 2158 1575 2174 X
1775 2159 1788 2174 Χ
1888 2159 1901 2175 N

406 2159 889 2223 Επισυναχθησονται
926 2180 1011 2219 μεν
1054 2179 1148 2221 γαρ
1191 2180 1264 2207 επι
1304 2160 1428 2207 Σιων
1469 2163 1577 2207 λαοι
1614 2163 1790 2207 πολλοι
1829 2180 1903 2207 και

316 2237 425 2302 ε”θνη
463 2236 644 2299 πολλὰ,
679 2235 778 2288 εἶτα
815 2237 1201 2305 κατορχήσεσθαι
1239 2241 1314 2289 καὶ
1351 2238 1725 2301 καταμειδιάσειν
1763 2240 1903 2302 αὐτῆς

317 2319 735 2385 προσδοκήσαντα,
776 2320 1005 2385 ἠλόηνταί
1039 2344 1088 2371 τε
1132 2323 1207 2372 καὶ
1247 2322 1613 2387 συνετρίβησαν,
1646 2324 1770 2371 Θεοῦ
1808 2326 1903 2375 τοῖς

316 2403 435 2453 ποσὶ
471 2407 566 2454 τῶν
605 2403 900 2467 νικησοίντων
934 2405 1369 2471 παραρῥιπτοῦντος
1409 2402 1574 2457 αὐτοὺς
1613 2405 1675 2457 ὡς
1713 2404 1761 2454 ἐν
1799 2403 1903 2454 ε’ίδει

368 2596 396 2619 1.
423 2585 532 2619 αὐτῶν
549 2596 613 2630 pro
630 2585 711 2620 αὐτὸ
729 2585 774 2620 A.
1003 2597 1036 2631 3.
1063 2585 1161 2622 οὗτος·
1178 2587 1222 2620 Α.
1270 2585 1355 2622 ἰ’σως
1371 2598 1441 2621 om.
1463 2586 1506 2620 Β.
1677 2582 1688 2590 ’
1742 2585 1776 2620 6.
1802 2585 1820 2629 ἡ
1840 2586 1902 2620 ult.

316 2638 538 2676 assumptum
557 2644 599 2666 ex
619 2632 662 2667 B.
855 2641 885 2677 7.
913 2634 1115 2673 Βαβυλῶνος
1132 2634 1175 2667 Α.
1226 2632 1318 2677 ἡμῶν
1332 2632 1424 2667 Edd.
1613 2633 1646 2666 8.
1673 2632 1750 2668 τοὺς
1768 2644 1838 2667 om.
1857 2633 1900 2666 A.

320 2689 373 2712 12.
399 2680 458 2713 τὸν
474 2687 698 2723 assumptum
715 2690 757 2713 ex
774 2679 866 2713 A.B.
1007 2691 1059 2724 13.
1085 2680 1192 2724 ἕτεροι
1210 2681 1356 2714 accessit
1374 2692 1415 2714 ex
1434 2680 1478 2714 A.
1612 2689 1664 2723 15.
1694 2679 1790 2713 Haec
1807 2679 1844 2713 δέ
1861 2679 1901 2712 τὰ

316 2733 536 2759 accesserunt
554 2737 594 2760 ex
613 2726 705 2760 AB.
829 2727 880 2761 16.
900 2728 1022 2772 σαφῶς
1040 2727 1084 2762 Α.
1103 2728 1224 2772 σοφῶς
1242 2726 1333 2760 Edd.
1450 2726 1502 2761 18.
1523 2723 1610 2771 Νῦν]
1628 2726 1691 2759 Καὶ
1705 2728 1762 2759 νῦν
1775 2726 1815 2759 Β.
1829 2726 1900 2770 (97,

318 2773 397 2812 228,
409 2774 506 2817 3¹0·)
555 2773 591 2806 ἐν
603 2775 752 2820 φραγμῲ
773 2773 810 2808 F.
823 2773 882 2816 (cs.
898 2774 1015 2815 Alex.)
1162 2786 1215 2819 19.
1233 2774 1317 2817 ὑμᾶς
1331 2773 1420 2808 ΑΒ.
1437 2774 1570 2817 (Alex.)
1584 2772 1668 2817 ἡμᾶς
1686 2772 1776 2807 Edd.
1789 2773 1900 2816 (Vat.)

316 2821 479 2863 σιαγόνας
491 2819 581 2854 Α.Β.
593 2820 725 2864 (Alex.)
744 2821 886 2865 σιαγόνα
902 2820 993 2855 Edd.
1009 2820 1131 2866 (Vat.)
1144 2821 1204 2855 Sed
1222 2821 1265 2855 cf.
1281 2821 1382 2854 infra.
1435 2820 1562 2854 Statim
1578 2821 1687 2854 αὐτῶν
1705 2831 1766 2864 pro
1783 2819 1842 2854 τὰς
1857 2820 1898 2864 φ.

315 2868 375 2898 τοῦ
391 2865 534 2910 Ἰσραήλ
555 2866 596 2900 Β.
617 2867 730 2911 (153.)
779 2866 910 2912 φυλὰς]
930 2867 1040 2903 πύλας
1058 2869 1099 2902 A.
1119 2867 1208 2911 (68.)
1335 2878 1390 2901 21.
1414 2864 1788 2912 Ἐπισυναχθήσονται]
1808 2865 1898 2910 λέγω

315 2915 380 2944 τῶν
395 2911 630 2956 Ἰσραηλιτῶν.
657 2913 879 2959 συνήχθησαν
897 2914 940 2949 Β.
991 2914 1117 2948 Statim
1135 2915 1196 2958 μὲν
1211 2915 1278 2959 γὰρ
1295 2926 1366 2948 om.
1386 2915 1428 2948 A.
1495 2914 1590 2948 Haec
1607 2914 1685 2948 λαοὶ
1701 2913 1827 2947 πολλοὶ
1847 2912 1899 2946 καὶ

314 2965 534 3004 accesserunt
551 2971 592 2993 ex
609 2960 653 2994 A.
845 2972 900 2995 22.
928 2960 1247 3006 κατορχηθὴσεσθαι
1264 2961 1308 2995 Α.
1516 2972 1571 3005 23.
1597 2959 1836 3005 προσδόξαντα
1854 2960 1897 2992 Α.

317 3003 442 3038 Statim
459 3003 616 3049 ἧλέηνταί
633 3007 715 3050 (sic)
734 3007 779 3043 A.
1018 3019 1072 3051 24.
1098 3009 1313 3052 νενικηκότων
1331 3008 1374 3042 Α.
