2021 3434
298 168 380 207 156
687 170 735 209 B.
778 169 1057 209 CYRILLI
1099 170 1481 211 ALEXANDR.
1673 171 1742 212 vii.
1764 185 1804 223 4,
1822 182 1862 224 5.

293 275 349 339 δὴ
394 277 501 327 λίαν
544 276 735 343 ἔχοντας
777 281 840 331 εἰς
881 282 1018 329 τοῦτο
1066 279 1269 342 ἑτοίμως,
1318 278 1650 332 συναινοῦντοὶς
1698 302 1746 330 τε
1790 282 1864 330 καὶ

292 358 632 422 συνηδομένους
669 364 765 412 τοῖς
800 358 859 409 τὰ
896 359 1050 410 τοιοίδε
1087 358 1544 423 συμβεβουλευκόσι,
1581 361 1866 426 συναγαγὼν

293 438 516 502 ἅπαντας,
557 440 962 508 προσπεφώνηκεν
999 443 1217 509 ἐναργῶς,
1263 442 1332 493 ὅτι
1376 444 1450 493 καὶ
1493 447 1593 496 ταῖς
1632 442 1865 503 δαμάλεσι

292 526 390 575 ταῖς
437 526 637 588 χρυσαῖς
691 522 920 589 προσήκει
967 529 1262 588 προσκυνεῖν,
1314 526 1387 574 καὶ
1443 523 1527 588 τὴν
1578 526 1660 587 τῆς
1707 524 1866 589 ἑορτῆς

74 625 91 654 3
110 616 192 655 Reg-
290 603 618 671 πεφανέρωκεν
656 604 844 670 ἡμέραν,
883 610 965 656 τοῦ
1009 604 1179 671 ὀγδόου
1219 605 1362 669 μηνὸς
1399 604 1485 669 τὴν
1521 603 1864 657 πεντεκαιδεκά-
1885 630 1906 667 5

71 669 127 741 ἓξ.
148 669 198 697 3”’
290 707 390 749 την,
417 684 537 736 καθὰ
563 685 836 753 γέγραπται.

70 781 152 814 109
167 780 218 814 A.
251 790 273 814 a
362 770 526 818 Ταῦτα
551 766 607 832 δὴ
642 769 862 835 λέγοντος
888 767 1154 834 τοτηνικάδε
1188 774 1270 820 τοῦ
1295 767 1542 836 Ἱεροβοάμ
1573 767 1868 837 ἐπευφήμουν

291 851 333 899 οἱ
359 850 511 913 δῆμοι,
535 852 610 900 καὶ
634 850 954 917 ἀνεκράγεσαν
985 852 1116 916 Αὕτη
1141 851 1169 915 ἡ
1196 850 1331 920 ἡμέρα
1354 853 1426 902 τοῦ
1451 849 1691 913 βασιλέως,
1717 850 1866 920 τούτῳ

290 931 366 981 καὶ
399 931 528 994 ἡμεῖς
562 931 777 1001 ἑψόμεθα
814 937 881 1002 τῷ
917 937 1099 1002 σκοπῷ·
1143 935 1218 984 καὶ
1252 933 1420 1000 ἑτέροις
1446 931 1499 984 δέ
1523 955 1620 983 τισι
1645 932 1867 986 τοιούτοις

289 1013 489 1067 ἐπαίνοις
539 1015 886 1082 κατευφραίνειν
935 1016 1120 1080 ἤθελον.
1203 1014 1625 1081 συναπεκομίῷντο
1673 1014 1721 1066 δὲ
1772 1019 1866 1068 τοῖς

290 1093 450 1162 ὄχλοις
494 1097 569 1145 καὶ
620 1100 660 1146 οἱ
706 1100 1012 1163 καθηγεῖσθαι
1057 1096 1296 1165 λαχόντες,
1337 1096 1647 1164 συνηχοῦντές
1695 1119 1744 1148 τε
1792 1098 1867 1148 καὶ

289 1183 614 1231 συναινοῦντες
651 1180 817 1233 αὐτοῖς.
879 1178 1056 1230 τούτων
1091 1179 1199 1243 ἡμῖν
1232 1183 1293 1233 εἷς
1327 1179 1381 1230 τὸ
1412 1178 1563 1245 παρὸν
1588 1180 1613 1229 ὁ
1643 1184 1725 1230 τοῦ
1750 1202 1864 1245 προ-

289 1259 440 1328 φήτου
479 1260 778 1325 διαμεμνηται
813 1260 968 1326 λόγος.
1033 1261 1193 1316 πάντες
1226 1260 1318 1327 γάρ
1353 1265 1476 1331 φησι
1510 1260 1781 1329 μοιχεύοντες
1808 1263 1865 1315 ὡς

244 1347 270 1387 b
293 1344 508 1402 κλίβανος
538 1346 764 1410 καιόμενος
797 1349 855 1398 εὶς
889 1341 1033 1412 πέψιν
1065 1344 1426 1412 κατακοιῦμοιτος
1452 1344 1545 1395 οὶπο
1571 1343 1645 1403 τῆς
1671 1344 1860 1412 φλογός.

289 1422 622 1478 διανενευκότες
657 1423 750 1490 γὰρ
785 1429 846 1478 εἰς
880 1425 1097 1490 πορνείαν
1130 1423 1215 1489 τὴν
1254 1424 1434 1490 νοητὴν,
1459 1424 1604 1491 ἤγουν
1641 1429 1703 1479 εἷς
1740 1423 1858 1476 ἀπό-

286 1529 464 1556 στασιν
478 1506 562 1571 τὴν
582 1505 675 1558 ἀπὸ
693 1510 830 1558 Θεοῦ·
858 1512 996 1557 τοῦτο
1016 1505 1109 1572 γὰρ
1129 1508 1155 1570 ἡ
1175 1508 1376 1572 πορνεία·
1407 1508 1638 1566 κλιβάνοις
1656 1509 1864 1564 ἐοίκεσαν

286 1587 620 1655 ἐκκεκαυμένοις
645 1588 732 1653 ἤδη
758 1612 857 1642 πως
883 1590 958 1639 καὶ
982 1589 1178 1652 ἑτοίμοις
1202 1593 1264 1642 εἷς
1288 1589 1436 1657 πέψιν
1461 1587 1526 1639 ὧν
1546 1589 1603 1640 ἄν
1627 1613 1696 1643 τις
1720 1588 1864 1654 ἐμβά-

286 1677 377 1720 λοι·
425 1671 603 1740 φλογος
639 1670 732 1737 γὰρ
767 1670 893 1735 ἦσαν
926 1671 1286 1734 μεμεστωμένοι,
1326 1674 1499 1737 θερμῆς
1538 1670 1755 1735 δηλονότι
1790 1674 1864 1723 καὶ

285 1754 421 1803 οἱονεὶ
459 1753 812 1817 διακεκαυμένης
850 1754 1104 1816 ἐπιθυμίας.
1171 1754 1384 1804 ἐοίκεσαν
1428 1753 1475 1804 δὲ
1517 1755 1592 1804 καὶ
1631 1753 1862 1825 φυράματι

285 1834 481 1897 ο-τοιιτός,
514 1835 666 1903 ε”χοντι
701 1835 784 1899 μὲν
819 1835 908 1900 ἤδη
942 1835 1027 1899 τὴν
1062 1833 1223 1901 ζύμην,
1260 1834 1485 1906 ζυμωθέντι
1524 1835 1573 1886 δέ
1607 1837 1792 1890 τελείως
1825 1838 1863 1888 ἐν

285 1915 421 1987 ἡμέρᾳ
440 1917 672 1976 βασιλέως
698 1918 866 1968 αὐτῶν·
905 1917 994 1979 ὅτε,
1014 1917 1225 1984 καθάπερ
1244 1918 1363 1986 ε”φην
1388 1918 1570 1983 ἀρτίως,
1593 1917 1863 1987 ἀναφανδὸν

283 1998 514 2064 εἰρηκότος
548 2005 631 2050 τοῦ
664 1999 924 2065 Ἱεροβοάμ,
966 1999 1035 2050 ὅτι
1070 1999 1159 2066 χρὴ
1204 2000 1328 2050 θύειν
1365 2005 1464 2053 ταῖς
1500 1999 1747 2064 δαμάλεσι,
1787 2003 1862 2052 καὶ

244 2103 265 2128 ο
284 2079 367 2134 τὰς
392 2081 460 2132 ἐπ’
489 2082 648 2136 αὐταῖς
675 2086 823 2132 τελεῖν
849 2081 1024 2148 ἑορτὰς,
1051 2081 1321 2150 ἐπεφώνουν
1352 2083 1487 2133 αὐτοί
1510 2084 1640 2147 Αὕτη
1668 2084 1696 2148 ἡ
1728 2084 1861 2153 ἡμέρα,

282 2168 365 2214 τοῦ
406 2163 654 2226 βασιλέως,
693 2163 917 2230 καθάπερ,
958 2167 1020 2217 ὡς
1064 2163 1196 2233 ἔφην,
1240 2165 1264 2214 ὁ
1309 2167 1390 2227 τῆς
1427 2164 1733 2231 παραδόσεως
1770 2167 1862 2234 ε”χει

281 2243 441 2311 λόγος.
507 2245 612 2297 τότε
647 2248 722 2297 καὶ
757 2245 945 2316 ἐζυμώθη
983 2246 1182 2308 τελείως,
1215 2246 1467 2307 τουτέστιν,
1507 2246 1618 2300 ὅλος
1654 2248 1711 2316 ἐξ
1745 2248 1860 2300 ὅλου

280 2327 442 2393 γέγονε
480 2332 538 2396 τῇ
575 2329 832 2397 δυσσεβείᾳ
862 2325 1074 2395 κάτοχος.
1143 2328 1320 2390 οὐκοῦν,
1345 2329 1747 2398 προεκκεκαυμένοι
1778 2329 1861 2382 τὸν

284 2416 391 2460 νοῦν
429 2415 529 2464 ταῖς
567 2413 628 2465 εἰς
662 2409 939 2477 παράβασιν
965 2414 1153 2475 θερμαῖς
1189 2412 1263 2460 καὶ
1298 2411 1565 2464 ἀκαθέκτοις
1591 2412 1860 2475 ἐπιθυμίαις,

281 2491 630 2562 προζυμωθέντες
666 2491 715 2543 δὲ
759 2490 922 2559 ὥσπερ
962 2491 1079 2542 κατὰ
1117 2498 1282 2542 τοῦτον
1320 2492 1460 2543 ἀὐτὸν
1493 2492 1574 2543 τὸν
1608 2493 1783 2560 τρόπον
1820 2497 1858 2547 ἐν

282 2571 415 2643 ἡμέρα
440 2576 687 2638 βασιλέως,
717 2579 777 2628 εὶς
803 2573 857 2625 τὸ
882 2577 964 2639 τῆς
990 2575 1288 2643 φαυλότητος
1315 2574 1614 2625 κατώλισθον
1637 2576 1794 2642 πέρας.

332 2741 362 2763 Ι.
388 2731 434 2766 εἷς
450 2735 548 2766 τοῦτο
565 2734 703 2777 ἑτοίμως
721 2734 767 2769 D.
785 2735 924 2778 ἑτοίμως
944 2733 1114 2780 [ἑτοίμους
1132 2733 1242 2780 Edd.]
1263 2735 1309 2770 εἷς
1324 2736 1423 2768 τοῦτο
1442 2734 1484 2768 Β.
1504 2733 1595 2768 Edd.
1738 2743 1770 2779 7.
1795 2734 1853 2780 δὴ]

283 2776 319 2809 δέ
339 2776 428 2811 Edd.
478 2779 672 2825 ἐπεφὴμουν
687 2781 747 2815 iid.
955 2781 987 2815 8.
1013 2782 1243 2826 ἀνεκράγεσαν
1262 2782 1352 2815 B.D.
1371 2781 1554 2826 ἀνέκραγον
1571 2780 1605 2814 b.
1624 2780 1857 2827 ἀνεκράγηστιν

283 2822 374 2856 Edd.
422 2824 528 2871 τούτῳ
548 2827 592 2860 D.
611 2827 697 2861 οὕτω
716 2828 807 2862 Edd.
999 2839 1052 2870 14.
1078 2829 1161 2862 κατὰ
1178 2827 1342 2870 καύματος
1362 2828 1402 2862 Β.
1572 2826 1625 2861 16.
1651 2828 1801 2862 ἐοίκασιν
1819 2828 1853 2862 b.

286 2878 339 2913 17·
364 2867 389 2902 ὦ
408 2870 486 2913 (Sic)
505 2884 566 2915 pro
584 2874 628 2907 ὢν
646 2874 692 2908 D.
771 2886 825 2909 20.
853 2876 988 2910 σταιτὸς
1007 2875 1053 2909 D.
1072 2875 1214 2909 στέατος
1233 2875 1273 2908 Β.
1294 2874 1385 2909 Edd.
1459 2885 1513 2919 23.
1540 2873 1590 2908 ἐπ’
1604 2874 1717 2910 αὐτοῖς
1736 2874 1780 2908 D.
1800 2874 1854 2908 ἐπ’

281 2916 364 2995 {ll—13²7}
385 2916 623 2997 Ηὲτὲἀιιύτοῖς
642 2920 732 2955 Edd.
801 2931 854 2966 25.
873 2923 953 2957 ὅλος
972 2922 1016 2955 D.
1032 2924 1050 2955 ὁ
1067 2923 1170 2966 λόγος
1190 2921 1230 2955 Β.
1249 2921 1338 2955 Edd.
1415 2921 1468 2955 26.
1487 2921 1783 2965 προεκκεκαυμένοι
1803 2922 1850 2955 D.

305 2976 413 3005 ροκεκ.
517 2991 522 2997 .

1888 1045 1934 1070 10

1882 1868 1995 1903 20⁸

1880 2273 1927 2312 25

1981 2407 1986 2474 ἰ

1979 2483 1985 2550 ἔ

1978 2556 1987 2602 P

1978 2607 1985 2666 ς.

1976 2670 1981 2711 ἓ

1975 2722 1980 2771 3

1972 2795 1979 2943 ἒ

1972 2949 1976 2979 ι

1970 2983 1976 3030 3

1970 3092 1974 3101 ι
