2021 3434
168 235 205 260 v.
233 233 324 276 7-9.
635 224 706 264 IN
747 224 937 264 AMOS.
999 223 1151 264 TOM.
1195 224 1253 264 ΙΙ.
1648 224 1731 261 459

168 334 262 382 λῶς
298 330 440 394 οὐδὲν,
481 333 585 383 εἴκει
623 333 671 384 δὲ
712 336 785 384 καὶ
830 333 943 398 αὐτὴ
985 339 1076 384 τῶν
1116 334 1359 400 στοιχείων
1396 333 1423 395 ἡ
1463 331 1618 400 φύσις,
1658 333 1769 380 καὶο

165 413 441 472 μεθίσταται
492 414 549 464 τὰ
599 414 711 466 ὅντα
760 415 877 482 πρὸς
927 415 980 466 τὸ
1025 417 1148 485 αὐτῷ
1195 419 1373 478 δοκοῦν,
1421 414 1730 472 ἀποδείκνυσι,

165 492 329 554 λαβὼν
365 499 426 549 εἱς
460 496 757 562 παράδειγμα
790 496 843 547 τὸ
879 496 1089 566 ἐκτρέπειν
1131 497 1214 561 μὲν
1259 503 1316 551 εἰς
1356 496 1401 547 τὸ
1441 493 1549 560 πρωῖ
1587 493 1732 556 σκιαν,

165 575 319 644 ἡμέραν
354 575 402 626 δὲ
438 578 495 628 αὖ
529 577 810 648 συσ-κοταζειν
843 584 900 634 εἰς
933 578 1081 630 νύκτα·
1123 581 1196 629 καὶ
1221 577 1336 644 πρός
1368 600 1421 642 γε
1455 576 1510 642 δὴ
1541 577 1731 638 τούτοις,

124 671 145 709 5
166 655 233 707 ὅτι
269 660 342 708 καὶ
376 658 432 727 ἐξ
463 658 578 713 ἁλὸς
613 662 746 726 ὕδωρ,
774 659 941 730 ἀφάτω
979 660 1164 724 δυνάμει
1197 660 1314 726 πρὸς
1341 659 1393 710 τὸ
1420 661 1545 727 ὑψοῦ
1574 681 1623 708 τε
1659 661 1732 709 καὶ

164 739 259 789 ἄνω
290 745 462 803 καλῶν,
497 740 649 806 γλυκὺ
683 742 872 806 καθίησι
909 747 1004 796 τοῖς
1038 743 1110 793 ἐπὶ
1150 742 1221 801 τῆς
1251 741 1346 806 γῆς,
1383 745 1478 795 τοῖς
1508 746 1589 791 τοῦ
1624 763 1733 806 κρα-

163 825 352 874 τοῦντος
378 821 573 882 νεύμασι
598 829 898 890 μεταχωροῦν
918 826 979 876 εἷς
1004 821 1058 873 τὸ
1077 822 1203 888 παρὰ
1231 822 1392 889 φύσιν.
1441 822 1733 888 ἐκτρέπεσθαι

163 902 219 952 δέ
256 906 405 971 φησιν
449 909 510 959 εἷς
551 903 598 955 τό
641 903 752 971 πρωῗ
797 903 942 966 σκιαν,
984 904 1210 966 τουτέστι,
1254 902 1338 966 τὴν
1390 903 1562 965 νύκτα,-
1589 903 1734 967 ἤγουν

162 983 216 1034 τὸ
265 984 437 1039 σκότος
485 990 771 1055 μεταφοιτᾶν
815 989 877 1039 εἷς
921 986 1108 1051 ἡμεραν.
1187 988 1247 1038 ὡς
1295 984 1386 1051 γὰρ
1439 986 1462 1035 ὁ
1510 983 1732 1051 μακάριος

533 1071 553 1080 Α
863 1065 998 1087 '3³³’

99 1091 145 1116 10
165 1066 337 1136 γραφει
365 1071 580 1131 Μωυσης
608 1075 635 1098 “
656 1067 830 1121 Σκότος
855 1090 912 1131 ην
977 1091 1024 1117 εν
1050 1069 1214 1134 ἀρχαῖς
1237 1066 1435 1118 “ε’ποῖνω
1466 1069 1547 1130 τῆς
1573 1065 1727 1127 ἀβύσ-

1793 1073 1875 1105 Gen.
1891 1075 1910 1106 i.

1795 1126 1822 1148 2.

164 1148 347 1211 “”σου,
379 1172 620 1200 τουτεστιν
651 1150 677 1214 ἡ
712 1156 840 1201 σκια·
882 1150 990 1199 ἀλλ’
1027 1147 1218 1200 ζίΕἶπεν
1258 1149 1282 1199 ὁ
1322 1147 1454 1212 Θεὸς,
1489 1151 1622 1217 φησὶ,
1658 1151 1842 1200 καὶᾶΙὶ).
1863 1177 1890 1207 3.

164 1238 190 1261 ‘⁶
215 1230 393 1297 ἐγένετο
436 1232 567 1298 φῶς”
615 1232 758 1284 οὕτως
799 1237 858 1286 εἰς
899 1229 944 1282 τὲ
988 1229 1112 1300 πρωῒ,
1154 1231 1395 1282 τουτέστιν
1438 1234 1498 1284 εἱς
1546 1229 1733 1297 ἡμέραν,

161 1311 535 1380 μετατετράφθαι
559 1312 712 1381 φαμὲν
749 1312 833 1377 τὴν
867 1313 1011 1375 mah,
1038 1313 1251 1364 τουτέστι
1288 1313 1341 1364 τὸ
1376 1312 1559 1366 σκότος.
1622 1310 1731 1362 ἀλλ’

162 1394 332 1461 ἡμέρας
369 1394 675 1461 γεγενημένης
706 1395 962 1455 ἐπελάβετο
994 1395 1123 1449 αὖθις
1157 1395 1184 1458 ἡ
1221 1394 1321 1464 νύξ·
1373 1393 1509 1446 τοῦτό
1544 1396 1645 1445 ε’στι
1679 1393 1732 1445 τὸ

97 1477 315 1546 Ι5ἦμέραν
353 1482 412 1532 εἰς
452 1476 584 1528 νύκτα
622 1478 926 1547 σου-κατάξειν.
991 1479 1167 1545 ὠφελεῖ
1201 1475 1256 1541 δὴ
1295 1477 1374 1528 οὖν
1413 1478 1437 1527 ὁ
1477 1475 1733 1545 Προφήτης

162 1556 268 1611 τοὺς
310 1557 706 1623 πεπλανημένους,
748 1559 829 1609 οὐκ
865 1558 1055 1627 ἄψυχον
1090 1559 1226 1623 ὕλην,
1268 1557 1350 1609 τὸν
1389 1558 1530 1626 φύσει
1569 1581 1617 1608 τε
1659 1560 1733 1609 καὶ

163 1641 350 1704 ἀληθῶς
376 1639 489 1691 ὅντα
513 1639 637 1692 Θεὸν
662 1639 968 1702 καταδεικνὺς,
995 1642 1096 1691 οὔτε
1122 1640 1214 1705 μὴν
1249 1642 1297 1691 ἐν
1331 1640 1420 1710 ἴσω
1459 1645 1557 1694 ταῖς
1588 1639 1734 1704 δαμά-

163 1729 271 1773 λεσι
305 1727 404 1777 ταῖς
438 1727 649 1790 χρυσαῖς,
687 1721 831 1788 ἤγουν
866 1722 984 1774 κατά
1021 1746 1148 1776 τινας
1183 1724 1320 1776 ὄντας
1353 1727 1446 1773 τῶν
1484 1723 1532 1773 ἐκ
1569 1723 1733 1790 τέχνης

162 1804 455 1869 ἀνθρωπίνης
498 1804 819 1873 ἐξηυρημένων
860 1808 990 1866 θεῶν,
1030 1803 1159 1855 ἀλλὰ
1198 1806 1272 1856 καὶ
1315 1808 1408 1855 τῶν
1451 1804 1545 1855 ἅνω
1586 1827 1726 1855 πνευ-
1747 1827 1768 1853 e

96 1910 144 1935 20
162 1884 323 1949 μάτων
356 1886 561 1947 βασιλέα
599 1888 673 1937 καὶ
711 1886 975 1950 νομοθέτην,
1002 1888 1076 1936 καὶ
1109 1891 1202 1937 τῶν
1225 1888 1298 1937 ἐπὶ
1329 1889 1414 1951 γῆς
1452 1887 1630 1948 ὁμοίως,
1657 1888 1732 1937 καὶ

163 1965 451 2034 δεσπόζοντα
484 1973 577 2019 τῶν
615 1969 870 2036 στοιχείων,
899 1970 972 2019 καὶ
1006 1968 1122 2035 πρὸς
1156 1968 1208 2019 τὸ
1249 1969 1372 2037 αὐτῷ
1398 1969 1561 2019 δοκοῦν
1586 1991 1728 2032 μετα-

163 2050 383 2101 κλίνοντα
417 2055 510 2101 τῶν
542 2050 688 2102 ὅντων
721 2048 806 2111 τὴν
844 2050 1007 2118 φύσιν.
1074 2050 1218 2117 ταύτῃ
1256 2050 1349 2116 γὰρ
1388 2048 1457 2113 δὴ,
1490 2051 1564 2100 καὶ
1602 2049 1732 2113 μάλα

163 2131 359 2195 δικαίως,
409 2134 559 2200 φησὶν
609 2133 744 2200 ὄνομα
792 2133 970 2199 πρέπον
1017 2136 1134 2202 αὐτῷ
1179 2130 1233 2183 τὸ
1286 2132 1433 2201 Κύριος
1484 2138 1500 2183 ὁ
1552 2131 1663 2187 Θεὶς
1713 2138 1731 2184 ὁ

165 2214 493 2285 Παντοκρατωρ.
557 2213 711 2277 ἐπειδὴ
749 2214 796 2265 δὲ
832 2213 979 2265 ταῦτά
1012 2216 1114 2265 ε’στι
1149 2214 1291 2282 φύσει
1328 2236 1377 2264 τε
1417 2215 1489 2264 καὶ
1531 2215 1731 2278 ἀληθῶς,

97 2313 144 2352 25
165 2294 318 2364 διαιρεῖ
351 2295 605 2366 συντριμμέν
644 2297 715 2348 ἐπὶ
755 2295 892 2360 ἰσχὺν,
925 2296 1089 2362 ἐπείγει
1125 2296 1173 2347 δὲ
1214 2302 1290 2347 καὶ
1327 2297 1634 2365 ταλαιπωρίαν
1662 2298 1731 2348 ἐπ’

165 2377 386 2449 ὀχύρωμα·
442 2377 807 2445 καταδράττεταί
853 2383 975 2445 φησι
1017 2383 1110 2429 τῶν
1161 2377 1484 2445 ὑπερηφάνων,
1522 2380 1596 2429 καὶ
1639 2383 1732 2432 τοῖς

213 2569 244 2591 2.
269 2557 487 2602 μεθίστανται
505 2558 547 2592 Β.
597 2558 703 2592 πάντα
721 2569 782 2602 pro
800 2556 879 2592 ὅντα
896 2558 939 2591 A.
1393 2570 1424 2599 4.
1450 2558 1486 2591 δέ
1505 2569 1565 2602 pro
1583 2557 1621 2601 δὴ
1643 2558 1731 2592 Edd.

166 2614 200 2649 5.
225 2605 276 2638 ὅτι
294 2616 363 2638 om.
382 2605 426 2639 A.
676 2604 708 2639 6.
734 2605 868 2647 καθίησι
888 2604 929 2638 Β.
947 2604 1023 2639 καθί
1036 2631 1043 2639 .
1058 2631 1066 2640 .
1078 2619 1136 2647 ησι
1153 2619 1171 2647 η
1192 2604 1227 2637 in
1245 2615 1364 2638 rasura
1381 2605 1424 2637 A.
1443 2604 1622 2647 καθίστησι
1640 2605 1731 2640 Edd.

169 2662 199 2696 7.
223 2650 367 2695 ῥεύμασι
385 2650 443 2685 iid.
462 2651 578 2685 invitis
596 2651 686 2684 A.B.
734 2650 789 2696 τὸ]
809 2652 850 2684 τὰ
868 2650 958 2685 Edd.
1099 2652 1131 2685 8.
1158 2649 1271 2695 σκιὰν]
1289 2654 1325 2691 -Ι-
1341 2651 1483 2685 θανάτου
1501 2651 1533 2684 b.
1553 2651 1645 2695 (XII
1660 2664 1730 2697 mg.

170 2709 223 2731 22.
236 2697 300 2742 al.)
314 2697 431 2731 invitis
448 2697 539 2731 Α.Β.
588 2699 626 2731 τὸ
644 2709 706 2741 pro
723 2697 781 2741 τὴν
799 2697 890 2731 Edd.
908 2697 1183 2742 repugnantibus
1195 2698 1236 2730 A.
1244 2697 1284 2731 B.
1298 2697 1332 2731 b.
1427 2709 1459 2742 9.
1479 2699 1536 2732 τὸν
1553 2699 1730 2733 σκότονΑ.

169 2743 292 2778 Statim
311 2745 517 2788 καταφοιτᾶν
535 2743 625 2777 Edd.
640 2755 786 2788 repugn.
804 2744 931 2778 A.B.b.
981 2743 1111 2778 Haec‘
1095 2759 1112 2777 ο
1129 2744 1288 2788 μακάριος
1304 2750 1521 2778 accesserunt
1546 2756 1587 2778 ex
1604 2745 1646 2779 A.
1653 2745 1693 2780 B.
1696 2745 1730 2780 b.

173 2802 225 2825 10.
249 2791 376 2834 γράφει
394 2796 473 2835 post
491 2795 538 2824 M.
556 2796 598 2824 tr.
614 2789 704 2824 Edd.
753 2790 840 2835 ἀρχῇ
862 2790 919 2824 iid.
1059 2802 1110 2824 11.
1128 2790 1146 2834 ἡ
1165 2791 1308 2824 accessit
1325 2803 1365 2824 ex
1383 2791 1426 2825 A.
1437 2791 1471 2825 b.
1604 2803 1643 2836 13
1648 2792 1732 2835 ,μὲν

170 2849 230 2882 pro
247 2837 359 2881 φαμὲν
377 2836 468 2870 Edd.
486 2837 555 2870 inV.
575 2836 703 2870 A.B.b.
752 2838 809 2871 τὸν
825 2839 948 2871 σκότον
963 2836 1044 2871 A.b.
1142 2849 1194 2879 14.
1212 2837 1396 2878 ἐπελάβετο
1410 2837 1452 2871 Α.
1460 2838 1499 2871 Β.
1519 2837 1683 2879 ἐπέλαβεν
1695 2838 1730 2873 b.

168 2884 369 2918 ἐπελαύνετο
389 2883 478 2917 Edd.
526 2885 624 2917 τοῦτό
642 2884 715 2917 ἐστι
732 2883 766 2917 b.
784 2883 940 2918 τουτέστι
958 2883 1048 2918 Α.Β.
1067 2883 1158 2918 Edd.
1433 2884 1485 2918 16.
1511 2883 1563 2930 τε]
1583 2885 1619 2918 δέ
1638 2885 1727 2920 Edd.

172 2940 225 2975 17.
250 2931 356 2973 ἀληθῆ
374 2929 431 2964 iid.
621 2931 673 2964 18.
698 2944 787 2965 τινας
803 2929 915 2976 ὄντας]
934 2945 1005 2964 τινα
1019 2929 1096 2964 ὄντα
1113 2930 1171 2964 iid.
1367 2942 1418 2975 19.
1444 2931 1671 2976 ἐξηυρημένων
1687 2933 1730 2967 Α.

169 2978 278 3022 ἐξευρ.
294 2976 384 3011 Edd.
629 2987 683 3012 20.
708 2976 903 3022 νομοθέτην]
924 2979 1100 3021 Δεσπότην
1117 2978 1159 3011 Α.
1395 2989 1447 3012 22.
1473 2980 1531 3014 τὰς
1547 2978 1670 3023 φύσεις
1687 2980 1730 3014 Α.

171 3035 224 3070 23.
249 3025 288 3059 τὸ
305 3029 524 3069 assumptum
542 3035 582 3058 ex
601 3023 644 3058 A.
834 3035 887 3066 24.
912 3023 1045 3067 ἀληθῶς
1062 3026 1103 3058 A.
1122 3024 1258 3069 ἀληθείᾳ
1278 3024 1368 3059 Edd.

904 3092 1024 3133 3N2
