2021 3434
99 796 182 830 345
200 794 249 828 A.

321 195 403 234 532
720 196 769 235 B.
811 195 1087 236 CYRILLI
1126 196 1502 238 ALEXANDR.
1773 196 1826 236 ix.
1851 193 1889 232 6.

320 304 520 360 εὐκόλως
563 306 623 359 ε’ίς
667 329 720 372 γε
762 307 816 358 τὸ
858 310 1030 375 χρῆναί
1070 314 1189 376 φημι
1231 313 1442 377 χρηστῆς
1486 312 1560 361 καὶ
1601 310 1893 377 ἡμερωτάτης

321 388 441 451 ἡμᾶς
467 390 710 443 ἐποπτείας
735 391 912 459 ἀξιοῦν.

279 619 369 663 6‘O
412 621 655 672 οἰκοδομῶν
704 622 763 665 eie
812 625 884 667 τὸν
931 625 1116 682 οὐρανὸν
1158 625 1234 667 τὴν
1279 627 1482 676 ἀνάβασιν
1529 628 1667 678 αὑτοῦ,
1707 628 1774 669 καὶ
1815 629 1891 669 τήν

386 707 640 755 ὲΠαῙ-Γελίαν
667 707 796 749 αὐτοῦ
824 708 894 749 ἐπὶ
926 712 1002 750 τῇο
1034 713 1107 756 Γῆς
1135 710 1355 758 θεμελιών·
1395 711 1417 752 ὁ
1445 711 1819 765 Προσκαλούμενοε
1845 711 1892 752 τὸ

279 804 302 828 a
387 790 503 847 ὕδωρ
531 794 604 833 τῆς
637 794 851 835 flammae
886 794 954 834 καὶ
989 792 1148 849 ἑκχέων
1186 794 1288 835 αὐτὸ
1326 795 1393 836 ἐπὶ
1428 793 1660 851 Προσώπου
1697 797 1773 836 nic
1807 797 1891 842 Γὲὶε·
1914 801 1936 839 5

389 874 535 932 Κύριος
561 876 583 918 ὁ
610 875 717 918 Θεὸς
743 877 765 919 ὁ
791 877 1108 934 Παντοκράτωρ
1133 877 1267 926 ὄνομα
1299 879 1429 932 αὐτῷ.

395 1001 489 1051 Καὶ
532 1000 607 1051 διὰ
647 999 878 1053 πλειόνων
923 1002 989 1053 ε”τι
1027 1004 1393 1054 καταδεδίττεται
1435 1001 1593 1068 λόγων
1630 1001 1737 1057 τοὺς
1770 1004 1892 1053 ἀπο-

320 1086 581 1150 φοιτῶντας
616 1086 753 1146 Θεοῦ,
790 1086 864 1134 καὶ
897 1089 1157 1148 μετασοβεῖ
1187 1083 1305 1151 πρὸς
1344 1083 1398 1136 τὸ
1437 1084 1635 1147 ἄμεινον,
1674 1084 1896 1152 εὐτέχνως

319 1166 402 1227 τῆς
437 1165 561 1218 θείας
599 1164 789 1232 φύσεως
822 1165 907 1229 τὴν
945 1166 1176 1234 ὑπεροχὴν
1217 1169 1291 1217 καὶ
1328 1168 1382 1218 τὸ
1419 1167 1656 1220 παναλκὲς
1694 1166 1888 1236 ἐξηγού-

317 1269 468 1309 μενος,
510 1249 584 1297 καὶ
632 1247 702 1298 ὅτι
748 1248 902 1312 πάντη
946 1272 994 1300 τε
1036 1251 1110 1300 καὶ
1153 1248 1340 1304 πάντως
1384 1247 1490 1303 τοὺς
1533 1250 1672 1302 ἰδίους
1723 1249 1894 1314 λόγους

319 1331 611 1394 ἀποπερανεῖ,
639 1332 1060 1398 παρεμποδίζοντος
1089 1331 1286 1394 οὐδενὸς,
1312 1336 1524 1396 πειρᾶται
1554 1336 1891 1398 πληροφορεῖν.

97 1417 204 1458 Supra
273 1417 300 1458 b
320 1417 346 1440 ‘⁶
364 1411 426 1460 ‘O
453 1409 546 1477 γὰρ
580 1411 914 1479 ἐφαπτόμενος,
942 1415 1077 1480 φησὶ,
1103 1416 1186 1477 τῆς
1219 1416 1319 1478 γῆς,
1346 1415 1420 1463 καὶ
1452 1413 1670 1464 σαλεύων
1708 1412 1892 1477 αὑτὴν,”

97 1472 164 1492 ver.
183 1470 211 1500 5.

94 2324 179 2354 Gen.

95 2367 260 2407 xxv1ii.13.

95 2413 146 2444 Ib.
166 2422 215 2444 12.

319 1490 438 1542 κατά
474 1515 528 1558 γε
558 1490 665 1546 τοὺς
699 1495 867 1559 ἀρτίως
908 1494 1016 1558 ἡμῖν
1058 1495 1369 1548 ἀποδοθέντας
1405 1493 1619 1560 τρόπους·
1667 1494 1802 1549 αὐτὸς
1837 1495 1894 1560 δὴ

318 1572 452 1627 οὗτός
499 1576 629 1625 ἐστιν
679 1581 697 1627 ὁ
748 1573 979 1645 οἰκοδομεῖν
1032 1582 1091 1631 εἰς
1144 1578 1210 1628 τον
1262 1576 1421 1646 οὐρανον
1471 1576 1698 1635 οἰνοίβοοσιν
1748 1582 1892 1647 αὑτοῦ·

316 1654 461 1720 μόνον
498 1656 546 1708 δὲ
584 1657 692 1725 οὐχί
731 1663 882 1727 φησιν
916 1659 979 1709 Ὁ
1019 1663 1183 1710 πᾶσαν
1221 1658 1340 1726 ε”χων
1374 1658 1459 1723 τὴν
1497 1659 1729 1728 ἐξουσίαν,
1769 1658 1892 1711 ὥστε

315 1740 392 1789 καὶ
438 1739 592 1793 αὐτοῖς
635 1739 886 1801 ἐπιβαίνειν
927 1746 1023 1795 τοῖς
1066 1741 1288 1807 οὐρανοῖς,
1333 1743 1408 1791 καὶ
1448 1739 1502 1791 τὸ
1546 1740 1665 1792 κατὰ
1706 1740 1894 1793 πάντων

315 1823 570 1885 κεκτῆσθαι
611 1821 790 1888 κράτος,
826 1825 888 1877 ὡς
925 1825 1000 1874 καὶ
1041 1822 1184 1887 αὐτὴν
1214 1823 1333 1890 ἔχειν
1372 1822 1732 1889 ὑπεστρωμένην
1769 1825 1894 1894 αὐτῷ

317 1901 402 1966 τὴν
443 1903 538 1954 ἄνω
576 1926 625 1954 τε
670 1906 745 1955 καὶ
786 1906 834 1955 ἐν
877 1910 971 1959 τοῖς
1017 1906 1225 1972 οὐρανοῖς
1269 1906 1436 1966 κτίσιν,
1475 1905 1576 1969 ἤτοι
1613 1910 1707 1956 τῶν
1747 1907 1894 1971 ἁγίων

317 1985 538 2051 ἀγγέλων
581 1986 666 2050 τὴν
705 1988 936 2053 μακαρίαν
978 1987 1179 2052 πληθύν.
1246 1986 1433 2057 οὐρανοῖις
1484 1987 1532 2038 δὲ
1582 1985 1700 2039 εἶναί
1739 1993 1895 2056 φαμεν

315 2067 422 2122 τους
460 2067 543 2118 τὸν
584 2068 780 2134 οὐρανὸν
824 2072 1060 2123 οἰκοῦντας
1101 2068 1346 2135 ἀγγέλους.
1416 2070 1572 2121 ἰστέον
1612 2069 1673 2132 δὲ,
1712 2069 1781 2122 ὅτι
1819 2073 1892 2122 καὶ

318 2151 343 2200 ὁ
394 2150 646 2204 θεσπέσιος
695 2149 868 2211 Ἰακὼβ
929 2154 1278 2217 αἰνιγματωδῶς
1340 2149 1394 2203 τὸ
1448 2155 1608 2219 χρῆμα
1670 2153 1892 2205 τεθέαται.

277 2248 298 2274 C
318 2233 500 2302 κλίμαξ
547 2232 638 2299 γὰρ
686 2232 743 2298 ἧν
791 2234 885 2285 ἀπὸ
936 2237 1024 2299 γῆς
1073 2233 1299 2298 διήκουσα
1348 2233 1506 2302 μέχρις
1558 2235 1768 2300 οὐρανοῦ,
1817 2237 1893 2286 καὶ

317 2324 343 2345 “
370 2317 433 2367 ‘O
473 2315 557 2378 μὲν
604 2315 777 2379 Κύριός
819 2321 969 2385 φησιν
1016 2316 1319 2383 ἐπεστήρικτο
1362 2318 1429 2368 ἐπ’
1475 2315 1655 2381 αὑτῆς,”
1698 2318 1892 2377 ἀναβαί-

316 2421 481 2452 νοντας
522 2397 569 2449 δὲ
614 2401 690 2449 καὶ
732 2399 1098 2458 καταβαίνοντας
1138 2401 1192 2450 δι’
1229 2400 1369 2464 αὐτῆς
1411 2400 1568 2450 ἐθεᾶτο
1605 2398 1712 2453 τοὺς
1751 2399 1892 2467 ἀγγέ-

367 2598 394 2620 1.
418 2586 496 2620 Hoc
511 2586 599 2631 φημι
618 2591 841 2630 assumptum
854 2597 895 2620 ex
910 2586 954 2620 A.
1050 2597 1083 2631 3.
1101 2586 1161 2630 τὴν
1178 2586 1273 2631 prius
1292 2591 1512 2630 assumptum
1530 2597 1570 2619 ex
1586 2585 1677 2619 A.B.
1690 2585 1783 2631 (XII
1800 2587 1892 2632 mg.)

314 2634 416 2667 αὐτοῦ
434 2645 503 2667 om.
524 2633 560 2667 F.
581 2632 671 2667 Edd.
690 2632 796 2677 (Co.)
1016 2645 1049 2675 4.
1075 2634 1177 2667 αὐτοῦ
1194 2645 1264 2667 om.
1284 2633 1320 2667 F.
1340 2632 1430 2666 Edd.
1450 2632 1547 2676 (Co.)
1594 2633 1653 2676 τῆς
1669 2641 1890 2678 assumptum

314 2692 356 2713 ex
376 2680 465 2714 A.B.
485 2679 606 2725 (vat.)
625 2679 720 2713 deest
737 2680 772 2713 in
792 2679 883 2714 Edd.
903 2679 1045 2724 (Alex.)
1093 2679 1365 2725 προκαλούμενος
1382 2680 1424 2713 A.
1444 2678 1536 2713 Edd.
1734 2679 1767 2714 6.
1795 2681 1892 2715 Haec

316 2729 334 2759 ὁ
353 2728 437 2762 Θεὸς
454 2728 472 2760 ὁ
489 2733 709 2761 accesserunt
725 2738 766 2760 ex
785 2727 875 2760 AB.
895 2727 1035 2771 (Alex.)
1149 2736 1178 2772 7.
1205 2725 1449 2760 καταδέδεικται
1466 2726 1510 2759 Α.
1625 2737 1638 2760 1
1650 2737 1678 2761 1.
1703 2727 1892 2771 παραποδί-

317 2775 430 2815 ζυντος
447 2774 490 2807 Α.
645 2784 697 2817 13.
724 2775 806 2807 κατά
822 2772 879 2819 γε]
901 2774 958 2807 Sic
976 2773 1117 2808 correxi.
1136 2774 1219 2808 κατά
1235 2788 1271 2807 τε
1288 2774 1330 2807 A.
1349 2773 1430 2806 κατὰ
1449 2772 1540 2807 Edd.
1589 2773 1628 2816 δὴ
1647 2773 1743 2809 οὗτος
1759 2785 1829 2808 om.
1849 2773 1891 2808 B.

320 2831 372 2862 14.
398 2821 457 2854 τὸν
473 2831 543 2854 om.
562 2821 606 2854 A.
655 2819 812 2865 οὐρανὸν]
837 2825 873 2861 -4-
894 2820 953 2864 τὴν
973 2820 1063 2854 Edd.
1081 2820 1197 2855 invitis
1216 2820 1307 2854 A.B.
1326 2819 1369 2853 cf.
1388 2819 1475 2854 infra
1492 2831 1521 2853 c.
1540 2820 1608 2865 346
1626 2832 1657 2855 a.
1782 2831 1835 2865 15.
1854 2820 1891 2854 δέ

315 2873 537 2912 assumptum
555 2879 596 2900 ex
614 2867 657 2901 A.
677 2874 756 2910 post
773 2868 849 2912 οὐχὶ
868 2867 965 2912 ponit
984 2867 1025 2901 B.
1230 2877 1282 2912 17.
1308 2867 1352 2902 ὡς
1368 2878 1437 2900 om.
1459 2866 1499 2899 B.
1701 2867 1753 2901 18.
1779 2867 1891 2901 κτίσιν

315 2919 535 2957 assumptum
553 2925 593 2947 ex
612 2913 702 2947 AB.
1017 2925 1069 2959 19.
1095 2914 1236 2958 οὐρανὸν
1254 2913 1344 2948 Edd.
1395 2913 1520 2946 Statim
1538 2913 1573 2947 δὲ
1595 2914 1634 2947 A.
1649 2914 1715 2959 γὰρ
1736 2913 1776 2947 Β.
1796 2913 1887 2948 Edd.

317 2969 371 2992 ει.
402 2960 494 2993 Haec
513 2962 530 2993 ὁ
548 2960 732 2995 θεσπέσιος
749 2966 969 2996 accesserunt
986 2973 1025 2995 ex
1045 2961 1135 2995 A.B.
1411 2970 1465 2993 22.
1491 2958 1529 3003 ἦν
1546 2967 1765 3006 assumptum
1784 2972 1825 2994 ex
1844 2961 1887 2995 A.

313 3006 431 3049 μέχρις
449 3006 537 3040 Α.Β.
555 3006 651 3051 ι’ίχρις
673 3007 759 3041 Edd.

1921 1276 1965 1302 10

1915 2076 2021 2134 20{
