2021 3434
129 209 198 250 vii.
223 211 288 260 16,
315 222 379 263 17.
488 212 562 253 IN
604 213 991 256 MICHAEAM.
1052 215 1203 257 TOM.
1239 215 1325 256 ΠΙ.
1612 218 1692 257 737

120 322 460 387 γεγραμμένον.
517 323 607 392 ἔφη
628 324 682 374 δέ
700 347 792 375 που
817 326 892 375 καὶ
920 326 945 375 ὁ
971 324 1194 391 μακάριος
1213 327 1387 376 Δαυεὶδ
1413 325 1483 376 ὅτι
1503 332 1529 355 “
1547 328 1694 376 Πᾶσα
1711 348 1733 371 a
1766 338 1843 373 471
1863 337 1913 392 A·

120 405 288 468 ἀνομία
312 404 540 473 ἐμφράξει
565 404 618 456 τὸ
645 404 803 470 στόμα
829 407 1013 470 αὐτῆς.”
1076 407 1381 471 σιωπήσουσι
1417 405 1473 471 δὴ
1501 407 1594 469 οὖν,
1620 409 1695 457 καὶ
1756 387 1810 468 14)ss
1826 397 1887 417 ω’

120 486 206 553 οὐχ
237 485 429 546 ἑκόντες,
464 489 629 555 φησὶν,
671 491 712 538 οἱ
758 490 893 539 δεινοὶ
929 487 1047 553 πρὸς
1084 487 1378 554 ἐγκλήματα,
1421 490 1495 538 καὶ
1534 486 1696 554 ὥσπερ

120 566 209 619 ὑπὸ
248 571 450 634 βροντῆς
487 569 774 633 βεβλημένοι
807 575 889 620 τοῦ
924 570 994 638 ἐφ’
1029 570 1137 633 ἡμῖν
1179 570 1397 634 δηλονότι
1449 570 1696 631 θαύματος,

78 670 99 707 5
119 648 565 719 ἀποκωφωθήσοντοιι.
631 650 841 719 ἐξαίσιον
872 650 965 717 γὰρ
1001 650 1218 714 ἄκουσμα
1243 651 1297 702 τὸ
1332 652 1402 721 ἐφ’
1430 651 1551 715 ἡμῖν,
1577 652 1699 715 με’γα

117 754 167 782 τε
206 729 368 796 ὥσπερ
409 734 484 782 καὶ
525 729 753 799 ὑπερφυὲς
791 733 980 796 ἀληθῶς
1019 731 1368 797 κατακτύπημα,
1407 732 1532 797 ε’ίπερ
1570 733 1698 783 ἐστὶν

118 812 291 876 ἀληθές
342 811 501 864 ““Orc
549 813 614 864 ἔτι
664 813 812 864 ὄντων
861 814 992 878 ἡμῶν
1037 814 1332 879 ἁμαρτωλῶν
1377 813 1494 864 κατὰ
1541 813 1698 879 καιρὸν
1761 822 1902 851 Rom-“-

119 902 145 924 ‘⁶
171 892 383 960 Χριστὸς
420 893 536 961 ὑπὲρ
571 896 762 956 ἀσεβῶν
798 896 1064 957 ἀπε’θανεν,”
1092 895 1147 946 ἵν’
1177 899 1218 946 οἱ
1251 895 1401 947 πάλαι
1434 899 1593 948 δεινοῖς
1624 896 1698 945 καὶ
1716 908 1742 947 b
1759 865 1787 904 8¹
1807 864 1837 894 6⁸

118 975 374 1045 ἀφορήτοις
408 976 700 1044 ε’νισχημένοι
734 978 1018 1040 πταίσμασι,
1048 983 1128 1028 νῦν
1155 975 1276 1040 ὦμεν
1311 977 1596 1043 ἡγιασμένοι,
1625 980 1700 1027 καὶ

2 1070 5 1116 ’ζ
53 1086 100 1110 10
119 1065 146 1087 ‘⁶
173 1059 278 1109 Οὐκ
303 1057 360 1127 ἐξ
382 1057 530 1124 ἔργων
553 1058 847 1123 δικαιοσύνης
874 1056 904 1109 ἃ
929 1058 1212 1122 ἐποιήσαμεν
1238 1059 1378 1122 ἡμεῖς,
1405 1059 1514 1109 ἀλλ’
1532 1058 1557 1073 ”
1586 1061 1700 1126 ε’λεῳ
1760 1064 1824 1094 Tit.
1841 1064 1885 1094 ifi-

119 1143 194 1191 καὶ
232 1139 400 1208 χάριτι,
441 1143 483 1191 οἱ
520 1139 671 1191 πάλαι
710 1140 1024 1204 λελυπημένοι
1067 1142 1142 1190 καὶ
1181 1139 1368 1204 ἀπάσης
1414 1142 1601 1194 ἐλπίδος
1640 1142 1701 1193 ὡς
1763 1117 1791 1146 ⁵·

119 1221 365 1285 ἀπωτάτω,
393 1228 476 1273 νῦν
508 1222 814 1287 ἠγαπημένοι,
841 1222 1052 1286 λαμπροὶ
1088 1223 1162 1272 καὶ
1197 1221 1505 1284 ἀπόβλεπτοι,
1532 1229 1559 1250 “
1579 1229 1695 1285 κλη-
1763 1234 1885 1292 RQ·-

121 1312 147 1333 “
172 1303 363 1371 ρονόμοι
399 1302 485 1368 μὲν
511 1307 649 1366 Θεοῦ,
675 1306 891 1369 Χριστοῦ
931 1302 979 1353 δὲ
1018 1302 1447 1369 συγκληρονόμοι.”
1511 1307 1698 1354 Emona)-
1764 1288 1828 1307 ‘m'
1850 1285 1896 1315 ¹¹¹

5 1452 7 1460 y
120 1385 388 1455 φωθήσοντοιι
416 1384 471 1450 δὴ
491 1386 573 1436 οὖν
593 1387 730 1453 φησὶ,
749 1387 998 1452 μονονουχὶ
1026 1386 1101 1435 καὶ
1125 1384 1433 1451 ἐμβρόντητοι
1459 1384 1703 1450 γεγονότες

55 1488 101 1526 15
121 1467 268 1520 διάτοι
292 1467 379 1533 τὴν
402 1469 474 1536 ἐφ’
504 1468 614 1532 ἡμῖν
638 1465 939 1532 γαληνότητα
964 1472 1046 1517 τοῦ
1074 1470 1198 1517 Θεοῦ
1226 1468 1300 1517 καὶ
1324 1470 1406 1530 τῆς
1431 1466 1703 1536 παραδόξου

6 1546 7 1551 ’
121 1549 442 1618 χρηστότητος
483 1548 569 1614 τὴν
610 1548 893 1616 ὑπερβολὴν,
939 1549 1126 1618 λείξουοπ
1168 1550 1269 1612 χοῦν
1308 1548 1494 1616 σύροντες
1527 1548 1607 1614 ’γ’ἦν
1645 1551 1703 1603 ὡς

123 1635 262 1701 ὄφεις,
292 1631 552 1696 τουτέστιν,
583 1633 670 1699 οὐχ
696 1631 949 1698 εὑρήσουσι
975 1630 1170 1699 τροφήν.
1230 1630 1332 1684 ἔθος
1365 1630 1449 1694 μὲν
1480 1629 1573 1696 γὰρ
1607 1635 1701 1683 τοῖς
1720 1657 1740 1682 c

122 1715 306 1783 ὄφεσιν,
348 1717 384 1765 εἰ
422 1716 470 1766 ἐν
510 1714 658 1782 ἐνδείᾳ
695 1713 904 1778 γένοιντο
942 1717 1035 1764 τῶν
1073 1713 1321 1776 ἐδωδίμων,
1353 1711 1457 1762 ἔσθ’
1491 1711 1567 1762 ὅτε
1604 1715 1700 1762 δια-

123 1797 312 1860 μάττειν
343 1800 400 1864 τῇ
433 1795 626 1863 γλώττῃ
662 1794 745 1846 τὸν
779 1797 894 1858 χοῦν,
921 1796 996 1845 καὶ
1018 1792 1201 1862 τροφὴν
1227 1794 1441 1860 ἡγεῖσθαι
1467 1794 1520 1844 τὸ
1546 1816 1698 1859 παρα·

57 1912 106 1937 20
123 1878 281 1947 τυχόν.
347 1878 543 1929 ἔσεσθαι
580 1876 636 1928 δέ
665 1881 816 1946 φησιν
850 1878 925 1927 καὶ
962 1875 1069 1930 τοὺς
1095 1874 1384 1942 ἀκαθάρτους
1410 1876 1629 1939 δαίμονας
1656 1877 1704 1925 ἐν

123 1961 250 2015 ’ίσαις
274 1960 478 2014 ἐνδείαις.
545 1963 587 2010 οἱ
621 1958 714 2025 γὰρ
750 1957 805 2022 δὴ
840 1958 990 2010 πάλαι
1015 1961 1199 2026 τρυφᾶν
1223 1956 1432 2010 εἰωθότες
1459 1957 1533 2007 καὶ
1558 1957 1703 2022 ἄρδην

125 2041 337 2097 ἅπαντας
362 2042 694 2095 καταπίνοντες
726 2039 834 2094 τοὺς
867 2042 940 2091 ἐπὶ
975 2042 1057 2103 τῆς
1088 2042 1189 2104 γῆς,
1215 2039 1302 2105 οὐχ
1331 2036 1614 2104 εὑρήσουσιν
1638 2037 1702 2088 ἔτι

125 2124 208 2175 τὸν
240 2129 379 2176 τοῦτο
413 2127 579 2176 παθεῖν
613 2122 906 2190 ἀνεχόμενον,
933 2121 1007 2173 διὰ
1040 2118 1094 2172 r&
1128 2122 1204 2171 καὶ
1241 2118 1420 2174 πάντας
1453 2124 1703 2171 σεσῶσθαι

126 2206 254 2274 παρὰ
285 2210 518 2274 Χριστοῦ,
545 2205 670 2270 ἥκειν
707 2228 756 2255 τε
791 2204 959 2256 λοιπὸν
996 2202 1256 2255 εὐσθενείας
1294 2205 1355 2255 εἷς
1393 2207 1530 2254 τοῦτο
1567 2225 1704 2253 πνευ-

5 2291 15 2306 ”
60 2308 108 2347 25
126 2291 335 2353 ματικῆς,
363 2291 425 2343 ὡς
462 2292 556 2339 τῶν
591 2288 797 2355 ἀρχαίων
830 2286 1012 2337 ἐκείνων
1049 2284 1112 2349 μὴ
1153 2283 1400 2351 ἀνέχεσθαι
1439 2283 1703 2349 δηγμάτων,

127 2371 379 2433 ἐπιβαίνειν
413 2370 462 2421 δὲ
498 2374 690 2435 μᾶλλον
726 2369 800 2419 ἐπὶ
834 2368 1014 2419 ἀσπίδα
1045 2368 1120 2416 καὶ
1154 2366 1458 2427 βασιλίσκον,
1494 2365 1612 2415 κατὰ
1649 2365 1702 2416 τὸ
1722 2374 1816 2415 dPs.
1834 2385 1883 2405 10-

128 2452 465 2520 γεγραμμένον.
533 2452 636 2519 οὐχὶ
667 2449 810 2514 μόνον
843 2448 891 2501 δὲ
928 2448 1115 2518 Aeliano-a
1142 2448 1208 2507 τὴν
1234 2445 1328 2512 γῆν,
1355 2445 1485 2497 ἀλλὰ
1509 2446 1603 2512 γὰρ
1628 2450 1702 2498 καὶ
1770 2427 1815 2458 ιδ’

180 2662 210 2686 Ι.
237 2651 290 2686 καὶ
307 2663 376 2686 om.
394 2650 439 2685 A.
698 2658 731 2693 5.
757 2646 927 2691 ἄκουσμα]
944 2645 1163 2689 ἀκουσμάτων
1180 2644 1223 2679 Β.
1437 2652 1467 2689 7.
1494 2643 1584 2688 ἡμῶν
1601 2643 1704 2677 ὄντων

130 2697 185 2741 ἁμ.
203 2698 253 2733 ἔτι
269 2698 407 2733 inverso
425 2696 546 2732 ordine
562 2695 607 2730 A.
625 2695 673 2729 ἔτι
692 2695 788 2729 deest
802 2694 838 2727 in
858 2694 900 2727 B.
950 2692 1080 2736 καιροὺς
1096 2692 1140 2725 Α.
1400 2701 1502 2735 9—13.
1529 2691 1581 2723 καὶ
1599 2690 1705 2723 οὐκ-

132 2746 404 2791 συγκληρονόμοι
422 2743 550 2778 desunt
566 2743 603 2776 in
621 2742 663 2776 B.
855 2750 908 2774 10.
934 2739 978 2773 ὧν
995 2749 1057 2783 pro
1075 2736 1095 2771 c‘i
1111 2738 1156 2771 A.
1348 2747 1401 2771 11.
1419 2736 1642 2780 λελυπημένοι
1660 2736 1704 2770 Α.

130 2791 350 2835 μεμισημένοι
368 2790 460 2825 Edd.
683 2798 735 2829 14.
761 2786 851 2831 φησὶ
869 2786 964 2820 deest
980 2785 1015 2818 in
1034 2784 1077 2818 A.
1316 2792 1370 2825 15.
1395 2784 1449 2817 καὶ
1466 2785 1524 2827 τῆς
1539 2797 1574 2816 π.
1593 2797 1628 2828 χ.
1646 2783 1705 2826 τὴν

131 2838 251 2883 ὑπερβ.
271 2838 398 2872 desunt
415 2838 450 2871 in
470 2836 512 2870 B.
528 2835 762 2881 χρηστότητος
778 2833 822 2866 A.
839 2832 1065 2878 γαληνότητος
1082 2829 1174 2864 Edd.
1427 2829 1481 2864 16.
1510 2829 1605 2863 Haec
1621 2832 1705 2875 χοῦν

133 2883 295 2929 σύροντες
311 2889 531 2919 accesserunt
548 2894 589 2916 ex
608 2881 650 2915 B.
667 2882 751 2925 χοῦν
766 2880 819 2913 καὶ
835 2880 898 2923 γῆν
905 2903 1071 2912 ........
1078 2877 1191 2922 (eraso
1209 2877 1374 2921 συροῦσιν
1387 2875 1415 2920 ?)
1433 2877 1477 2910 A.
1576 2885 1628 2920 17.
1646 2876 1706 2919 μὲν

132 2930 229 2965 deest
245 2931 282 2965 in
300 2930 393 2965 Edd.
591 2938 646 2962 21.
672 2924 794 2970 πάλαι]
813 2926 916 2959 πάλιν
932 2925 978 2959 Α.
1025 2924 1138 2967 ἔρδειν
1154 2922 1246 2957 Edd.
1458 2933 1513 2967 23.
1540 2923 1593 2956 καὶ
1611 2921 1706 2956 deest

132 2977 170 3011 in
185 2978 231 3012 A.
281 2977 408 3012 Statim
424 2977 549 3011 πάντας
566 2974 609 3008 Α.
627 2973 758 3008 πάντως
775 2971 866 3006 Edd.
1030 2981 1085 3013 24.
1110 2969 1179 3014 ἥκει
1197 2968 1256 3003 iid.
1417 2980 1472 3012 25.
1498 2969 1707 3013 διηγημάτων

133 3035 197 3070 pro
213 3024 390 3069 δηγμάτων
408 3023 451 3058 Β.
503 3021 627 3056 Statim
644 3019 833 3060 ἀναβαίνειν
851 3017 942 3052 Edd.
1087 3026 1142 3061 ²7·
1168 3016 1204 3050 δὲ
1220 3017 1322 3060 μόνον
1337 3016 1475 3051 inverso
1493 3015 1612 3050 ordine
1629 3016 1673 3049 A„

189 3093 283 3122 VOL.
304 3093 335 3122 1.
877 3085 902 3128 5
924 3088 948 3115 B
