2021 3434
92 236 132 276 ii.
160 249 222 276 12.
570 235 640 275 IN
684 236 920 276 OSEAM.
982 234 1125 275 TOM.
1161 234 1225 273 II.
1618 233 1668 270 61

91 347 327 417 μαρτύριον.
393 348 799 415 καταμαρτυρήσει
851 347 943 414 γὰρ
993 346 1155 412 ὥσπερ
1206 350 1288 410 τῆς
1338 351 1420 396 τοῦ
1470 343 1672 410 Ἰσραὴλ

90 431 347 496 μοχθηρίας
382 431 659 498 ἀφῃρημένα
695 453 840 493 ταυτι,
866 453 941 480 και
974 429 1058 493 τὴν
1093 430 1224 493 δίκην
1256 429 1408 481 αὐτοῖς
1435 429 1666 489 ἐπισημο-

90 534 227 577 τεραν
258 511 519 605 ἐργάσεται,
559 536 634 563 και
673 515 921 579 καταφανῆ
960 535 1147 576 ποιησει
1186 510 1270 575 τὴν
1306 509 1468 576 ὀργην.
1530 505 1671 559 ἔδεται

0 604 3 687 J
92 593 140 645 δὲ
185 618 305 645 αυτα
354 618 414 645 τα
457 593 572 662 θηρία
621 597 692 646 τοῦ
744 597 878 663 αγρου
931 618 1008 645 και
1065 618 1123 645 τα
1170 617 1348 644 πετεινα
1392 618 1461 643 του
1510 593 1674 659 ιύρανσυ

0 702 1 722 ¹
49 695 71 732 5
96 701 171 728 και
213 675 272 728 τα
306 675 469 742 ἑρπετα
500 702 574 736 τνς
607 702 706 742 γῆς.
773 681 923 726 νοοῖτο
959 677 996 726 δ’
1025 674 1084 726 ἀν
1120 676 1172 725 οὐ
1211 676 1311 726 καθ
1343 675 1422 725 ἕνα
1453 677 1584 724 ταυτὶ
1617 672 1673 737 δὴ

0 756 1 767 ’
91 759 280 824 τρόπον,
306 762 440 827 τριχῆ
477 758 524 809 δὲ
562 764 752 822 μᾶλλον
789 757 849 809 τὰ
884 782 933 809 εκ
971 764 1053 808 τοῦ
1091 781 1437 821 σημαινομενου
1475 755 1664 823 ληφθή-

91 863 240 891 σεται.
306 839 336 906 ὴ
372 840 465 906 γὰρ
502 843 646 891 ἐκεῖνο
682 842 846 909 φησὶν,
883 841 952 891 ὅτι
988 841 1160 906 θηρίων
1199 840 1332 890 ἐσται
1361 837 1514 906 τροφὴ
1542 837 1599 889 τὰ
1625 840 1671 889 ἐν
1692 846 1717 886 b

91 924 314 988 ἀγροῖς,
286 946 347 976 ως
373 923 454 973 οὐκ
480 922 612 976 ὄντος
633 946 698 973 ετι
725 928 806 974 τοῦ
833 928 1156 975 κατοικοῦντος
1184 945 1269 985 την
1295 924 1397 986 γῆν,
1425 920 1500 971 διὰ
1519 926 1600 971 τοῦ
1619 920 1672 971 τὸ

90 1006 344 1058 πλείστους
374 1004 458 1067 μὲν
496 1004 637 1058 ὅσους
669 1005 806 1055 οἴκων
843 1028 890 1056 τε
932 1007 1006 1055 καὶ
1043 1004 1231 1055 πόλεων
1269 1002 1673 1066 ἐκσεσοβημένους

0 1082 376 1153 17ιοοίποδραμεῖν
408 1087 494 1154 οὐχ
531 1087 718 1141 ἑκόντας
756 1092 817 1140 εἷς
853 1091 1122 1148 Βαβυλῶνα
1161 1088 1237 1137 καὶ
1277 1085 1489 1150 Μήδους,
1532 1087 1668 1136 δεδα-

89 1172 330 1233 πανῆσθαι
365 1169 411 1219 δὲ
448 1171 513 1238 τῷ
548 1169 740 1239 πολέμῳ
776 1172 850 1220 καὶ
884 1170 1063 1235 ἑτέρους
1100 1169 1256 1230 ὅσους,
1289 1171 1351 1221 ὡς
1390 1166 1479 1218 ὑπὸ
1517 1165 1703 1230 μόνων.

91 1251 178 1316 ἤδη
218 1255 312 1302 τῶν
351 1251 525 1318 θηρίων
559 1275 607 1302 τε
643 1254 717 1303 καὶ
753 1254 958 1318 ἑρπετῶν
992 1256 1085 1302 τῶν
1117 1255 1419 1316 Σαμαρειτῶν
1446 1253 1674 1300 οἰκεῖσθαι

92 1333 263 1400 χώραν,
291 1333 437 1398 ἤγουν
462 1335 604 1385 ἐκεῖνο
629 1334 787 1403 πάλιν,
816 1334 886 1385 ὅτι
918 1337 999 1398 τῆς
1025 1335 1184 1402 χώρας
1209 1332 1294 1397 τὴν
1321 1333 1574 1397 εὐκαρπίαν
1601 1330 1676 1382 οῗά

91 1439 209 1469 τινες
236 1419 371 1482 θῆρες
397 1419 438 1466 οἱ
466 1418 763 1477 Βαβυλώνιοι
797 1416 1110 1481 θοινήσονται,
1137 1422 1231 1467 τῶν
1265 1414 1563 1467 ἐνοικούντων
1588 1413 1673 1478 τὴν

28 1528 72 1565 15
93 1501 181 1563 γῆν
211 1503 311 1552 ταῖς
344 1499 704 1566 τετειχισμέναις
739 1504 831 1550 τῶν
865 1499 1051 1551 πόλεων
1089 1499 1418 1566 ε’νισχημένων,
1455 1499 1530 1547 καὶ
1569 1497 1673 1548 οὐδὲ

92 1580 209 1631 ὅσον
239 1584 380 1632 εἰπεῖν
416 1581 621 1632 ἐπέκεινα
655 1587 821 1633 πυλῶν
860 1582 971 1633 ἱέναι
1009 1581 1307 1645 τολμώντων,
1335 1581 1483 1631 καίτοι
1522 1602 1665 1630 κατα·
1691 1605 1712 1630 e

91 1663 364 1730 φθείροντος
390 1669 473 1714 τοῦ
495 1670 651 1723 λιμοῦ.

165 1748 223 1795 Εἰ
251 1744 304 1796 δέ
323 1768 388 1815 τῳ
416 1749 542 1797 δοκεῖ
562 1747 767 1797 συνιέναι
800 1751 1132 1810 πνευματικῶς,
1160 1748 1235 1796 καὶ
1268 1745 1322 1796 δι’
1347 1745 1504 1810 ἑτέρας
1530 1742 1587 1794 ἂν
1613 1744 1672 1795 ’loc

91 1826 267 1892 τρίβου.
335 1830 577 1889 ἀμπελῶνι
602 1829 686 1893 μὲν
713 1829 806 1895 γὰρ
840 1832 915 1881 καὶ
950 1833 1074 1897 συκῇ
1101 1828 1439 1896 παρεικαστεόν
1465 1827 1514 1877 εὖ
1539 1827 1672 1889 μάλα

26 1934 74 1959 20
92 1908 175 1972 τὴν
209 1909 285 1960 διὰ
319 1909 462 1973 νόμου
497 1910 739 1962 παίδευσιν
773 1911 1150 1977 ἀποκομίζουσαν
1174 1915 1234 1964 εἷς
1260 1908 1488 1977 Χριστόν.
1556 1932 1665 1960 παι·
1733 1928 1805 1960 Gal.
1824 1929 1869 1959 iii.

92 1993 299 2056 δαγωγεῖ
335 1992 428 2059 γὰρ
472 1997 534 2047 εἰς
580 2000 717 2045 τοῦτο
764 1994 884 2045 κατὰ
928 1993 1012 2058 τὴν
1063 1999 1145 2044 τοῦ
1198 1993 1428 2058 μακαρίου
1472 1991 1670 2042 Παύλου
1735 1983 1783 2011 24'

91 2074 266 2140 φωνήν.
343 2077 418 2125 καὶ
453 2075 663 2138 ἄμπελος
697 2076 780 2138 μὲν
821 2078 1079 2145 εὐφρασιάς
1117 2074 1174 2127 ἂν
1213 2081 1363 2126 νοοῖτο
1402 2074 1669 2137 σύμβολον,

91 2157 380 2221 γλυκύτητος
407 2156 455 2208 δὲ
482 2161 620 2223 συκῆ.
688 2159 758 2210 ὅτι
790 2158 838 2210 δὲ
871 2163 1007 2228 ψυχῇ
1044 2159 1252 2228 φιλοθέῳ
1277 2156 1452 2223 γλυκὺς
1480 2158 1669 2219 ἀληθῶς

92 2238 116 2287 ὁ
141 2244 223 2289 τοῦ
247 2243 371 2290 Θεοῦ
398 2239 536 2303 νόμος
563 2243 637 2291 καὶ
664 2243 1012 2309 κατευφραίνειν
1038 2240 1181 2303 εἰδὼς,
1208 2245 1306 2294 πῶς
1339 2238 1396 2290 ἂν
1422 2237 1676 2289 ἐνδοιάσειέ
1689 2248 1715 2288 d

27 2348 45 2372 2
53 2345 73 2383 5
93 2342 189 2381 τις;
231 2322 396 2372 οὐκοῦν
416 2322 640 2390 ἀμέτοχος
658 2323 742 2387 μὲν
770 2325 794 2374 ὁ
811 2323 1014 2390 Ἰσραὴλ
1037 2322 1382 2386 ἀπομεμένηκεν
1407 2321 1669 2385 ἀναγκαίως

92 2407 186 2454 τῶν
229 2404 405 2455 ἄνωθεν
456 2409 531 2456 καὶ
580 2411 902 2469 πνευματικῶν
953 2408 1156 2472 ἀγαθῶν·
1213 2405 1420 2455 δέδονται
1466 2401 1513 2453 δὲ
1552 2401 1670 2468 πρὸς

93 2484 364 2554 μετάληψιν
397 2492 492 2541 τοῖς
527 2490 661 2539 οἱονεὶ
696 2489 869 2554 θηρίοις
905 2512 953 2539 τε
986 2490 1060 2538 καὶ
1094 2489 1312 2552 ἑρπετοῖς,
1341 2487 1461 2554 φημὶ
1493 2484 1549 2549 δὴ
1577 2490 1672 2539 τοῖς

95 2567 151 2635 ἐξ
171 2569 330 2630 ἐθνῶν,
351 2568 393 2619 οἳ
417 2568 510 2635 πρὸ
533 2572 615 2633 τῆς
642 2575 724 2620 τοῦ
745 2573 963 2637 Σωτῆρος
988 2570 1227 2632 ἐπιδημίας
1254 2568 1396 2633 ὀλίγα
1424 2571 1671 2632 διενεγκεῖν

95 2653 249 2715 θηρῶν
292 2673 339 2701 τε
385 2654 460 2701 καὶ
506 2651 710 2716 ἑρπετῶν
755 2652 959 2713 ἰοβόλων
1005 2653 1298 2714 ὑπονοηθεῖεν
1342 2649 1412 2712 ἂν,
1459 2649 1535 2701 διὰ
1584 2649 1670 2714 τὴν

27 2761 74 2797 30
95 2730 350 2796 σκαιότητα
385 2737 478 2783 τῶν
512 2732 714 2799 τρόπων.
780 2734 909 2798 πλὴν
943 2735 996 2787 οῦ
1033 2733 1348 2798 μεμενήκασιν
1386 2736 1433 2784 ἐν
1471 2733 1667 2793 τούτοις,

1117 2819 1135 2827 Α

96 2814 365 2865 ἀκολουθεῖν
388 2815 606 2883 ᾑρημένοι
635 2816 820 2881 λέγοντι
847 2820 912 2885 τῷ
940 2820 1151 2884 Χριστῳ,
1180 2823 1207 2844 “
1229 2816 1420 2867 Μάθετε
1448 2817 1525 2867 ἀπ’
1545 2818 1668 2880 ἐμοῦ,
1689 2847 1707 2871 e
1725 2834 1890 2884 8331atth.

1723 2889 1765 2909 XI.
1785 2887 1834 2918 29.

143 2987 175 3021 8.
202 2989 260 3020 τοῦ
279 2986 332 3032 τὸ]
355 2987 410 3022 Sic
429 2987 531 3022 edidi.
552 2991 649 3023 τοῦτο
671 2988 711 3023 B.
731 2990 767 3023 τὸ
790 2989 879 3023 Edd.
1052 3001 1103 3023 12.
1130 2993 1195 3024 τῶν
1213 2990 1307 3035 prius
1327 2997 1548 3037 assumptum
1567 3004 1606 3026 ex
1628 2991 1670 3027 B.

102 3043 152 3077 13.
179 3034 237 3077 τὴν
255 3041 475 3080 assumptum
491 3047 531 3069 ex
552 3035 592 3070 B.
796 3037 849 3070 28.
878 3039 935 3071 τοῦ
955 3044 1176 3082 assumptum
1195 3049 1234 3071 ex
1256 3037 1295 3072 B.
