2021 3434
133 226 187 268 iv.
216 241 276 268 11.
580 231 655 270 IN
697 231 933 271 OSEAM.
994 230 1145 270 TOM.
1190 230 1275 269 ΠΙ.
1622 229 1698 266 105

132 337 327 402 μετρίως
377 338 429 388 τὸ
481 339 602 405 ἱερὸν
650 342 723 390 καὶ
771 340 1033 391 ἀπόλεκτοι]
1087 344 1306 402 τιμῶντες
1356 337 1500 403 γένος,
1551 359 1703 401 προσ-

131 421 249 483 ῆγον
283 419 342 469 τὰ
376 420 493 471 κατὰ
528 421 735 486 δύναμιν·
779 422 858 472 καί
887 426 1005 472 εἰσιν
1039 423 1086 472 ἐν
1123 421 1302 474 τούτοις
1328 420 1406 481 ἔτι,
1433 420 1579 469 καίτοι
1611 422 1704 468 τῶν

131 500 279 551 πάλαι
314 507 491 553 θυσιῶν
526 504 952 571 ἀνατετραμμένων·
1009 503 1099 572 ἔξω
1139 503 1232 569 γὰρ
1273 505 1352 566 τῆς
1392 499 1703 568 Ἰερουσαλὴμ

131 581 354 647 γεγονόσι
394 584 448 635 τὸ
494 584 616 637 θύειν
654 586 718 637 ε”τι
755 586 1041 652 παράνομον.
1111 585 1338 653 φάγονται
1383 584 1536 634 τοίνυν
1582 585 1705 651 φησὶ

91 680 113 717 5
135 672 211 716 καὶ
240 669 282 716 οὐ
308 666 368 734 μὴ
397 667 702 736 ἐμπλησθεῖσι,
733 668 987 729 τουτέστιν,
1016 668 1156 732 ὀλίγα
1187 665 1427 734 λήψονται
1454 667 1527 716 καὶ
1554 665 1704 729 μόλις,

132 749 206 798 καὶ
234 747 327 799 ὅσα
352 749 469 816 πρὸς
496 750 633 816 κόρον
659 751 740 801 οὐκ
766 750 960 818 ἐξαρκεῖ.
1003 748 1310 800 καταδεικνύει
1338 748 1385 799 δὲ
1410 747 1539 798 οὐδὲν
1566 747 1706 811 ἧττον

132 832 207 881 καὶ
242 837 379 882 τοῦτο
413 835 494 896 τῆς
525 832 719 900 ἀρχαίας
754 833 904 882 αὐτῶν
928 835 1062 895 τιμῆς
1093 830 1179 895 τὴν
1214 831 1496 896 καθαίρεσιν,
1524 832 1598 880 καὶ
1624 832 1705 892 τῆς
1723 852 1744 875 e

131 914 471 979 προλαβούσης
490 915 705 977 εὐθυμίας
730 913 816 977 τὴν
841 913 1103 977 ἀποβολήν.
1146 912 1301 976 ἐπειδὴ
1320 911 1366 963 δὲ
1387 910 1709 980 πεπορνεῦκασὶ

134 1000 300 1063 φησιν,
339 1001 382 1048 οὐ
416 996 476 1065 μὴ
514 996 851 1048 κατευθυνθῶσιν.
917 995 1158 1064 ἀμήχανον
1195 994 1302 1061 γὰρ,
1338 997 1400 1048 ὡς
1437 993 1569 1060 ἔφην,
1603 993 1710 1046 τοὺς

71 1100 114 1124 10
134 1080 489 1147 ἀποφοιτῶντας
513 1084 595 1129 τοῦ
621 1082 756 1129 Θεοῦ·
803 1084 940 1130 τοῦτο
966 1077 1058 1145 γὰρ
1081 1075 1213 1139 οἶμαί
1233 1079 1336 1128 ἐστι
1361 1075 1414 1127 τὸ
1440 1079 1522 1139 τῆς
1543 1078 1707 1139 νοητῆς

134 1163 330 1227 πορνείας
371 1160 518 1220 ὄνομα
557 1183 606 1211 τε
645 1163 719 1211 καὶ
757 1164 927 1228 χρῆμα·
992 1159 1020 1224 ἢ
1060 1164 1120 1213 εἷς
1160 1159 1297 1226 κόρον
1335 1159 1455 1226 ἔχειν
1493 1157 1578 1222 τὴν
1615 1161 1709 1208 τῶν

135 1243 267 1294 θείων
291 1245 482 1308 ἀγαθῶν
506 1243 746 1310 χορηγίαν,
770 1243 915 1309 ἠ’γουν
941 1242 1171 1293 δύνασθαι
1208 1241 1292 1295 τὰς
1325 1243 1381 1309 ἐξ
1411 1241 1607 1306 οὐρανοῦ
1634 1241 1708 1290 καὶ

134 1324 309 1375 ἄνωθεν
346 1325 713 1392 συγκομίζεσθαι
747 1325 939 1393 τροφὰς,
966 1324 995 1389 ἦ
1029 1327 1078 1376 ἐν
1108 1329 1304 1386 βουλαῖς
1329 1322 1358 1388 ἦ
1385 1325 1433 1374 ἐν
1457 1321 1707 1389 πράγμασι

138 1406 475 1460 κατευθύνεο-Θαι.
538 1407 659 1462 Θεὸς
693 1407 785 1474 γάρ
829 1410 958 1459 ἐστιν
997 1408 1021 1457 ὁ
1056 1406 1231 1460 παντὸς
1268 1407 1376 1470 ἡμῖν
1414 1408 1594 1471 ἀγαθοῦ
1633 1407 1708 1455 δο-

70 1509 115 1546 15
135 1489 234 1556 τὴρ,
262 1493 336 1541 καὶ
365 1493 446 1554 τῆς
471 1491 615 1554 οὔσης
640 1492 688 1540 ἐν
712 1491 820 1554 ἡμῖν
846 1489 1044 1543 διανοίας
1069 1489 1122 1541 τὸ
1148 1489 1393 1553 πηδάλιον.

134 1683 249 1725 Διότι
276 1683 347 1725 τὸν
377 1683 522 1740 Κύριον
548 1683 824 1731 (ξι-κατέλιπον
851 1685 923 1724 τοῦ
947 1684 1145 1738 φυλάξαι,
1175 1681 1376 1738 Πορνείαν
1405 1680 1472 1721 καὶ
1499 1676 1613 1721 οἶνον
1642 1680 1709 1720 καὶ
1727 1659 1844 1746 ῗῐ74
1864 1658 1912 1691 Α·

202 1770 390 1818 μὲθυσμα
416 1768 592 1811 ἐδέξατο
619 1767 769 1825 καρδία
797 1771 901 1809 λαοῦ
925 1783 1017 1816 μου.

209 1876 309 1931 Τὰς
343 1878 488 1931 αἰτίας
525 1876 683 1927 ἐνθάδε
719 1878 841 1945 φησὶ
879 1882 960 1927 τοῦ
998 1875 1113 1939 μήτε
1150 1877 1329 1943 τροφῆς
1371 1873 1710 1938 ἐμπίπλασθαι,

134 1960 249 2022 μήτε
293 1957 386 2023 μὴν
427 1958 492 2009 ε”τι
535 1958 993 2023 κατευθυνθήσεσθαι
1040 1956 1147 2011 τοὺς
1197 1955 1477 2024 ἱερουργούς.
1558 1954 1711 2018 ἐπειδὴ

71 2068 118 2092 20
137 2041 227 2108 γὰρ
267 2039 514 2110 ἀπῴχοντό
558 2046 680 2110 φησι
722 2043 796 2091 καὶ
838 2042 966 2092 αὐτοὶ
1004 2046 1087 2091 τοῦ
1129 2041 1318 2106 Κυρίου,
1364 2041 1439 2090 καὶ
1482 2036 1707 2088 συναπώ-

135 2128 308 2175 λισθον
341 2129 436 2178 τοῖς
469 2124 813 2188 παιδευομένοις
847 2126 888 2173 οἱ
925 2124 1178 2182 παιδευταῖ,
1213 2127 1307 2175 τοῖς
1347 2120 1436 2172 ὑπὸ
1474 2124 1604 2187 χεῖρα
1635 2120 1710 2169 καὶ

136 2206 355 2275 ἐξουσίαν
399 2210 439 2257 οὶ
489 2210 795 2273 καθηγεῖσθαι
846 2205 1086 2273 λαχόντες,
1130 2204 1346 2273 ταύτῃτοι
1393 2202 1575 2254 δικαίως
1619 2199 1753 2251 ὑπὸῐ)

137 2291 263 2340 θείαν
288 2288 475 2340 ἔσονται
498 2287 702 2353 μήνισιν,
728 2290 802 2339 καὶ
837 2288 965 2341 δίκας
998 2287 1228 2356 ὑφέξουσι
1252 2290 1345 2337 τῶν
1375 2281 1710 2347 ἀκαταλήκτως

12 2437 13 2443 1
136 2372 514 2434 διεπταισμένων.
591 2369 873 2438 τετηρήκασι
925 2369 1018 2436 γὰρ
1074 2371 1281 2439 πορνείαν,
1333 2366 1561 2428 τουτέστι,
1613 2366 1709 2415 σώ-

12 2470 17 2510 fi
71 2474 118 2510 25
137 2453 298 2520 ζεσθαι
337 2453 697 2520 παρεσκεύασαν
738 2458 833 2506 τοῖς
887 2451 978 2504 ὑπὸ
1020 2456 1152 2519 χεῖρα
1191 2450 1276 2514 τὴν
1316 2448 1572 2511 πλάνησιν,
1613 2448 1711 2498 καί-

137 2558 207 2586 τοι
231 2539 420 2598 μᾶλλον
451 2535 594 2599 αὐτὴν
624 2537 672 2586 ἐκ
707 2535 855 2598 με’σου
889 2534 1170 2600 διαρῥίπτειν
1204 2534 1278 2582 καὶ
1309 2528 1543 2599 ἀφανίζειν
1574 2530 1704 2596 ὀφεί-

137 2624 312 2671 λοντες.
382 2615 681 2667 διδασκάλων
707 2617 800 2683 γὰρ
825 2619 984 2684 νῆψις,
1012 2614 1066 2665 τὸ
1101 2612 1243 2667 λαοὺς
1275 2615 1462 2663 ἀδικοῦν
1487 2614 1536 2662 ἐκ
1559 2612 1710 2676 με’σου

137 2703 372 2750 ποιεῖσθαι
410 2697 484 2749 διὰ
518 2701 741 2762 σπουδῆς,
769 2700 843 2748 καὶ
877 2696 929 2748 τὸ
961 2700 1027 2765 τῷ
1063 2700 1171 2765 Θεῷ
1204 2693 1443 2761 στυγητόν
1480 2697 1709 2759 ἀμελλητὶ

185 2857 218 2891 3.
244 2846 349 2880 πάλαι
369 2845 414 2880 D.
432 2846 583 2879 παλαιῶν
600 2843 690 2878 Edd.
863 2841 896 2877 6.
922 2842 1154 2876 καταδείκνυσι
1174 2841 1219 2875 D.
1377 2841 1410 2875 8.
1435 2840 1471 2875 δὲ
1489 2847 1710 2886 assumptum

138 2904 180 2927 ex
199 2893 291 2927 B.D.
451 2903 504 2926 10.
529 2893 588 2926 τοῦ
605 2895 825 2935 assumptum
842 2901 884 2923 ex
903 2889 949 2923 D.
1152 2899 1204 2923 12.
1233 2888 1311 2922 Hoc
1328 2887 1425 2922 θείων
1441 2888 1585 2922 accessit
1601 2900 1642 2922 ex
1663 2888 1708 2922 D.

139 2940 280 2983 οὐρανοῦ
298 2939 344 2973 D.
363 2939 511 2983 οὐρανῶν
528 2937 618 2972 Edd.
779 2947 831 2979 13.
858 2936 893 2970 ἐν
910 2936 967 2970 alt.
986 2947 1055 2969 om.
1075 2935 1121 2969 D.
1267 2946 1319 2977 14.
1346 2934 1464 2980 δοτὴρ]
1484 2935 1598 2991 σωτὴρ
1616 2934 1708 2969 Edd.

145 2997 197 3030 19.
221 2984 488 3029 κατευθὴσεσθαι
504 2985 563 3020 iid.
582 2983 840 3019 κατευθύνεσθαι
857 2995 874 3016 e
892 2994 955 3016 suo
973 2982 1121 3016 correxit
1140 2981 1273 3027 Migne.
1401 2993 1456 3028 23.
1478 2980 1629 3027 μηνισιν]
1652 2981 1709 3016 Sic

143 3032 184 3066 B.
204 3032 294 3067 Edd.
313 3033 442 3076 κίνησιν
460 3033 505 3066 D.
603 3031 656 3066 28.
683 3031 720 3065 τὸ
738 3042 807 3065 om.
827 3029 1017 3064 Aubertus.
1069 3029 1193 3064 Statim
1210 3031 1256 3075 τῷ
1273 3040 1342 3063 om.
1365 3029 1408 3063 D.
1430 3044 1435 3050 ·
1457 3029 1597 3073 ἀμελητὶ
1617 3029 1662 3062 D.

200 3103 289 3132 VOL.
314 3104 340 3130 I.
916 3101 936 3126 P
