2021 3434
74 310 184 348 Supra

75 366 141 386 ver.
166 364 193 395 7.

74 727 125 759 Ib.
145 728 174 759 8.

72 1029 236 1079 SINT-qum.

73 1084 174 1104 xxvn.
185 1082 236 1112 45.

74 1281 169 1311 Rom.
185 1279 229 1310 xi.

74 1333 127 1362 25.

73 1378 91 1398 ¹2
110 1368 184 1398 Cor.

71 1412 117 1443 iii.
142 1421 188 1452 15·

72 1611 234 1644 Ps.1xviii.

72 1667 123 1696 24·

68 2034 99 2064 S.
116 2034 198 2065 Luc.

68 2079 160 2110 xxiii.
178 2080 228 2110 28.

304 182 388 222 520
693 184 743 225 B.
787 183 1065 224 CYRILLI
1106 184 1489 225 ALEXANDR.
1637 183 1722 224 viii.
1747 196 1787 238 9,
1814 192 1878 219 10.

297 290 464 340 οὐκοῦν
488 291 563 340 καὶ
589 293 693 357 περὶ
728 291 882 342 αὐτῶν
918 291 1103 346 εἰκότως
1138 291 1195 343 ἂν
1221 292 1407 358 λέγοιτο
1433 300 1460 322 “
1484 293 1677 356 Ὀμνύει
1706 291 1879 358 Κύριος

300 370 460 422 “καθ’
504 373 820 440 ὑπερηφανίας
860 374 1034 435 Ἰακὼβ
1071 379 1106 425 εἰ
1149 374 1523 439 ἐπιλησθήσεται
1561 379 1622 428 εἷς
1661 380 1782 428 νῖκος
1819 373 1880 425 τὰ

296 459 325 481 “
351 453 514 519 ἔργα
492 457 651 516 υμῶνῖ
733 457 970 524 ὑπεροψία
1003 456 1096 524 γὰρ
1131 459 1333 521 ἀληθῶς,
1361 457 1414 508 τὸ
1448 459 1522 508 καὶ
1554 458 1687 508 θείων
1713 455 1879 509 αὐτοὺς

295 539 535 604 ἀλογῆσαι
563 538 730 603 νόμων,
758 543 832 592 καὶ
867 539 921 592 τὸ
960 542 1025 592 ε”τι
1063 541 1229 593 τούτου
1267 542 1622 609 φορτικώτερον,
1649 543 1723 592 καὶ
1754 535 1879 610 αὐτῷ

297 619 466 672 λοιπὸν
500 623 840 689 ἐμπαροινῆσαι
876 627 941 692 τῷ
966 626 1178 694 Χριστῷ.
1243 624 1461 691 ταύτῃτοι
1495 622 1663 674 λοιπὸν
1689 622 1794 674 οὐδὲ
1817 626 1878 676 εἱς
1899 634 1921 673 5

296 701 450 767 λήθην
481 704 634 754 αὐτῶν
669 703 963 769 ἀποδημήσει
1001 705 1060 756 τὰ
1102 705 1504 770 πλημμελήματα·
1544 704 1790 755 συντέλεια
1829 703 1878 755 δὲ

295 783 459 851 ὥσπερ
496 786 846 851 ἐπαναβεβηκεν
877 788 946 839 ἐπ’
975 786 1155 846 αὐτοὺς,
1182 790 1256 839 καὶ
1295 791 1357 842 ὡς
1395 790 1694 852 πλημμυρῶν
1730 809 1877 837 ποτα-

251 879 278 919 d
295 866 382 931 μὸς
407 869 431 918 ὁ
456 868 700 932 Ῥωμαίων
726 869 949 932 πόλεμος.
1018 869 1173 934 ἐπειδὴ
1200 870 1247 921 δὲ
1282 874 1474 939 σταυρῷ
1498 870 1770 935 παρέδοσαν
1795 866 1877 919 τὸν

296 954 391 1001 τῶν
411 949 538 1002 ὅλων
559 951 829 1015 Δεσπότην,
849 953 926 1004 ε”δυ
949 952 1034 1017 μὲν
1060 954 1084 1004 ὁ
1108 954 1238 1018 ἥλιος
1257 953 1324 1004 ἐπ’
1347 951 1526 1014 αὐτοὺς,
1549 949 1878 1003 συνεσκότασε

297 1032 346 1084 δὲ
384 1035 459 1084 καὶ
495 1032 549 1084 τὸ
585 1039 700 1103 φῶς.
768 1034 931 1101 ye‘yove
969 1034 1062 1102 γὰρ
1089 1043 1116 1063 ‘⁶
1136 1034 1308 1088 σκότος
1340 1034 1432 1086 ἀπὸ
1471 1035 1592 1101 ὥρας
1630 1033 1762 1097 ἕκτης
1793 1032 1877 1086 ἕως
1899 1055 1946 1081 10

296 1123 324 1145 “
348 1114 469 1183 ὥρας·
506 1116 741 1180 ἐννάτηςΫ
807 1119 881 1168 καὶ
916 1123 1054 1168 τοῦτο
1094 1122 1190 1172 τοῖς
1227 1118 1465 1172 Ἰουδαίοις
1503 1115 1556 1168 τὸ
1595 1120 1790 1180 σημεῖον
1819 1113 1877 1179 ἧν

296 1197 484 1265 ἐναργες
521 1204 603 1249 τοῦ
636 1203 1065 1263 κατασκοτισθῆναι
1104 1204 1277 1264 νοητῶς
1314 1198 1398 1253 τὰς
1435 1204 1529 1250 τῶν
1566 1197 1878 1264 σταυρωσάν-

294 1303 389 1332 των
413 1279 587 1348 ψυχάς.
638 1288 665 1309 “
687 1280 921 1347 Πώρωσις
946 1281 1038 1347 γὰρ
1059 1282 1151 1333 ἀπὸ
1171 1282 1337 1348 μερους
1363 1281 1525 1347 γέγονε
1544 1283 1612 1350 τῷ
1629 1277 1873 1346 Ἰσραήλ·”

295 1364 371 1413 καὶ
409 1364 470 1416 ὡς
508 1364 533 1413 ὁ
572 1363 825 1416 θεσπέσιος
856 1363 1028 1432 γράφει
1059 1368 1253 1418 Παῦλος
1279 1362 1473 1431 (ζ”Αχρι
1506 1362 1715 1428 σήμερον
1741 1362 1876 1426 ἡνίκα

295 1450 323 1473 “
349 1444 727 1510 ἀναγινώσκηται
763 1448 992 1508 Μωυσῆς,
1019 1445 1244 1510 κάλυμμα
1277 1448 1350 1497 ἐπὶ
1381 1446 1465 1510 τὴν
1499 1446 1691 1512 καρδίαν
1722 1445 1875 1496 αὐτῶν
1897 1461 1943 1500 15

294 1532 323 1555 ‘⁶
346 1527 533 1578 κεῖται.”
575 1528 778 1592 ἐπηρᾶτο
805 1526 853 1577 δὲ
879 1528 1032 1581 αὐτοῖς
1052 1530 1127 1578 καὶ
1153 1528 1179 1578 ὁ
1204 1529 1427 1594 μακάριος
1446 1531 1633 1591 Δαυεὶδ,
1652 1528 1701 1578 ἐκ
1727 1532 1871 1597 φιλο-

295 1607 421 1662 θεΐας
459 1609 579 1659 οὕτω
615 1609 769 1674 λέγων
795 1615 823 1638 “
842 1608 1246 1674 Σκοτισθήτωσαν
1277 1614 1319 1661 οἱ
1351 1611 1592 1679 ὀφθαλμοὶ
1615 1610 1766 1661 αὐτῶν
1791 1614 1874 1660 τοῦ

295 1697 321 1720 “
346 1690 410 1754 μὴ
436 1691 643 1753 βλέπειν,
671 1693 746 1741 καὶ
777 1690 859 1742 τὸν
894 1696 1041 1742 νῶτον
1072 1694 1223 1743 αὐτῶν
1250 1692 1500 1746 διαπαντὸς
1533 1691 1872 1761 σύγκαμψον.”

292 1772 363 1823 ὅτι
402 1772 450 1824 δὲ
489 1776 563 1823 καὶ
600 1772 913 1839 τεθρηνήκασι
951 1776 1266 1838 μετατιθέντες
1303 1773 1465 1842 ὥσπερ
1506 1773 1589 1830 τὰς
1628 1773 1775 1844 ἑορτέις
1814 1779 1874 1830 εἷς

291 1854 560 1923 κατήφειαν,
581 1854 735 1924 σαφὲς
761 1854 819 1906 ἂν
838 1855 1018 1922 γένοιτο
1043 1860 1117 1908 καὶ
1144 1859 1284 1909 αὐτοῦ
1312 1857 1533 1924 λέγοντος
1556 1863 1638 1909 τοῦ
1657 1860 1873 1924 Χριστοῦ
1893 1873 1942 1899 20

289 1942 389 1991 ταῖς
414 1937 689 1992 κλαιούσαις
720 1939 788 1989 ἐπ’
817 1940 943 2009 αὐτῷ
975 1940 1191 2009 γυναιξὶν
1225 1940 1562 2010 ἀποφερομένῳ
1597 1938 1766 1991 λοιπὸν
1799 1941 1873 1991 ἐπὶ

288 2018 372 2070 τὸν
409 2020 622 2083 σταυμὸν
646 2027 672 2050 “
693 2021 960 2088 Θυγατέρες
992 2021 1320 2088 Ἰερουσαλὴμ,
1355 2021 1420 2086 μὴ
1458 2021 1642 2072 κλαίετε
1678 2021 1747 2073 ἐπ’
1780 2021 1871 2086 ἐμὲ,

290 2108 317 2131 “
342 2102 526 2153 κλαίετε
552 2101 601 2153 δὲ
627 2103 699 2171 ἐφ’
729 2104 847 2166 ὑμᾶς
878 2105 952 2154 καὶ
983 2105 1056 2155 ἐπὶ
1082 2103 1140 2154 τὰ
1165 2104 1302 2155 τέκνα
1329 2103 1496 2168 ὑμῶν.”
1558 2103 1872 2171 τεθρηνήκασι

289 2182 383 2250 γὰρ
407 2188 464 2252 τῇ
495 2207 545 2235 τε
575 2183 712 2235 πόλει
744 2188 819 2235 καὶ
850 2186 975 2255 αὐτῷ
1009 2190 1074 2255 τῷ
1106 2187 1211 2256 θείῳ
1238 2185 1633 2249 συνδιολλύμεναι
1661 2190 1766 2256 ναῷ,
1795 2189 1870 2237 καὶ

290 2266 718 2333 καταπιμπράντων
744 2266 803 2317 τὰ
827 2266 983 2319 πάντα
1005 2270 1263 2333 Ῥωμαίων.
1321 2268 1506 2338 θήσομαι
1533 2269 1688 2320 τοίνυν
1719 2273 1870 2339 φησὶν
1889 2286 1938 2326 25

66 2369 153 2404 338
169 2369 218 2403 A.
253 2348 429 2403 εαύτόν·
470 2351 617 2412 δῆλον
658 2348 707 2399 δὲ
747 2348 818 2400 ὅτι
861 2349 942 2400 τὸν
986 2351 1307 2415 Ἐμμανουήλ·
1349 2354 1406 2406 ὡς
1444 2350 1588 2406 πένθος
1629 2354 1871 2417 ἀγαπητοῦ

339 2528 370 2552 2.
397 2516 473 2552 καθ’
495 2516 653 2564 [κατὰΑ.
666 2517 719 2564 b.]
739 2519 969 2565 υπερηφανίας
986 2520 1030 2554 A.
1036 2520 1077 2554 B.
1089 2520 1123 2554 b.
1142 2521 1223 2555 κατὰ
1241 2521 1476 2578 ὑπερηφάνους
1494 2520 1585 2555 Edd.
1731 2535 1765 2565 4.
1790 2522 1868 2557 τού-

289 2580 356 2599 των
371 2565 415 2599 A.
628 2566 661 2599 6.
688 2565 899 2610 ἅποδημὴσει
916 2567 950 2600 b.
969 2567 1134 2611 ἀποδημεῖ
1153 2568 1194 2601 Β.
1214 2567 1481 2611 Ε(Ῑ(1.ἀπονεμει
1498 2569 1541 2601 A.
1767 2579 1796 2614 7.
1822 2570 1868 2606 εἷς

289 2622 353 2656 pro
371 2610 421 2646 ἐπ’
442 2611 482 2646 B.
673 2624 706 2657 9.
732 2613 789 2647 ἔδυ
806 2614 866 2656 μὲν
883 2613 926 2647 A.
946 2614 1031 2648 Nik.
1050 2616 1086 2647 in
1106 2615 1162 2649 Ps.
1180 2615 1287 2649 lxviii.
1305 2626 1360 2657 24.
1379 2615 1491 2648 ἔδυνεν
1509 2614 1551 2648 Β.
1571 2614 1655 2649 le.
1670 2615 1705 2649 in
1724 2615 1760 2650 S.
1780 2616 1865 2652 Luc.

290 2657 382 2692 Edd.
432 2657 482 2692 ἐπ’
509 2659 628 2694 αὐτοὺς
655 2659 696 2693 Β.
709 2659 742 2693 b.
769 2659 818 2693 ἐπ’
846 2661 958 2696 αὐτοῖς
981 2662 1025 2695 A.
1046 2662 1129 2695 Nik.
1155 2662 1188 2695 in
1213 2661 1249 2696 S.
1275 2661 1361 2696 Luc.
1388 2660 1479 2696 Edd.
1505 2661 1617 2696 αὐτοῖς
1641 2662 1725 2696 Nik.
1749 2663 1783 2697 in
1807 2663 1865 2698 Ps.

292 2716 346 2739 11.
371 2706 409 2739 τὸ
427 2717 496 2739 om.
516 2705 557 2739 B.
575 2706 659 2739 Nik.
679 2707 715 2739 in
735 2706 770 2740 S.
791 2707 876 2741 Luc.
894 2707 999 2742 habet
1016 2708 1058 2741 A.
1109 2707 1148 2751 ἧν
1164 2716 1386 2754 assumptum
1402 2719 1442 2742 ex
1460 2708 1502 2741 A.
1510 2708 1550 2741 B.
1566 2708 1651 2742 Nik.
1670 2709 1706 2743 in
1724 2709 1760 2744 S.
1779 2710 1864 2744 Luc.

294 2762 346 2796 15.
372 2752 638 2798 ἀναγινώσκηται
656 2754 698 2787 A.
716 2753 978 2798 ἀναγινώσκεται
998 2755 1039 2788 Β.
1060 2755 1151 2789 Edd.
1467 2754 1520 2788 16.
1546 2755 1709 2799 ἐπαρᾶται
1727 2756 1867 2791 N1k.in

291 2798 328 2832 S.
346 2798 429 2833 Luc.
483 2799 612 2833 Haec‘
596 2814 653 2844 ομ
630 2801 791 2846 μακάριος
807 2808 1027 2835 accesserunt
1045 2813 1085 2835 ex
1101 2803 1143 2837 A.
1151 2802 1191 2836 B.
1476 2802 1528 2835 18.
1539 2802 1757 2857 σύγκαμψον
1773 2804 1817 2838 A.
1823 2804 1865 2838 Β.

289 2843 472 2890 σύγκυψον
490 2845 582 2880 Edd.
820 2858 874 2882 20.
901 2850 960 2882 τοῦ
977 2860 1047 2882 om.
1067 2848 1108 2882 B.
1342 2860 1396 2883 22.
1422 2847 1471 2882 ἐπ’
1491 2863 1547 2891 εμε
1565 2849 1599 2883 b.
1618 2849 1668 2884 ἐπ’
1684 2850 1757 2894 ἐμοὶ
1774 2851 1817 2885 A.
1826 2850 1866 2885 Β.

289 2890 381 2925 Edd.
720 2905 774 2937 24.
800 2909 836 2928 τε
853 2907 924 2929 om.
943 2896 985 2929 A.
1035 2895 1314 2940 συνδιολλύμενοι
1334 2895 1374 2929 Β.
1423 2894 1547 2929 Statim
1565 2897 1626 2930 νεὼ
1642 2897 1687 2931 A.
1735 2911 1789 2931 και
1806 2898 1865 2931 alt.

289 2945 510 2982 assumptum
527 2951 569 2973 ex
587 2940 630 2973 A.
1045 2952 1099 2985 25.
1126 2943 1426 2986 καταπιμπράντων
1442 2942 1486 2976 A.
1504 2945 1805 2989 κατεμπιπρώντων
1822 2944 1863 2978 Β.

289 2987 594 3029 καταπιμπρώντων
613 2986 704 3021 Edd.
754 2974 947 3034 Assumpta
963 2989 1072 3034 φησὶν
1088 3001 1128 3023 ex
1149 2989 1191 3024 A.
1203 2989 1237 3023 b.
1256 2990 1291 3024 δὲ
1310 3001 1350 3023 ex
1369 2989 1411 3023 A.
1418 2988 1458 3023 B.
1471 2989 1505 3024 b.
