2021 3434
126 238 243 293 vi.9‚
272 252 335 279 10.
560 238 633 280 IN
676 238 911 280 OSEAM.
973 237 1124 278 TOM.
1168 236 1245 277 IV.
1626 234 1704 272 147

119 455 340 513 Ἔκρυψαν
390 455 515 515 ἱερεῖς
554 458 655 500 ὁδὸν
707 458 867 515 Κυρίου,
911 457 1146 513 ἐφόνευσαν
1195 454 1361 505 Σίκιμα,
1410 453 1474 496 ὃτι
1523 450 1743 500 ἀνομίανο

191 540 397 584 ἑποίΗσοιν
435 542 479 583 ἐν
514 545 575 596 τῷ
609 540 924 599 οἴκῳἸσραέιᾹ.
984 536 1097 581 εἶδον
1129 538 1327 596 φρικὼὃΗ
1361 535 1462 588 ἐκεῖ,
1501 534 1702 593 Πορνείαν
1727 547 1772 571 10

191 629 264 666 τοῦ
286 623 492 684 Ἑφραῒμ,
517 626 695 677 ἑμιάνΘΗ
716 627 890 684 Ἰσραήλ
919 627 985 667 καὶ
1004 625 1183 667 Ἰούδας.

198 758 443 824 Ἱστοριῶν
484 758 588 809 ἔσθ’
632 757 706 809 ὅτε
747 761 884 809 τινῶν
920 759 944 808 ὁ
986 761 1079 808 τῶν
1120 755 1265 823 ἁγίων
1302 757 1562 821 προφητῶν
1600 754 1703 803 δια-

83 856 105 894 5
124 839 348 905 μέμνηται
375 839 532 906 λόγος,
560 839 612 895 ἃς
639 840 765 905 ε’ίπερ
799 863 867 894 τις
904 840 1056 890 ἕλοιτο
1088 843 1289 899 σιωπᾶν,
1317 837 1412 887 οὐδ’
1442 834 1500 886 ἂν
1524 834 1705 886 δύνοιτο

125 927 401 989 διατρανοῦν
434 928 528 974 τῶν
562 923 811 990 εἰρημένων
843 922 926 973 τὸν
965 927 1087 972 νοῦν.
1154 920 1244 988 χρὴ
1283 924 1531 985 τοιγαροῦν
1569 916 1707 967 ὄκνου

124 1004 209 1068 μὲν
253 1003 366 1056 εἶναι
409 1006 670 1072 κρείττονας
713 1004 818 1059 τοὺς
869 1003 928 1055 τὰ
978 1003 1130 1055 τοιάδε
1180 1006 1352 1071 σαφῶς
1400 999 1707 1066 διερμηνεύειν

125 1086 384 1150 ἐθέλοντας,
422 1086 717 1155 πανταχόθεν
766 1087 814 1138 δὲ
858 1091 954 1140 τοῖς
995 1084 1302 1153 ἀκροωμένοις
1341 1081 1395 1135 τὸ
1433 1087 1600 1132 τελοῦν
1643 1084 1704 1134 εἰς
1723 1093 1750 1134 (1

126 1169 291 1234 ὄνησιν
315 1169 647 1239 ἐξεργάζεσθαι
672 1174 842 1237 φιλεῖν.

60 1283 107 1307 10
200 1252 433 1320 Ταύτῃτοι
464 1254 539 1303 καὶ
573 1258 653 1303 νῦν
687 1253 766 1303 ἐπί
790 1274 834 1302 τι
858 1256 1067 1302 τοιοῦτον
1093 1249 1282 1318 ἥξομεν.
1350 1250 1527 1316 Σίκιμα,
1552 1247 1706 1297 τοίνυν

125 1335 328 1402 πολίχνη
359 1336 427 1388 τίς
460 1336 588 1385 ἐστιν
621 1333 829 1385 ἐπέκεινα
866 1337 960 1384 τῶν
991 1331 1231 1399 Ἰορδάνου
1271 1329 1504 1394 ναμάτων,
1539 1330 1707 1395 γείτων

124 1440 174 1468 τε
215 1420 288 1468 καὶ
331 1417 499 1484 ὅμορος
542 1421 600 1485 τῇ
645 1415 855 1479 Γαλαὰδ,
900 1414 958 1481 ἣν
1002 1420 1097 1469 τοῖς
1140 1414 1196 1483 ἐξ
1236 1413 1429 1477 αἵματος
1469 1417 1552 1463 τοῦ
1594 1411 1708 1463 Λευῒ

125 1499 344 1552 δεδόσθαι
383 1500 678 1567 προείπομεν,
719 1498 1011 1561 διανέμοντος
1048 1500 1131 1562 τῆς
1168 1494 1455 1563 ἐπαγγελίας
1493 1494 1578 1560 τὴν
1615 1498 1705 1561 γῆν

124 1583 285 1646 Ἰησοῦ
317 1587 400 1633 τοῦ
435 1585 587 1646 Ναυῆ.
654 1581 928 1646 συμβέβηκε
966 1581 1134 1643 τοίνυν,
1171 1580 1332 1645 ἑορτῆς
1369 1579 1516 1642 οὔσης
1554 1577 1704 1642 ἁγίας,

60 1689 105 1728 15
125 1667 207 1728 τῆς
240 1664 358 1715 κατὰ
392 1664 535 1729 νόμον
568 1663 891 1730 σκηνοπηγίας
926 1665 1062 1732 φημὶ,
1088 1662 1164 1714 ὅτε
1196 1661 1376 1714 πάντας
1409 1659 1707 1727 πανταχόθεν

125 1749 390 1809 ἀναβαίνειν
429 1748 486 1814 ἧν
530 1749 632 1804 ε”θος
675 1753 735 1802 εἰς
769 1747 1094 1815 Ἱεροσόλυμα,
1136 1750 1211 1798 καὶ
1254 1752 1392 1797 τοῦτο
1436 1751 1519 1796 τοῦ
1561 1742 1706 1808 νόμου

125 1835 367 1896 τηρεῖσθαι
392 1831 784 1898 προστάττοντος,
804 1836 898 1882 τῶν
923 1830 1016 1882 ἀπὸ
1045 1831 1250 1893 Σικίμων
1275 1826 1416 1891 τινὰς,
1442 1826 1470 1892 ὴ
1499 1850 1698 1878 κατανυ-

127 1913 336 1980 χθέντας,
373 1915 448 1965 καὶ
484 1916 558 1965 ἐπὶ
592 1916 649 1982 τῇ
682 1912 919 1978 πλανήσει
955 1911 1406 1978 μεταγινώσκοντας,
1444 1910 1591 1975 ἤγουν
1628 1912 1702 1961 καὶ
1720 1931 1741 1956 e

127 1999 188 2049 εἰς
230 1999 376 2063 νῆψιν
417 1997 722 2060 κεκλημένους
760 1994 889 2062 παρὰ
939 1999 1077 2057 Θεοῦ,
1120 1992 1290 2045 λοιπὸν
1336 1995 1560 2056 ἐθελῆσαι
1609 1997 1704 2046 τοῖς

58 2105 106 2128 20
127 2078 262 2132 θείοις
296 2079 491 2130 ὑπείκειν
521 2078 688 2141 νόμοις,
725 2080 800 2129 καὶ
831 2079 1060 2140 ἀναβῆναι
1101 2075 1249 2143 ζητεῖν
1287 2080 1348 2129 εἷς
1378 2074 1703 2142 Ἱεροσόλυμα,

125 2159 391 2220 βούλεσθαί
409 2184 459 2212 τε
484 2162 651 2215 θυσίας
677 2159 954 2227 προσάγειν,
984 2162 1059 2211 καὶ
1088 2159 1174 2224 τὴν
1206 2157 1324 2210 κατὰ
1350 2156 1516 2221 νόμους
1542 2157 1705 2223 ἑορτὴν

126 2243 449 2308 ἀποπεραίνειν
473 2245 575 2294 ἐκεῖ.
641 2249 778 2294 τοῦτο
805 2242 853 2294 δὲ
878 2241 936 2307 ἧν
962 2241 1083 2310 ἀρχή
1115 2265 1182 2294 τις
1209 2240 1372 2306 ὥσπερ
1399 2242 1703 2307 ἐπιστροφῆς,

126 2325 202 2374 καὶ
226 2331 308 2376 τοῦ
333 2325 613 2390 καταλήγειν
638 2330 720 2376 τοῦ
744 2329 1057 2391 προσκεῖσθαι
1083 2323 1235 2375 θέλειν
1254 2327 1353 2376 ταῖς
1378 2326 1472 2372 τῶν
1498 2321 1705 2372 εἰδώλων

126 2408 372 2472 λατρείαις.
429 2408 503 2458 ἵνα
528 2407 619 2473 γὰρ
645 2407 708 2471 μὴ
735 2411 911 2458 θυσιῶν
938 2405 1068 2457 ἕνεκά
1093 2429 1142 2456 τε
1167 2408 1242 2456 καὶ
1270 2406 1441 2470 ἑορτῶν
1466 2408 1560 2454 τῶν
1585 2403 1703 2454 κατὰ

59 2513 106 2550 25
127 2487 270 2551 νόμον
303 2489 620 2549 ἀναβαίνωσιν
657 2491 706 2540 ἐκ
744 2492 826 2552 τῆς
866 2489 1128 2554 Σαμαρείας
1167 2490 1229 2540 εἰς
1258 2485 1571 2552 Ἱεροσόλυμα
1608 2490 1740 2537 τῶνα
1768 2504 1847 2539 103
1868 2504 1920 2539 A.

127 2570 184 2639 ἐξ
219 2570 420 2637 Ἰσραήλ
469 2594 599 2632 τινες,
640 2571 854 2622 τουτέστι
901 2575 994 2621 τῶν
1042 2569 1151 2621 δέκα
1201 2573 1383 2636 φυλῶν,
1433 2566 1532 2619 εἶτα
1581 2568 1702 2620 κατὰ

125 2652 281 2720 βραχὺ
305 2657 578 2717 μεταθοῖντο
603 2651 719 2718 πρὸς
753 2653 806 2703 τὸ
842 2655 889 2703 ἐν
926 2655 1101 2719 ἀρχαῖς,
1129 2653 1203 2701 καὶ
1237 2651 1325 2701 ὑπό
1356 2674 1409 2717 γε
1439 2652 1524 2715 τὴν
1549 2651 1703 2703 Ἰούδα

126 2736 333 2800 γένοιντο
357 2735 621 2797 βασιλείαν,
649 2733 898 2798 ἐπενόησεν
929 2736 976 2784 ἐν
1011 2736 1173 2801 ἀρχαῖς
1197 2732 1279 2786 τὰς
1314 2732 1535 2797 δαμάλεις
1561 2734 1701 2801 Ἱερο-

177 2915 207 2938 1.
234 2903 313 2938 Hoc
331 2903 456 2947 Κυρίου
473 2902 618 2937 accessit
635 2913 675 2935 ex
695 2901 738 2935 B.
756 2900 896 2945 (Alex.)
1154 2911 1184 2934 2.
1212 2900 1247 2934 ἐν
1264 2912 1333 2934 om.
1354 2900 1399 2935 D.
1448 2904 1507 2936 τοῦ
1525 2908 1605 2947 post
1622 2901 1700 2949 οἴκῳ

129 2949 208 2984 add.
228 2950 318 2985 Edd.
338 2949 458 2995 (Vat.)
615 2960 647 2993 3.
674 2947 786 2982 ἷούδας
804 2947 850 2982 D.
869 2947 988 2992 (Alex.
1008 2947 1114 2991 XII.)
1133 2947 1226 2981 ἰούδα
1244 2946 1335 2981 Edd.
1505 2958 1537 2992 5.
1564 2949 1620 2985 οὓς
1638 2962 1700 2994 pro

128 2995 166 3032 ἃς
186 2998 231 3030 D.
280 2996 413 3031 δύναιτο
433 2997 563 3041 Μίςηεῑ,
680 3006 731 3029 11.
761 2994 839 3028 Hoc
855 2994 974 3039 γείτων
991 2995 1135 3029 accessit
1151 3006 1192 3028 ex
1212 2994 1304 3028 BJ).
1440 3007 1492 3029 12.
1518 2998 1701 3042 γαλγάλων

132 3056 193 3087 pro
211 3046 248 3087 τῇ
269 3044 401 3078 Γαλαάδ
419 3044 453 3078 b.
644 3053 697 3085 23.
725 3045 789 3075 τῶν
807 3053 875 3075 om.
897 3041 940 3075 D.
1132 3052 1184 3085 27.
1210 3040 1402 3083 μεταθεῖντο
1423 3043 1468 3077 D.

870 3110 894 3134 ι’
921 3110 938 3128 0

920 3130 939 3137 a-
