2021 3434
317 213 400 252 458
702 215 750 254 Β.
794 214 1069 254 CYRILLI
1109 215 1486 255 ALEXANDR.
1716 230 1754 256 v.
1781 225 1875 268 7-9.

276 340 297 374 8
384 336 518 377 ποιῶν
556 337 690 377 Πάντα
735 338 801 377 καί
839 341 1170 396 μετασκευάςων,
1215 339 1281 379 καὶ
1323 339 1538 396 ἐκτρέπων
1575 338 1634 379 eIc
1676 339 1724 380 τὸ
1762 334 1877 395 πρωῒ

382 421 513 472 σκιὰν,
551 421 617 462 καί
659 421 818 479 ἡμέραν
861 422 920 465 εἰς
959 425 1085 465 νύκτα
1128 426 1403 482 συσκοτάςων,
1438 426 1460 466 ὁ
1503 425 1875 481 προσκαλούμενος

381 504 428 545 τὸ
471 503 585 561 ὕδωρ
622 510 694 546 τιῖιο
733 508 946 548 ΘαλάσσΗς
983 507 1051 547 καί
1086 507 1243 563 ὲκχέων
1284 507 1386 549 αὐτὸ
1425 507 1493 548 ἐπὶ
1534 507 1764 564 πρόσωπον
1801 511 1875 547 τιῗιο

277 596 298 621 e
382 592 466 639 τῆς,
506 588 650 646 Κύριος
682 590 704 632 ὁ
740 590 846 633 Θεὸς
883 592 906 632 ὁ
938 593 1246 648 Παντοκράτωρ
1283 591 1416 640 ὄνομα
1454 592 1582 644 αὐτῷ.
1641 591 1663 633 ὁ
1700 589 1875 646 διαιρῶν

381 673 632 728 συντριμμὸν
657 674 725 714 ἐπὶ
752 672 863 730 ἰσχὺν
891 677 958 716 καί
983 675 1278 732 ταλαιπωρίαν
1303 676 1371 717 ἐπὶ
1397 676 1594 732 ὀχύρωμα
1620 675 1805 722 ἑπάΓων.
1897 684 1918 722 5

388 787 766 853 Μυσταγωγικὸς
809 790 834 839 ὁ
879 788 1032 856 λόγος,
1075 792 1148 840 καὶ
1193 790 1262 841 ὅτι
1301 789 1513 852 μάλιστα
1551 789 1740 854 πρέπων
1783 794 1878 843 τοῖς

314 868 610 931 καλουμένοις
647 873 709 923 εὶς
745 871 998 936 ἐπίγνωσιν
1030 875 1167 934 Θεοῦ,
1202 874 1277 922 καὶ
1310 870 1426 937 πρὸς
1459 871 1512 922 τὸ
1546 874 1627 935 τῆς
1657 870 1878 935 ἀληθείας·

314 953 414 1016 φῶς
440 948 549 1000 ἱέναι
575 951 907 1018 σπουδάζουσι.
964 953 1200 1019 πρόκειται
1226 953 1318 1019 γὰρ
1344 957 1410 1022 τῷ
1435 952 1668 1021 Προφήτῃ
1694 952 1875 1021 διδάξαι

312 1030 417 1084 τοὺς
441 1033 782 1097 πλανωμένους,
807 1039 994 1102 πρῶτον
1023 1035 1105 1098 μὲν
1139 1035 1208 1086 ὅτι
1243 1039 1308 1104 τῷ
1342 1040 1435 1086 τῶν
1464 1034 1589 1086 ὅλων
1618 1033 1671 1085 τὸ
1710 1033 1877 1100 κράτος

310 1114 509 1176 ἀνῆπται
554 1118 678 1185 Θεῷ,
722 1118 797 1166 καὶ
836 1122 931 1170 τοῖς
981 1119 1120 1168 αὑτοῦ
1163 1117 1358 1181 νεύμασι
1399 1119 1777 1184 πηδαλιουχεῖται
1818 1117 1877 1167 τὰ
1902 1137 1945 1162 Ιο

311 1194 578 1259 σύμπαντα,
613 1200 687 1247 καὶ
722 1197 848 1267 νόμῳ
886 1199 1177 1264 δικαιοσύνης
1207 1200 1234 1264 ἡ
1261 1200 1569 1265 παμμακαρία
1606 1204 1700 1250 τῶν
1737 1199 1876 1265 ἀγγέ-

95 1287 184 1321 300
200 1287 250 1321 A·
275 1296 297 1320 a
313 1282 412 1327 λων
443 1277 736 1342 ὑπενήνεκται
769 1280 966 1345 πληθύς·
1005 1284 1080 1332 καὶ
1107 1281 1176 1332 ὅτι
1206 1280 1358 1345 πάντη
1385 1304 1433 1332 τε
1460 1282 1534 1332 καὶ
1559 1279 1744 1335 πάντως
1770 1280 1876 1335 τοὺς

311 1357 447 1412 ὄντας
478 1360 549 1410 ἐπὶ
584 1363 666 1424 τῆς
697 1365 781 1427 γῆς
806 1362 1064 1413 ἀκόλουθόν
1089 1386 1137 1414 τε
1164 1365 1238 1414 καὶ
1264 1365 1514 1428 ἀναγκαῖον
1539 1368 1634 1417 τοῖς
1659 1365 1740 1426 τῆς
1764 1364 1872 1429 παρ’

311 1440 449 1490 αὐτοῦ
487 1442 779 1507 δικαιοσύνης
818 1443 1111 1512 κατεζεύχθαι
1149 1443 1316 1508 νόμοις.
1382 1449 1418 1495 εὶ
1458 1443 1551 1511 γὰρ
1591 1445 1644 1495 τὸ
1688 1445 1875 1508 ἄμεινον

310 1522 357 1570 ἐν
391 1523 567 1576 τούτοις
601 1528 674 1574 καὶ
713 1526 914 1576 δουλεύει
953 1530 1072 1595 Θεῲ,
1115 1529 1187 1577 καὶ
1228 1527 1518 1592 ὑπέστρωται
1558 1526 1674 1590 μετὰ
1719 1526 1874 1594 φόβου
1900 1544 1942 1581 ¹5

310 1608 402 1654 τῶν
426 1607 473 1655 ἐν
501 1607 610 1674 ὕψει
635 1608 908 1670 πνευμάτων
933 1609 960 1672 ἡ
990 1610 1099 1674 ἁγία
1133 1607 1330 1672 πληθύς,
1361 1613 1460 1662 πῶς
1497 1607 1553 1658 ἂν
1586 1608 1614 1673 ἢ
1644 1607 1788 1660 πόθεν
1819 1609 1873 1660 τὸ

308 1686 652 1752 ἀνεπίπληκτον
689 1689 784 1757 ἔχοι
818 1690 1099 1744 διανενευκὸς
1130 1695 1191 1744 εἰς
1228 1690 1281 1740 τὸ
1319 1690 1498 1759 ἐξήνιον
1523 1690 1576 1742 τὸ
1603 1693 1722 1741 οὕτω
1747 1714 1871 1755 μειο-

309 1768 606 1832 νεκτούμενον
637 1771 779 1840 φύσει
809 1795 857 1823 τε
892 1776 967 1823 καὶ
1003 1772 1129 1841 δόξῃ,
1157 1772 1408 1836 τουτέστιν,
1441 1774 1466 1823 ὁ
1504 1775 1552 1823 ἐκ
1590 1776 1676 1837 γῆς
1713 1795 1761 1824 τε
1799 1776 1874 1824 καὶ

309 1855 371 1904 εἷς
408 1855 497 1916 γῆν
531 1853 802 1920 ἄνθρωποςς
858 1856 883 1905 ὁ
914 1856 1079 1916 τοίνυν,
1114 1856 1248 1921 φησι,
1284 1859 1377 1904 τῶν
1411 1854 1536 1905 ὅλων
1576 1854 1722 1924 Κύριος
1761 1861 1779 1907 ὁ
1815 1861 1872 1910 εἰς

265 1930 429 2003 οὕψος
466 1934 595 1986 ποιῶν
635 1939 786 2005 κρῖμα.
830 1937 988 2000 ὅμοιον
1025 1937 1072 1987 δὲ
1108 1940 1167 1989 ὡς
1206 1939 1241 1986 εἷ
1280 1936 1410 2001 λέγοι
1435 1937 1497 1988 ‘O
1528 1942 1622 1990 τοῖς
1661 1939 1786 2005 ὑψοῦ
1824 1961 1871 1989 τε
1894 1960 1940 1984 20

309 2017 382 2066 καὶ
416 2016 510 2067 ἄνω
547 2018 779 2081 πνεύμασι
815 2021 897 2082 τῆς
934 2019 1087 2072 αὐτοῖς
1124 2017 1394 2084 πρεπούσης
1429 2019 1722 2082 δικαιοσύνης
1759 2021 1873 2070 ἐντι-

308 2100 399 2151 θεὶς
432 2098 514 2148 τὸν
549 2099 734 2165 τρόπον·
777 2104 915 2170 κρῖμα,
953 2100 1045 2167 γὰρ
1085 2098 1168 2163 τὴν
1206 2100 1501 2165 δικαιοσύνην
1535 2101 1697 2169 φησίν·
1736 2101 1872 2155 αὐτὸς

308 2179 476 2230 τέθεικε
514 2187 590 2231 καὶ
628 2187 685 2235 εἰς
716 2181 794 2247 γ’ἦν
831 2180 1107 2245 δικαιοσύνην,
1142 2181 1395 2246 τουτέστιν,
1427 2184 1631 2249 ὡρίσατο
1666 2185 1741 2233 καὶ
1778 2188 1871 2236 τοῖς

309 2263 358 2311 ἐν
390 2265 452 2329 γῇ
485 2262 664 2326 νόμους,
690 2265 795 2314 καθ’
824 2264 900 2318 οὓς
925 2263 982 2314 ἂν
1014 2264 1182 2330 πρέποι
1209 2263 1370 2330 διαζῆν
1397 2263 1572 2327 αὐτοὺς,
1603 2269 1639 2315 εἰ
1666 2266 1714 2315 ἐν
1739 2264 1870 2335 λόγῳ

308 2344 501 2395 τέθειται
525 2347 631 2411 παρ’
659 2347 812 2399 αὐτοῖς
845 2345 898 2396 τὸ
932 2347 980 2397 εὖ
1013 2344 1124 2397 εἶναι
1158 2349 1231 2397 καὶ
1266 2345 1364 2411 ζῆν,
1388 2348 1461 2397 καὶ
1489 2349 1569 2410 τῆς
1595 2347 1703 2413 παρ’
1731 2348 1871 2398 αὐτοῦ
1891 2367 1936 2406 25

308 2426 511 2494 μετέχειν
554 2427 831 2493 ἡμερότητος
871 2430 945 2479 καὶ
983 2429 1349 2495 φιλανθρωπίας.
1417 2427 1487 2479 ὅτι
1526 2427 1579 2478 δέ
1611 2431 1712 2479 ε’στι
1747 2453 1864 2480 ποιν-

310 2508 524 2578 τοκροίτωρ
558 2512 631 2560 καὶ
661 2509 903 2574 παναλκὴς
937 2512 996 2564 ὡς
1024 2510 1157 2572 Θεὸς,
1187 2513 1260 2560 καὶ
1291 2509 1531 2577 ἀμήχανον
1554 2511 1677 2579 αὐτῷ
1702 2533 1869 2562 παντε-

357 2663 384 2685 1.
409 2651 528 2697 ποιῶν]
548 2653 565 2685 ὁ
582 2656 686 2685 ποιῶν
704 2652 793 2686 Edd.
808 2652 919 2696 (Vat.)
968 2653 1221 2695 κατασκευάζων
1235 2653 1272 2687 F.
1285 2652 1381 2695 (Co.)
1477 2663 1508 2687 2.
1534 2653 1705 2695 σκοτάζων
1723 2652 1867 2696 F.(Co.)

308 2710 339 2739 4.
365 2700 382 2731 ὁ
401 2710 467 2732 See.
486 2711 555 2733 om.
575 2698 611 2732 F.
631 2699 720 2733 Edd.
740 2699 857 2742 (XII.)
905 2700 1006 2733 αὐτοῦ
1023 2699 1059 2733 F.
1079 2699 1169 2733 Edd.
1287 2698 1320 2733 6.
1346 2700 1580 2744 Μυσταγωγὸς
1596 2699 1655 2733 iid.
1765 2711 1798 2744 9.
1822 2701 1867 2745 τῷ

308 2747 372 2778 τῶν
389 2746 477 2779 ὅλων
492 2772 498 2779 .
514 2773 521 2779 .
538 2772 545 2779 .
561 2773 567 2780 .
581 2747 654 2792 Θεῷ
668 2746 711 2779 A.
731 2749 795 2780 τῶν
811 2745 900 2780 ὅλων
913 2773 920 2780 .
936 2774 942 2780 .
959 2774 965 2780 .
981 2774 988 2781 .
1003 2747 1086 2781 Θεὸς
1104 2745 1145 2780 Β.
1162 2745 1252 2780 Edd.
1398 2755 1450 2788 15.
1474 2747 1556 2789 μετὰ
1573 2747 1688 2790 φόβου
1701 2746 1792 2780 Α.Β.
1809 2746 1869 2789 μὲν

309 2793 409 2837 φόβῳ
428 2791 517 2825 Edd.
657 2792 709 2827 16.
733 2796 958 2837 πνευματικῶν
976 2804 1037 2837 pro
1053 2793 1247 2836 πνευμάτων
1265 2792 1355 2826 Edd.
1500 2803 1551 2837 17.
1576 2793 1637 2837 ἕχῃ
1654 2792 1712 2827 iid.
1761 2792 1791 2826 εἷ
1806 2803 1868 2837 pro

309 2837 354 2872 εἷς
372 2838 428 2872 iid.
447 2844 524 2872 ante
543 2839 674 2883 Migne.
842 2840 893 2874 18.
919 2840 972 2873 καὶ
988 2839 1034 2874 εἷς
1049 2838 1128 2884 γῆν]
1149 2840 1200 2873 καὶ
1218 2839 1282 2873 ἀπὸ
1299 2841 1360 2884 γῆς
1376 2853 1411 2872 τε
1429 2839 1472 2873 A.
1647 2851 1698 2886 19.
1724 2841 1742 2873 ὁ
1758 2839 1868 2872 τοίνυν

308 2884 396 2926 φησὶ
414 2888 478 2917 τῶν
494 2885 582 2918 ὅλων
598 2886 641 2919 Α.
659 2886 769 2920 τοίνυν
785 2887 874 2932 φησὶ
890 2890 955 2920 τῶν
972 2886 1060 2920 ὅλων
1077 2888 1095 2919 ὁ
1115 2886 1155 2919 Β.
1182 2886 1246 2931 ἐγὼ
1272 2886 1381 2920 τοίνυν
1404 2886 1513 2931 φησὶν
1537 2887 1555 2919 ὁ
1579 2889 1644 2920 τῶν
1668 2886 1757 2920 ὅλων
1774 2884 1864 2919 Edd.

310 2940 362 2962 21.
388 2931 486 2974 αὐτῆς
503 2931 593 2965 Edd.
643 2932 778 2968 ἐντιθεὶς
798 2933 838 2967 Β.
856 2933 1021 2968 συντιθεὶς
1039 2933 1082 2966 Α.
1102 2932 1192 2966 Edd.
1393 2943 1447 2977 23.
1472 2935 1541 2968 τοῖς
1558 2933 1601 2966 A.
1618 2933 1695 2968 τοὺς
1712 2932 1753 2966 Β.
1774 2930 1864 2965 Edd.

310 2986 361 3016 24.
388 2977 415 3009 εἷ
434 2978 474 3010 Α.
493 2978 544 3010 καὶ
564 2977 653 3012 Edd.
859 2979 913 3014 26.
937 2980 1119 3024 μετασχεῖν
1135 2980 1178 3012 A.
1383 2989 1436 3022 27.
1462 2981 1480 3013 ὁ
1497 2991 1560 3024 pro
1577 2980 1620 3015 ὡς
1637 2978 1728 3013 Edd.
1776 2978 1863 3023 αὐτῷ

307 3024 475 3057 παντελῶς
493 3024 587 3057 οὐδὲν
606 3025 646 3057 Α.
664 3026 759 3059 οὐδὲν
776 3026 862 3071 αὐτῷ
880 3028 1050 3061 παντελῶς
1069 3025 1156 3059 Edd.
