2021 3434
115 166 156 209 ii.
181 183 246 212 20.
561 175 635 216 IN
676 175 953 217 JOELEM.
1013 174 1163 216 ΤΟΜ.
1196 173 1258 214 ΙΙ.
1607 168 1691 208 329

113 282 210 343 ροΐς
233 282 315 344 τῆς
337 281 540 349 Ἐζεκίου
565 286 827 347 βασιλείας,
853 286 929 335 καὶ
962 282 1019 349 ἧν
1050 280 1348 350 δυσφόρητος
1370 281 1464 329 τῶν
1488 273 1683 338 πτωμά-

114 382 210 411 Τωῑ)
240 367 258 414 ὁ
293 364 468 432 βρόμος,
496 367 558 419 ὡς
592 369 932 433 καθαρισθῆναι
958 364 1096 429 μόλις
1122 365 1170 415 ἐν
1195 359 1447 430 ἑπταμήνῳ
1472 357 1558 422 τὴν
1585 359 1688 423 γῆν,

115 443 190 492 καὶ
234 446 314 507 τῆς
356 450 449 497 τῶν
492 448 758 511 πτωμάτων
802 447 1112 514 ἀπηλλάχθαι
1156 445 1372 510 σαπρίας.
1440 442 1560 492 οὕτω
1598 437 1690 506 γάρ

115 547 206 575 που
242 529 392 594 φησὶν
425 529 450 579 ὁ
473 529 722 598 προφήτης
745 528 979 597 Ἰεζεκιήλ.
1045 528 1116 579 ὅτι
1143 526 1191 578 δὲ
1225 524 1561 592 προσκεκλιται
1596 526 1691 575 τοῖς

72 608 417 675 5βορειοτέροις
467 615 561 662 τῶν
611 612 931 673 Βαβυλωνίων
978 611 1006 675 ἡ
1056 613 1133 676 γῆ,
1191 606 1344 677 σαφὲς
1393 603 1450 656 ἂν
1499 604 1735 670 γε’νοιτο,1)

114 690 336 755 λέγοντος
375 696 497 743 Θεοῦ
536 692 611 744 διὰ
654 696 812 760 φωνῆς
851 693 996 758 ἁγίων
1039 696 1134 745 τοῖς
1175 690 1231 758 ἐξ
1265 689 1457 752 αἵματος
1490 685 1691 752 Ἰσραὴλ

115 772 496 838 ἀπενηνεγμένοις
538 778 598 828 εἰς
651 775 982 842 αἰχμαλωσίαν
1025 771 1146 835 “’χΩ,
1189 770 1241 830 ὦ,
1287 769 1481 838 φεύγετε
1519 770 1568 819 ἐκ
1604 771 1691 834 γῆς

115 859 142 882 “
166 855 328 921 βοῤῥᾶ,
355 855 482 921 λέγει
516 856 704 922 Κύριος·
742 860 803 910 εἷς
839 855 962 907 Σιὼν
1000 853 1312 920 ἀνασώζεσθε,
1346 854 1388 902 οἱ
1426 856 1690 901 κατοικοῦν-

114 941 142 963 “
167 958 238 989 τες
264 937 495 1003 θυγατέρα
521 939 846 999 Βαβυλῶνος.”

51 1040 96 1065 10
187 1017 457 1086 Ἐξελοῖσας
493 1019 540 1070 δὲ
577 1022 652 1070 καὶ
685 1019 742 1089 ἐξ
771 1019 902 1083 ἡμῶν
941 1019 1092 1069 αὐτῶν
1136 1015 1221 1081 τὴν
1262 1015 1428 1082 ἀκρίδα
1466 1011 1691 1080 Χριστὸς,

115 1102 236 1166 φημὶ
274 1098 330 1165 δὴ
365 1099 450 1165 τὴν
487 1101 668 1166 νοητὴν,
695 1101 754 1153 τὰ
791 1100 1113 1168 παμμόχθηρα
1146 1096 1366 1162 δηλονότι
1396 1101 1488 1148 τῶν
1522 1097 1684 1157 δαιμο-

115 1181 224 1232 νίων
250 1184 417 1251 στίφη,
445 1184 766 1253 κατηφάνισεν
793 1183 924 1247 αὐτὰ,
950 1185 1102 1236 καθεὶς
1126 1182 1359 1234 οἱονείπως
1385 1183 1448 1233 εἰς
1479 1177 1539 1230 τὰ
1563 1177 1691 1243 βάθη

112 1266 194 1328 τῆς
221 1262 479 1329 θαλάσσης·
507 1266 775 1317 κατέκλεισε
803 1265 895 1332 γὰρ
921 1269 983 1320 εἰς
1010 1262 1124 1334 ᾅδου
1144 1265 1219 1314 καὶ
1244 1264 1291 1314 ἐν
1310 1267 1405 1317 τοῖς
1430 1264 1512 1326 τῆς
1537 1260 1691 1323 ἀβύσ-

113 1368 204 1397 σου
227 1351 405 1415 μυχοῖς,
432 1347 576 1413 ἀνέβη
602 1348 650 1400 δὲ
681 1347 849 1400 λοιπὸν
875 1374 896 1409 η
923 1350 1098 1417 owen-plez
1121 1368 1169 1397 τε
1193 1347 1269 1397 καὶ
1294 1351 1311 1397 ὁ
1336 1346 1500 1414 βρόμος
1524 1344 1690 1406 αὐτῶν,
1708 1362 1729 1389 e

50 1449 94 1488 15
114 1430 188 1479 καὶ
207 1428 396 1495 γε’γονεν
415 1431 523 1495 ἡμῖν
541 1430 760 1499 φορτικός
781 1454 829 1482 τε
849 1432 923 1482 καὶ
943 1428 1356 1495 κατεστυγημένος,
1374 1427 1521 1478 καίτοι
1540 1423 1691 1477 πάλαι

113 1509 179 1575 μὴ
216 1517 421 1566 τοιοῦτος
459 1511 570 1564 εἶναι
613 1516 779 1564 δοκῶν·
828 1512 1017 1577 δυσώδη
1056 1510 1149 1578 γὰρ
1187 1509 1300 1561 ὅντα
1337 1508 1419 1560 τὸν
1458 1513 1687 1571 σατανᾶν,

114 1599 197 1645 νῦν
234 1593 291 1659 δὴ
329 1597 403 1646 καὶ
448 1595 585 1660 μόλις
629 1596 699 1647 ὅτι
740 1594 946 1650 τοιοῦτός
987 1597 1117 1646 ἐστιν
1153 1593 1431 1659 ἐγνώκαμεν.
1507 1589 1691 1660 ᾠόμεθα

96 1675 206 1743 ,γὰρ
237 1680 279 1727 οἱ
303 1676 500 1732 τάλανες
531 1678 675 1743 εὐώδη
707 1701 756 1729 τε
791 1676 902 1729 εἶναι
937 1679 1012 1728 καὶ
1050 1675 1342 1745 ἀξιέραστον,
1369 1674 1444 1725 ὅτε
1482 1677 1578 1726 τοῖς
1610 1675 1692 1736 τῆς

115 1757 412 1825 φαυλότητος
462 1760 778 1826 ἐνειλημμένοι
829 1762 1017 1824 δεσμοῖς
1070 1758 1158 1810 ὑπὸ
1207 1761 1338 1825 χεῖρα
1388 1755 1473 1820 τὴν
1523 1755 1692 1805 ἐκείνου

49 1868 97 1893 20
114 1841 433 1904 πεπτώκαμεν.
503 1842 654 1908 ἐπειδὴ
694 1842 742 1894 δὲ
778 1843 1006 1911 ἐπέφανεν
1039 1841 1148 1905 ἡμῖν
1187 1836 1553 1902 ὁἘμμανουὴλ,
1580 1838 1692 1887 ἀνα-

115 1923 350 1990 κεκραγώς
377 1947 426 1976 τε
460 1927 534 1976 καὶ
566 1924 719 1991 λέγων
746 1933 771 1955 “
791 1923 918 1991 Ἐγὼ
945 1923 1084 1977 ἄνθος
1110 1927 1192 1973 τοῦ
1215 1922 1388 1983 πεδίου,
1417 1921 1571 1986 κρίνον
1597 1923 1690 1970 τῶν

115 2012 143 2036 “
166 2005 437 2069 κοιλάδων,”
482 2007 586 2058 τότε
628 2007 684 2071 δὴ
734 2005 875 2071 μόλις
931 2008 1013 2069 τῆς
1063 2003 1258 2068 ἐνούσης
1301 2003 1521 2064 εὐοσμιάς
1566 2002 1734 2069 αὐτῲᾶ

115 2089 387 2154 κεκλημένοι
430 2087 547 2156 πρὸς
590 2089 789 2159 μέθεξιν,
832 2091 914 2154 τῆς
963 2088 1132 2139 ἐκείνου
1181 2085 1412 2139 δυσωδίας
1459 2082 1690 2149 κατεγνώ-

115 2193 275 2235 καμεν.

1750 351 1851 400 Eze·k.

1750 403 1910 433 xxxmlg.

1751 785 1848 859 gach.
1866 785 1900 816 ii.

1751 1923 1847 1956 Cant.
1866 1924 1899 1956 ii.

1756 1978 1765 1998 ι

49 2352 96 2391 25
116 2343 272 2402 Θάρσει
320 2351 380 2397 Γῆ,
428 2343 545 2403 χαῖρε
596 2345 663 2386 καὶ
717 2345 957 2401 εὐφραίνου,
1006 2345 1070 2385 ὅτι
1116 2342 1369 2390 ἑμεΓάλυνεν
1420 2338 1566 2395 Κύριος
1615 2342 1688 2380 τοῦ
1711 2353 1754 2378 21

181 2433 365 2470 Ποιιῗισοιι.
450 2426 644 2486 θαρσεῖτε
700 2429 828 2469 κτύνΗ
883 2431 956 2469 τοῦ
1009 2424 1166 2475 Πεδιόυ,
1215 2425 1278 2466 ὅτι
1333 2424 1589 2473 βεβλάστΗκε
1637 2421 1688 2463 τὰ
1711 2436 1757 2461 22

163 2569 194 2592 2.
222 2559 239 2591 ὁ
257 2563 478 2602 assumptum
496 2569 538 2590 ex
557 2556 599 2590 B.
840 2566 874 2600 3.
899 2555 1136 2599 ἀπαλλαγῆναι
1154 2552 1244 2587 Edd.
1481 2564 1512 2594 4.
1538 2565 1604 2585 που
1621 2555 1655 2586 et
1673 2553 1691 2586 ὁ

114 2604 291 2649 προφήτης
309 2609 488 2648 assumpta
505 2615 545 2636 ex
564 2603 607 2637 B.
954 2611 984 2647 7.
1011 2601 1057 2636 εἷς
1074 2598 1325 2644 αἰχμαλωσίαν]
1345 2598 1380 2633 ἐν
1396 2598 1612 2643 αἰχμαλωσίᾳ
1630 2598 1690 2633 iid.

120 2662 173 2685 12.
200 2651 308 2695 στίφη
326 2653 392 2684 τῶν
409 2650 439 2684 ὃ.
459 2650 615 2693 δηλονότι
633 2650 703 2684 inv.
723 2648 798 2683 ord.
816 2647 876 2682 iid.
1026 2658 1148 2689 12—14.
1175 2647 1404 2691 κατηφάνισεν
1420 2644 1688 2690 αὐτὰ-μυχοῖς]

116 2697 330 2731 κατέκλεισεν
346 2697 428 2730 αὐτὰ
446 2696 492 2731 εἷς
508 2695 590 2740 ᾅδου
608 2697 660 2730 καὶ
678 2696 713 2729 ἐν
729 2697 798 2730 τοῖς
813 2697 871 2739 τῆς
888 2693 1047 2736 ἀβύσσου
1070 2695 1190 2738 μυχοῖς
1207 2694 1428 2737 κατηφάνισε,
1446 2691 1556 2728 καθεὶς
1572 2692 1689 2726 οἱονεί-

115 2759 185 2780 πως
203 2744 248 2779 εἷς
265 2744 305 2778 τὰ
321 2744 410 2787 βάθη
428 2744 486 2787 τῆς
503 2743 681 2786 θαλάσσης
698 2742 757 2776 iid.
913 2753 965 2784 14.
991 2756 1027 2775 τε
1045 2746 1267 2784 assumptum
1284 2751 1326 2773 ex
1345 2739 1387 2773 Β.
1549 2748 1602 2784 17.
1628 2738 1685 2784 δὴ]

116 2791 152 2825 δέ
170 2791 229 2825 iid.
529 2789 581 2823 18.
607 2791 666 2834 τῆς
681 2790 894 2834 φαυλότητος
911 2788 1009 2822 ἐνειλ.
1028 2786 1182 2832 δεσμοῖς]
1202 2787 1340 2830 δεσμοῖς
1356 2786 1467 2820 ὑπειλ.
1484 2787 1542 2830 τῆς
1557 2786 1690 2831 φαυλό-

115 2853 213 2882 τητος
229 2837 289 2871 iid.
552 2847 606 2870 20.
633 2836 733 2881 ἐπέφ.
751 2835 828 2880 ἡμῖν
845 2841 923 2880 post
939 2834 1078 2877 Ἐμμαν.
1096 2840 1228 2878 transp.
1246 2833 1305 2867 iid.
1552 2843 1606 2867 22.
1632 2834 1691 2877 τῆς

117 2884 258 2927 ἐνούσης
275 2882 434 2927 εὐοσμίας
457 2883 546 2929 αὐτῷ
573 2883 766 2926 κεκλημένοι
791 2884 875 2926 πρὸς
898 2880 1049 2926 μέθεξιν]
1069 2880 1293 2925 ἐπῃσθόμενοι
1318 2881 1374 2924 τῆς
1398 2878 1539 2923 ἐνούσης
1555 2879 1692 2915 εὐωδίας

116 2932 204 2977 αὐτῷ
222 2930 280 2965 iid.
470 2941 523 2975 23.
553 2929 720 2966 δυσωδίας
737 2930 915 2975 κατεγνώκ.
933 2928 1000 2963 hoc
1017 2927 1138 2963 ordine
1156 2927 1198 2962 B.
1405 2926 1459 2961 26.
1485 2927 1526 2961 τὰ
1542 2938 1612 2961 om.
1629 2926 1690 2961 iid.

114 2978 156 3024 (κ
176 2989 252 3024 130,
270 2977 370 3023 311.)

174 3049 267 3079 VOL.
290 3050 317 3077 l.
852 3047 878 3074 s
900 3049 927 3074 U
