2021 3434
307 211 389 251 706
706 212 754 253 B.
798 212 1070 253 CYRILLI
1110 213 1490 254 ALEXANDR.
1646 215 1701 256 vi.
1728 215 1878 271 13—16.

306 321 470 386 ἀρχαῖς
502 320 590 384 ἤδη
622 343 722 373 πως
759 322 998 372 τεθεῖσθαί
1032 326 1196 390 φησιν,
1223 324 1284 376 ὡς
1319 320 1565 387 ἀναλόγως
1589 327 1683 376 τοῖς
1708 325 1880 374 πταίσ-

81 416 168 450 452
185 415 234 450 A.
265 425 287 449 a
304 424 425 465 μασι
475 402 574 452 κατ’
621 404 773 453 αὐτῶν
821 403 1016 455 ε”σεσθαι
1064 402 1147 455 τὸν
1196 407 1463 474 ἀφανισμόν.
1536 410 1788 456 καταπτοεῖ
1832 405 1881 457 δὲ

304 484 563 551 χρησίμως,
608 487 683 535 καὶ
724 490 818 539 τοῖς
861 490 955 536 τῶν
999 486 1234 549 ἐσομένων
1275 489 1462 550 δείμασι
1503 489 1753 552 καθαπερεί
1792 509 1881 537 τινι

302 569 549 633 μονονουχὶ
600 572 781 637 χαλινῷ
827 569 1087 634 περιτρέπει
1135 567 1252 635 πρὸς
1308 568 1361 620 τὸ
1421 571 1536 634 δρᾶν
1582 569 1774 620 ἑλέσθαι
1821 567 1881 619 τὰ

301 649 490 710 βελτίω,
533 650 608 700 καὶ
646 655 743 703 τοῖς
784 649 1010 716 δευτέροις
1051 651 1439 714 ἐκμειλίσσεσθαι
1483 649 1619 703 Θεόν.
1683 653 1879 716 ἀπαριθ-
1899 671 1921 710 5

301 735 450 793 μεῖται
478 730 525 781 δὲ
552 730 728 797 ὥσπερ,
755 734 829 783 καὶ
864 734 912 783 ἐν
943 732 1052 801 ὄψει
1087 734 1259 784 τίθεται
1294 732 1378 787 τὰς
1415 732 1619 799 πληγάς.
1682 736 1806 801 λιμῷ
1831 755 1881 784 τε
2009 748 2014 776 ⁵

302 811 396 878 γὰρ
436 812 601 868 αὐτοὺς
642 813 1039 879 κολασθήσεσθαί
1070 817 1206 883 φησι,
1240 817 1314 866 καὶ
1348 820 1448 869 ταῖς
1485 820 1579 866 τῶν
1616 816 1882 880 ἐπιτηδείων
2018 843 2021 867 ι

303 894 503 958 ἐνδείαις,
531 898 605 946 καὶ
631 895 796 950 αὐτοὺς
827 899 874 948 ἐν
898 897 1074 951 ἑαυτοῖς
1099 896 1603 966 ἐξολοθρευθήσεσθαι,
1633 899 1708 948 καὶ
1732 920 1878 948 κατα-

302 976 645 1046 ληφθήσεσθαι
671 978 769 1041 μὲν,
797 980 850 1030 οὐ
876 978 969 1043 μὴν
995 979 1060 1030 ε”τι
1086 982 1162 1030 καὶ
1190 979 1428 1045 διαδράναι
1451 984 1709 1034 παντελῶς.
1767 980 1878 1030 ἀλλ’

2008 1047 2013 1062 1

303 1063 340 1110 εὶ
376 1061 457 1111 καί
492 1084 610 1115 τινες
648 1061 771 1116 ὅλως
808 1061 868 1113 τὰ
904 1062 1166 1129 παραυτίκα
1203 1062 1369 1126 βλάβη
1409 1066 1575 1130 φυγεῖν
1613 1062 1878 1130 Ξσχύσειαν,
1903 1087 1951 1113 10
2016 1075 2021 1121 ζ

255 1153 283 1193 b
303 1142 492 1198 τούτους
518 1145 810 1208 ἁλώσεσθαι,
837 1147 912 1196 καὶ
938 1147 1021 1196 οὐκ
1045 1149 1107 1198 εἷς
1133 1144 1328 1210 μακρὰν,
1358 1145 1495 1211 ε”ργον
1521 1168 1571 1196 τε
1596 1143 1883 1211 γενήσεσθαι

301 1230 384 1291 τῆς
415 1229 583 1295 ἑτέρων
617 1233 857 1299 ῥομφαιας.
922 1231 1065 1280 ἐκεῖνο
1100 1229 1148 1280 δὲ
1184 1230 1327 1280 ε”οικεν
1362 1231 1470 1294 ἡμῖν
1502 1230 1577 1280 διὰ
1610 1230 1775 1281 τούτου
1801 1234 1882 1295 δη-

301 1316 431 1361 λοῦν.
500 1316 718 1362 πλεῖστοι
753 1310 836 1372 μὲν
870 1311 963 1377 γὰρ
999 1311 1104 1362 ὅσοι
1137 1312 1393 1375 κεκίνηνται
1418 1310 1617 1375 πόλεμοι
1644 1311 1763 1363 κατὰ
1787 1317 1882 1363 τῶν

301 1392 358 1460 ἐξ
390 1392 605 1458 Ἰσραὴλ,
641 1392 788 1458 ἤγουν
826 1393 945 1444 κατὰ
984 1392 1159 1447 παντὸς
1203 1400 1284 1445 τοῦ
1324 1393 1492 1456 Ἰούδα,
1526 1393 1655 1459 πλὴν
1692 1396 1774 1446 οὐκ
1811 1397 1880 1446 ἀεὶ

301 1475 414 1540 παρ’
453 1477 646 1542 ἐχθρῶν·
700 1474 959 1541 ὡπλίζοντο
1005 1476 1053 1527 δὲ
1092 1477 1166 1526 καὶ
1205 1477 1333 1527 αὐτοὶ
1376 1475 1494 1527 κατὰ
1534 1480 1677 1543 σφῶν
1714 1478 1878 1545 αὐτῶν,
1902 1494 1948 1532 15

302 1559 364 1611 ὡς
398 1556 511 1608 ποτὲ
545 1557 629 1620 μὲν
662 1557 745 1608 τὸν
779 1556 991 1625 Ἐφραὶμ
1025 1557 1127 1621 η’τοι
1164 1556 1247 1611 τὰς
1286 1557 1394 1609 δέκα
1430 1556 1600 1626 φυλὰς,
1632 1559 1877 1628 κατεξανί-

300 1645 512 1691 στασθαι
549 1646 631 1691 τοῦ
655 1639 822 1702 Ἰούδα,
847 1640 961 1691 ποτε
998 1639 1047 1691 δὲ
1083 1642 1157 1691 καὶ
1192 1639 1297 1694 τοὺς
1332 1641 1380 1690 ἐν
1411 1645 1506 1694 τοῖς
1532 1640 1881 1705 Ἱεροσολύμοις

300 1723 453 1776 αὐτοῖς
488 1722 950 1789 καταστρατεύεσθαι
986 1729 1068 1774 τοῦ
1101 1722 1325 1791 Ἐφραίμ·
1379 1723 1462 1774 οὐκ
1500 1723 1795 1788 εὐαρίθμητοι
1832 1723 1880 1775 δὲ

301 1805 566 1856 διολώλασι
605 1805 781 1868 πόλεις,
823 1807 885 1859 ὡς
926 1804 1092 1860 αὐτοὺς
1134 1807 1181 1856 ἐν
1225 1806 1402 1859 ἑαυτοῖς
1445 1806 1710 1874 ἐξωσθῆναι
1751 1813 1874 1857 πολ-

263 1914 284 1939 e
302 1888 450 1943 λάκις·
495 1891 568 1939 καὶ
605 1887 723 1939 κατὰ
761 1894 928 1940 τοῦτον
959 1887 1042 1940 τὸν
1067 1886 1242 1954 τρόπον
1271 1887 1571 1951 διωκομένους
1602 1889 1652 1939 ἐκ
1679 1887 1879 1951 πόλεων,
1901 1910 1950 1936 20
2012 1887 2018 1904 ¹*

299 1976 587 2031 καταλαβεῖν
627 1971 711 2033 μὲν
749 1970 918 2037 ἑτέρας,
956 1970 1085 2035 πλὴν
1126 1972 1305 2021 ἁλῶναι
1343 1973 1418 2021 καὶ
1462 1970 1580 2021 κατὰ
1618 1969 1817 2035 καιροὺς,
1850 1969 1879 2035 ἢ

300 2053 465 2119 Σύρων
499 2052 865 2118 ἐμβεβληκότων
903 2055 977 2104 καὶ
1010 2057 1104 2104 τῶν
1142 2056 1223 2116 τῆς
1263 2057 1529 2116 Δαμασκοῦ
1566 2053 1818 2116 βασιλέων,
1850 2052 1879 2119 ἢ

299 2138 374 2186 καὶ
414 2137 566 2186 αὐτῶν
601 2158 693 2187 που
725 2135 848 2203 τάχα
885 2139 1091 2202 Περσῶν
1125 2158 1174 2186 τε
1207 2137 1282 2185 καὶ
1319 2134 1514 2199 Μήδων.
1579 2140 1717 2187 τοῦτο
1755 2134 1885 2201 οἶμαί

300 2220 402 2269 ἐστι
429 2217 482 2269 τό
507 2220 685 2288 Ἐξώσ-οι)
720 2242 770 2269 σε
801 2220 838 2269 ἐν
873 2224 938 2269 σοι
970 2224 1046 2269 καὶ
1090 2214 1346 2292 καταλήψῃ
1377 2223 1454 2269 καὶ
1489 2221 1533 2270 οὐ
1566 2216 1628 2286 μὴ
1656 2215 1879 2295 θιασωθῇς,

303 2308 380 2352 καὶ
410 2303 497 2353 ὀὀ-οι
525 2300 577 2353 οἶν
604 2298 870 2352 διασωθῶσιν
897 2306 955 2355 εἰς
982 2303 1207 2369 ῥομφαίαν
1232 2297 1618 2371 παραδοθήσονται.
1900 2320 1946 2360 25

351 2450 380 2472 Ι.
406 2437 526 2483 ἀρχαῖς
543 2438 586 2471 Α.
605 2438 692 2483 ἀρχῇ
713 2436 804 2471 Edd.
1032 2446 1065 2480 3.
1092 2435 1249 2480 δείγμασι
1268 2435 1348 2478 (Sic)
1362 2435 1405 2468 A.
1457 2435 1583 2469 Statim
1599 2435 1683 2470 haec
1700 2435 1880 2480 καθαπερεί

302 2500 365 2519 τινι
383 2492 602 2519 accesserunt
619 2497 659 2518 ex
680 2484 721 2517 B.
988 2493 1020 2528 5.
1047 2481 1344 2526 ἐκμειλίσσεσθαι]
1362 2482 1422 2525 μὲν
1439 2482 1718 2527 ἐκμειλίσσεσθαι
1735 2495 1774 2517 ea
1791 2494 1878 2529 quae

301 2540 497 2577 sequuntur
515 2543 625 2577 usque
643 2530 687 2565 ad
705 2528 1032 2574 καταληφθήσεσθαι
1049 2530 1109 2572 μὲν
1126 2530 1192 2574 (9.)
1211 2530 1373 2563 omittens
1391 2529 1434 2562 A.
1550 2530 1583 2563 8.
1605 2530 1641 2563 ἐν
1657 2531 1786 2565 ἑαυτοῖς
1803 2530 1877 2572 ἐξο-

300 2578 593 2622 λοθρευθὴσεσθαι
611 2578 649 2612 Β.
667 2578 701 2611 ἐν
712 2578 800 2624 αὐτῷ
822 2576 1070 2621 ἐξαρθήσεσθαι
1086 2576 1177 2610 Edd.
1218 2575 1562 2621 καταληφθήσεσθαι]
1579 2576 1681 2610 Hanc
1694 2577 1878 2610 lectionem

300 2627 449 2670 priorem
478 2626 518 2659 B.
546 2625 649 2659 edidi.
677 2624 803 2668 καταλὴ
911 2623 1043 2668 ψεσθαι
1070 2623 1138 2667 (sic
1164 2635 1205 2657 ex
1231 2634 1318 2657 corr.
1345 2630 1378 2657 et
1402 2623 1467 2656 litt.
1485 2624 1591 2657 trium
1609 2623 1697 2668 ras.)
1718 2623 1759 2657 B.
1778 2637 1878 2657 κατα-

300 2672 480 2717 λήψεσθαι
499 2672 589 2706 Edd.
717 2684 749 2715 9.
775 2671 944 2714 διαδράνει
960 2682 1023 2715 pro
1040 2671 1212 2714 διαδράναι
1231 2669 1322 2703 Edd.
1341 2677 1419 2703 ante
1439 2670 1573 2715 Migne.
1711 2681 1764 2705 10.
1791 2670 1878 2706 ὅλως

301 2720 445 2753 accessit
464 2731 504 2753 ex
523 2719 614 2752 AB.
632 2719 821 2763 praemittit
838 2718 926 2751 εἰσὶν
943 2718 987 2751 Α.
1180 2728 1232 2750 11.
1258 2732 1295 2751 τε
1312 2728 1382 2750 om.
1403 2716 1444 2749 B.
1636 2728 1688 2751 12.
1714 2717 1818 2751 ἐκεῖνο
1841 2717 1878 2750 δέ

300 2767 405 2800 ἔοικεν
423 2766 498 2809 ἡμῖν
515 2767 568 2800 διὰ
585 2764 721 2810 τούτου]
741 2766 827 2798 ἕοικε
844 2765 879 2798 δέ
899 2765 952 2797 διὰ
968 2763 1094 2798 τούτων
1111 2764 1215 2798 ἐκεῖνο
1234 2763 1412 2806 (omittens
1430 2763 1521 2807 ἡμῖν)
1539 2763 1584 2798 A.
1730 2775 1782 2807 14.
1806 2766 1878 2808 ἤτοι

303 2825 365 2856 pro
385 2816 486 2857 ἤγουν
503 2814 584 2847 κατὰ
602 2814 646 2846 Α.
697 2814 756 2845 τοῦ
774 2818 994 2856 assumptum
1013 2823 1052 2844 ex
1071 2812 1114 2844 A.
1470 2820 1525 2855 17.
1550 2810 1603 2844 καὶ
1620 2822 1690 2844 orn.
1708 2810 1752 2845 A.
1800 2809 1878 2845 τοὺς

301 2869 521 2904 absumptum
540 2872 580 2893 ex
601 2859 640 2893 Β.
1022 2859 1072 2892 18.
1099 2858 1212 2892 αὐτοῖς
1230 2857 1271 2891 Β.
1290 2857 1409 2892 αὐτοὺς
1426 2856 1517 2891 Edd.
1535 2864 1614 2891 ante
1632 2858 1667 2892 ἐν
1682 2863 1814 2902 transp.
1834 2857 1877 2891 A.

306 2917 357 2949 19.
386 2908 504 2941 αἰτοὺς
521 2907 612 2940 A.B.
631 2906 768 2941 ἑαυτοὺς
785 2904 876 2940 Edd.
927 2904 1052 2939 Statim
1070 2906 1105 2938 ἐν
1121 2905 1235 2939 αὐταῖς
1252 2906 1295 2939 A.
1606 2915 1661 2939 20.
1685 2906 1817 2939 πόλεων
1833 2904 1877 2937 Α.

301 2954 431 2987 πόλεως
450 2953 508 2987 iid.
872 2963 926 2986 21.
952 2953 1012 2995 μὲν
1029 2963 1098 2985 om.
1116 2952 1158 2985 Α.
1226 2951 1352 2985 Statim
1369 2950 1503 2995 ἑτέρους
1520 2950 1610 2985 Edd.
1673 2953 1727 2985 καὶ
1744 2962 1814 2985 om.
1831 2951 1876 2984 A.

303 3009 358 3032 22.
384 3000 441 3041 τῆς
459 3012 527 3033 om.
549 3001 589 3033 Α.
639 3000 813 3038 βασιλέων
830 3000 873 3033 Α.
891 2999 1079 3038 βασιλείων
1098 2998 1186 3032 Edd.
1403 3009 1457 3042 23.
1483 3012 1518 3030 τε
1536 3005 1756 3043 assumptum
1774 3009 1816 3032 ex
1832 2997 1876 3030 A.

304 3056 357 3089 25.
384 3045 440 3079 ἐὰν
458 3058 520 3090 pro
536 3045 576 3080 ἂν
594 3047 636 3079 Α.
657 3046 733 3090 (22.
752 3046 816 3090 al.)
867 3045 991 3080 Statim
1011 3045 1170 3080 σωθῶσιν
1189 3044 1279 3079 Edd.
1299 3045 1415 3079 invitis
1433 3044 1523 3078 AB.
