2021 3434
92 200 146 243 iv.
169 215 208 255 9,
235 215 297 242 10.
568 203 641 244 IN
682 204 877 246 AMOS.
939 204 1089 245 TOM.
1129 204 1188 244 II.
1589 202 1672 240 447

160 323 227 364 καὶ
265 325 494 366 ἀπέκτεινα
531 327 575 368 ὲν
613 326 804 386 ῥομφαίᾳ
828 327 926 368 τοὺς
964 326 1209 368 νεανίσκους
1241 325 1357 373 ὑμῶν
1391 323 1495 372 μετὰ
1523 319 1710 376 αἰχμα-ει
1743 327 1828 360 293
1846 325 1894 358 A.

158 406 318 448 λωσίαε
360 408 504 450 ἵππων
547 424 634 461 σου,
679 408 747 450 καὶ
795 410 1006 457 ἀνήτω-ον
1049 410 1093 450 ἑν
1137 408 1235 465 Πυρὶ
1277 408 1353 449 τὰς
1397 404 1672 462 Παρεμβολὰς

159 489 277 538 ὑμῶν
317 491 361 532 ὲν
405 496 455 549 τῷ
495 492 598 551 &px-f*
640 507 732 543 μου,
777 493 845 534 καὶ
889 492 979 533 οὐδ’
1027 494 1082 534 ὥς
1125 492 1419 548 ἐπεστρέψατε
1461 489 1568 544 Πρὸς
1610 487 1675 537 μὲ,

160 573 273 620 ΛέΓει
312 573 473 631 Κύριος.

54 711 76 749 5
167 695 280 746 Τοῖς
317 693 596 760 ἀναλγήτως
633 695 795 762 ε”χουσι
831 697 936 761 περὶ
970 694 1029 746 τὰ
1068 695 1124 763 ἐξ
1159 695 1304 761 ὀργῆς
1338 692 1677 754 συμβαίνοντα,

93 776 169 824 καὶ
203 773 328 825 πολὺ
362 776 471 826 λιάν
506 777 835 840 ὑπτιουμένοις,
863 778 1180 828 ἀναπίπτουσι
1219 775 1265 826 δὲ
1300 777 1373 825 καὶ
1406 775 1526 824 οὕτω
1560 772 1677 839 πρὸς

93 855 148 906 τὸ
188 855 398 925 ῥᾴθυμον
448 858 527 920 ἔτι,
571 856 694 908 ὥστε
738 857 791 909 τὸ
831 862 998 925 χρῆναι
1039 861 1278 922 μετανοεῖν
1322 854 1425 906 οὐδὲ
1469 858 1530 907 εἷς
1569 860 1678 904 νοῦν

95 937 214 1005 ε”χειν
257 939 430 1007 ἀξιοῦν,
473 940 709 1005 ἀρκέσειεν
751 939 808 991 ἀν
848 942 992 993 οὐδεὶς
1035 945 1118 990 τοῦ
1155 937 1453 1002 πλήττεσθαι
1490 934 1720 1001 τρόπος,1)

94 1019 283 1073 πλείους
319 1019 368 1071 δὲ
408 1026 600 1085 μᾶλλον
638 1024 713 1072 καὶ
760 1021 990 1087 ἀλλήλων
1033 1022 1213 1089 χείρους
1253 1022 1328 1070 καὶ
1366 1016 1483 1084 πρὸς
1522 1016 1575 1068 τὸ
1614 1017 1679 1068 ε”τι

31 1131 77 1157 10
95 1100 311 1168 μειζόνως
352 1110 653 1155 καταλυποῦν
697 1105 880 1172 ἔχοντες
931 1104 1017 1168 τὴν
1065 1104 1290 1154 ἐπίδοσιν.
1355 1101 1520 1151 οὐκοῦν
1561 1101 1679 1150 ἐπει-

96 1185 242 1252 δήπερ
275 1192 371 1241 τοῖς
404 1187 461 1256 ἐξ
486 1187 688 1254 Ἰσραὴλ
721 1187 888 1254 μικρὸν
925 1186 983 1252 ἦν
1021 1187 1143 1255 τάχα
1181 1209 1280 1240 πως
1319 1184 1437 1251 πρὸς
1476 1182 1678 1249 ἐπανόρ-

97 1271 260 1331 θωσιν,
292 1268 346 1320 τὸ
381 1271 428 1320 ἐν
466 1271 654 1324 ἐνδείαις
693 1270 836 1336 ἄρτου
874 1271 1176 1322 παιδεύεσθαι
1207 1270 1282 1320 καὶ
1319 1272 1480 1328 ποτοῦ,
1514 1264 1679 1330 ἐπενή-

98 1373 252 1402 νεκται
289 1350 343 1402 τὸ
381 1356 547 1403 παθεῖν
585 1354 659 1403 καὶ
698 1351 757 1404 τὰ
794 1353 859 1404 ε”τι
903 1356 1035 1404 τοῦδε
1076 1350 1414 1421 φορτικώτερα,
1455 1349 1483 1413 ἡ
1529 1348 1683 1398 αὐτῶν

99 1433 316 1484 ἀσθένεια
352 1438 446 1485 τῶν
489 1435 739 1499 σωμάτων,
788 1436 814 1500 ἡ
856 1437 917 1490 ὡς
956 1436 993 1487 ἐν
1032 1437 1207 1505 πυρετῷ
1251 1439 1327 1485 κει)
1370 1430 1518 1500 ἱκτέρῳ
1557 1454 1682 1493 συμ-

34 1535 79 1573 15
98 1515 347 1576 βαίνουσα.
438 1523 575 1568 τοῦτο
638 1521 712 1568 καὶ
777 1517 851 1569 διὰ
915 1520 1074 1585 φωνῆς
1135 1516 1282 1567 πάλιν
1332 1517 1414 1578 τῆς
1461 1513 1682 1579 Ἱερεμίου

99 1596 334 1663 εἱρήμενον
379 1599 650 1665 εὑρήσομεν.
715 1600 806 1667 ἔφη
851 1599 944 1666 γὰρ
989 1599 1059 1650 ὅτι
1108 1606 1134 1627 “
1159 1596 1285 1649 Τάδε
1336 1596 1462 1662 λέγει
1510 1594 1681 1661 Κύριος
1742 1611 1900 1642 Hier.vi.

100 1687 126 1709 ‘⁶
151 1678 272 1730 Ἰδοὺ
315 1679 408 1746 ἐγὼ
454 1681 617 1745 δίδωμι
661 1684 734 1734 ἐπὶ
780 1681 862 1733 τὸν
910 1683 1030 1732 λαὸν
1080 1687 1245 1732 τοῦτον
1297 1678 1555 1740 ἀσθένειαν,
1607 1679 1682 1727 καὶ
1743 1665 1795 1687 ²¹⁰

100 1769 127 1791 “
153 1762 504 1828 ἀσθενήσουσιν
538 1765 586 1815 ἐν
623 1765 739 1832 αὐτῇ
774 1765 968 1830 πατερες
1009 1765 1086 1814 καὶ
1130 1765 1215 1814 υἱοὶ
1255 1761 1370 1824 ἅμα,
1410 1760 1573 1825 γείτων
1607 1760 1719 1809 καὶυ

101 1851 127 1874 “
153 1845 178 1895 ὁ
205 1846 415 1909 πλησίον
434 1846 576 1896 αὐτοῦ
597 1845 925 1898 ἀπολοῦνται.”
966 1845 1120 1909 ἐπειδὴ
1147 1844 1195 1895 δὲ
1219 1843 1345 1908 ἦσαν
1372 1845 1445 1893 καὶ
1471 1845 1683 1909 αἰσχρῶν

0 1930 82 1980 1.20
101 1926 361 1990 λημμάτων
410 1928 675 1992 ἡττώμενοι,
726 1931 801 1979 καὶ
859 1928 985 1980 πολὺ
1036 1927 1093 1992 δὴ
1154 1928 1263 1978 λίαν
1312 1924 1571 1987 βλέποντες
1623 1927 1685 1976 εἷς

102 2010 438 2077 φιλοκερδείας,
478 2011 694 2079 ταύτῃτοι
743 2011 1063 2075 πληθύνοντες
1104 2012 1268 2071 κήπους
1311 2032 1359 2060 τε
1407 2009 1481 2058 καὶ
1519 2011 1681 2074 ἀμπε-

102 2090 262 2153 λῶνοις,
309 2091 508 2148 συκῶναῖς
550 2116 600 2144 τε
642 2095 718 2144 καὶ
761 2093 991 2156 ἐλαιῶνοις,
1041 2092 1203 2160 ἥψατο
1247 2092 1322 2141 καὶ
1366 2092 1509 2140 τῶνδε
1549 2086 1685 2150 Θεὸς,

103 2171 158 2223 δι’
187 2169 250 2223 ὧν
279 2172 337 2238 ἦν
372 2171 488 2228 εἶκος
523 2176 575 2225 οὐ
608 2176 804 2242 μετρίως
836 2172 1194 2240 κατηλγηκότας
1220 2177 1280 2226 εἱς
1309 2177 1417 2223 νοῦν
1443 2171 1687 2234 ἐπανήκειν

105 2254 186 2306 τὸν
226 2255 470 2325 σώφρονα,
512 2259 587 2308 καὶ
631 2258 914 2309 ἀνθελέσθαι
956 2262 1038 2308 τοῦ
1082 2256 1287 2324 χείρονος
1325 2253 1379 2305 τὸ
1425 2252 1685 2320 συμφέρον,

17 2337 21 2361 Ι

18 2400 22 2445 Ι
155 2414 185 2437 Ι.
211 2404 265 2437 καὶ
283 2416 352 2438 om.
371 2403 463 2438 Edd.
483 2404 589 2449 (Co.)
780 2416 811 2439 2.
837 2403 918 2449 σου]
938 2404 1029 2446 ὑμῶν
1048 2403 1084 2438 F.
1104 2402 1195 2437 Edd.
1215 2402 1322 2447 (Co.)
1501 2412 1534 2445 3.
1560 2416 1624 2444 μου
1642 2401 1685 2436 Α.

19 2451 24 2523 ²
105 2449 225 2495 (Alex.
238 2450 345 2495 XII.)
359 2451 449 2493 ὑμῶν
464 2451 554 2485 Edd.
569 2451 662 2496 (XII
677 2451 769 2496 mg.)
786 2451 959 2485 Neutrum
975 2451 1079 2484 habet
1094 2450 1135 2483 B.
1152 2449 1240 2492 (36.)
1290 2447 1394 2483 οὕτως
1408 2460 1470 2493 pro
1484 2449 1526 2483 ὣς
1542 2448 1578 2481 F.
1592 2448 1685 2482 Edd.

21 2526 25 2553 ι
106 2498 178 2541 (26.
196 2497 255 2541 al.)
523 2498 556 2532 6.
581 2499 808 2533 ἀναπίπτουσι
825 2498 868 2532 A.
888 2497 979 2532 Edd.
995 2497 1218 2531 ἀποκλίνουσι
1238 2496 1280 2530 Β.
1538 2504 1569 2539 7.
1596 2496 1686 2529 ὥστε

20 2559 25 2587 5
106 2545 144 2577 τὸ
162 2544 205 2578 Α.
223 2545 267 2579 ὡς
283 2545 322 2578 τό
339 2559 390 2578 τοι
410 2545 452 2579 Β.
471 2545 514 2580 ὡς
531 2547 568 2579 τὸ
589 2545 679 2578 Edd.
835 2546 867 2578 8.
894 2544 1046 2589 ἀρέσειεν
1065 2543 1156 2577 Edd.
1300 2554 1332 2587 9.
1354 2541 1625 2586 ἅλληλοχείρους
1642 2542 1686 2576 A.

22 2599 27 2648 ἰ
108 2590 234 2624 Statim
251 2592 304 2625 καὶ
321 2598 541 2637 assumptum
560 2604 601 2625 ex
619 2591 708 2626 A.B.
1020 2602 1071 2624 10.
1097 2591 1209 2633 μεῖζον
1226 2590 1269 2624 ὡς
1287 2601 1348 2633 pro
1364 2590 1520 2632 μειζόνως
1539 2587 1627 2633 (sic)
1642 2589 1686 2623 A.

23 2649 28 2701 Ι
107 2637 241 2683 οὐκοῦν]
261 2638 319 2672 οὐκ
336 2639 379 2672 A.
602 2650 614 2672 1
627 2650 655 2673 Ι.
680 2637 838 2682 Ἰσραὴλ]
857 2637 1080 2681 Ἰερουσαλὴμ
1098 2638 1141 2670 Α.
1160 2637 1269 2669 invito
1290 2635 1328 2669 B.
1378 2650 1448 2670 πως
1465 2642 1686 2679 assumptum

107 2696 149 2717 ex
166 2685 210 2719 A.
442 2696 494 2718 12.
521 2685 580 2729 τὴν
597 2697 659 2729 pro
676 2686 714 2719 τὸ
729 2685 773 2718 Α.
824 2685 948 2717 Statim
967 2684 1002 2717 ἐν
1018 2689 1239 2728 assumptum
1257 2694 1298 2716 ex
1319 2682 1360 2715 B.
1409 2681 1625 2716 παιδεύεσθαι
1639 2682 1684 2717 Α.

25 2702 29 2808 Ι
107 2731 265 2775 ’γενέσθαι
285 2731 326 2766 Β.
349 2731 555 2777 πορεύεσθαι
574 2731 665 2765 Edd.
727 2731 853 2764 Statim
878 2731 931 2764 καὶ
953 2733 1058 2764 ποτοῦ
1086 2730 1127 2762 Β.
1154 2730 1206 2763 καὶ
1231 2733 1343 2762 ποτῶν
1369 2728 1459 2762 Edd.
1486 2727 1555 2762 κατ’
1579 2729 1687 2762 αὐτῶν

26 2809 31 2837 ι
109 2776 259 2867 &3⁰25
376 2825 405 2858 Α
439 2824 518 2858 Ed.
594 2789 644 2822 ¹³·
671 2778 712 2812 τὰ
794 2778 1143 2858 wfizss‘zssz‘ffi‘ssz
1161 2776 1202 2856 ἐξ·
1348 2774 1467 2856 τούτω
1487 2775 1682 2856 [3⁸:32]

235 2839 297 2858 ωτε
322 2839 359 2858 ον
412 2851 419 2858 .
524 2852 530 2858 .
793 2851 799 2857 .
1123 2851 1130 2856 ,
1198 2849 1204 2856 .
1452 2835 1483 2856 -.
1519 2844 1525 2855 ι
1670 2838 1685 2858 ς

28 2841 31 2917 ἱ
107 2839 184 2915 ‘leg
200 2872 243 2904 A.
262 2838 365 2905 πάρλιν
382 2878 461 2916 post
479 2871 557 2915 Ἱερ.
575 2877 617 2905 tr.
639 2871 679 2905 B.
700 2837 791 2904 Eds..
810 2839 867 2914 τΤνΖῙς
884 2837 1031 2904 (ἰθεδῐῐὶη
1051 2869 1141 2904 Edd.
1331 2868 1382 2903 16.
1401 2847 1572 2914 εἶρῗᾷμενον
1590 2838 1685 2903 ἀθεγέῒ.

29 2929 33 2963 1
110 2916 147 2950 in
165 2917 256 2952 Edd.
471 2929 523 2963 19.
541 2918 714 2952 ἀπολεῖται
734 2917 824 2952 Edd.
1037 2928 1091 2950 20.
1120 2917 1215 2950 Haec
1233 2916 1272 2960 δὴ
1291 2916 1368 2950 λίαν
1384 2922 1564 2960 assumpta
1581 2928 1621 2949 ex
1642 2916 1684 2949 B.

30 2968 33 3006 1
114 2974 168 2998 2Ι.
193 2979 229 2998 τε
247 2976 308 3009 pro
325 2979 377 2998 τοι
396 2964 486 2999 Edd.
536 2979 571 2998 τε
589 2971 808 3009 assumptum
827 2976 867 2997 ex
887 2964 977 2997 A.B.
1219 2974 1272 2997 22.
1299 2961 1426 2997 τούτων
1442 2974 1503 3008 pro
1521 2963 1622 2997 τῶνδε
1641 2963 1684 2997 A.

32 3048 35 3060 f
115 3010 237 3045 Statim
256 3013 274 3044 ὁ
292 3011 371 3045 add.
392 3012 434 3045 A.
626 3022 679 3056 23.
705 3009 791 3046 εἶκος
808 3017 1025 3055 assumptum
1045 3022 1086 3044 ex
1104 3011 1147 3044 A.

35 3180 40 3278 ἱ

38 3331 43 3425 ἰ
