2021 3434
288 221 368 259 132
683 221 731 259 B.
775 220 1047 260 CYRILLI
1085 220 1458 260 ALEXANDR.
1718 236 1742 259 v

1748 254 1755 261 .
1786 232 1846 273 13.

285 336 312 358 ‘⁶
340 328 509 395 Κύριος
539 329 684 392 ὄνομα
719 331 881 399 αὐτῲ,”
908 330 1206 384 διδάσκοντος
1238 354 1286 382 τε
1323 336 1506 400 σαφῶς,
1534 333 1594 384 ὡς
1629 333 1682 380 δι’
1710 332 1849 381 αὑτοῦ

66 423 164 482 DQ·
285 433 334 461 τε
372 413 447 461 καὶ
483 412 531 460 ἐν
569 433 693 479 αυτερ
727 411 1004 479 ιςΔιώξεται
1044 411 1106 466 εἶς
1146 413 1337 479 χιλίους,
1369 414 1444 463 καὶ
1483 412 1564 462 δύο
1603 412 1847 475 μετακινή-

65 476 222 505 mu'30‘
302 500 313 521 ⁶
339 515 483 542 σουσι
508 491 771 558 μυριάδας.”
836 491 945 555 εἶτα,
972 492 1076 544 δέον
1099 494 1206 559 παρ’
1234 495 1375 544 αὐτοῦ
1411 491 1465 557 δὴ
1501 495 1576 544 καὶ
1600 491 1744 556 μόνου
1768 492 1853 555 τὴν

86 590 141 623 92
162 588 211 621 A.
248 572 468 637 εσυνήθη
501 572 649 624 πάλιν
680 575 943 640 ἐπικουρίαν
980 578 1132 637 αἰτεῖν,
1171 578 1246 626 καὶ
1284 580 1434 629 λιταῖς
1471 575 1731 625 ἀναπείθειν
1765 575 1850 624 ἐπ-

287 654 455 717 αμύναι
498 658 539 705 οἱ
582 653 664 705 τὸν
706 654 932 720 σώζοντα,
976 655 1120 722 πικρὰ
1164 655 1281 707 κατὰ
1324 661 1405 720 τῆς
1449 657 1563 710 ἰδίας
1606 655 1894 708 ἐσκέπτετοῦ

286 738 510 804 κεφαλῆς.
573 737 878 803 ἐπρεσβεύετο
911 737 1004 804 γὰρ
1037 738 1153 804 πρὸς
1188 739 1508 806 ἀλλοφύλους,
1536 740 1610 789 καὶ
1641 736 1723 790 τὰς
1746 735 1870 816 παρ’,

285 819 465 885 ἐχθρῶν
497 820 768 886 συμμαχίας
803 819 969 882 ἐκάλει,
994 820 1140 885 ἤγουν
1174 821 1360 872 ἐπίοντα
1398 820 1638 888 χρήμασιν
1668 820 1853 870 ἀναπεί-

289 905 446 954 θοντες
480 898 562 952 τὸν
587 900 862 968 Ἀσσύριον,
890 901 1198 970 ἀπηλλάχθαι
1233 907 1326 953 τῶν
1360 901 1686 968 ἐπηρτημένων
1711 899 1858 970 ᾤοντο

288 987 458 1033 κακῶν.
512 985 586 1034 καὶ
611 989 726 1048 γοῦν
750 984 1088 1044 βασιλεύοντος
1114 987 1162 1036 ἐν
1180 989 1237 1054 τῇ
1258 986 1496 1054 Σαμαρείᾳ
1521 990 1603 1036 τοῦ
1625 985 1857 1046 Μαναεῖμ,

68 1063 188 1145 ξνῖἷξξζ
289 1063 431 1128 ἀνέβη
450 1063 616 1115 Φουλά
639 1065 1155 1133 βασιλεὺςἈσσυρίων
1172 1069 1245 1119 ἐπὶ
1272 1068 1354 1118 τὸν
1371 1066 1588 1134 Ἰσραήλ·
1629 1064 1726 1117 εἶτα
1746 1065 1858 1133 χρή-
1881 1091 1927 1115 10

244 1156 270 1196 b
288 1169 436 1209 μασιν
469 1145 609 1198 αὐτὸν
644 1150 719 1198 καὶ
754 1150 1024 1214 πρεσβείαις
1057 1150 1296 1201 ἀνέπειθον
1330 1150 1629 1216 ἀποσχέσθαι
1654 1150 1735 1212 τῆς
1758 1150 1857 1212 γῆς.

288 1227 425 1280 τοῦτό
462 1231 563 1281 ἐστι
606 1228 659 1280 τὸ
699 1229 889 1300 ἐπορεύθη
923 1230 1123 1300 Ἐφραὶμ
1158 1232 1263 1301 προς
1295 1236 1559 1302 Ἀσσυρίους.
1626 1228 1775 1280 Φακεὲ
1812 1227 1861 1279 δὲ

290 1310 346 1374 δὴ
380 1310 527 1362 πάλιν
561 1313 586 1362 ὁ
620 1317 702 1362 τοῦ
730 1312 987 1376 Ῥομελίου,
1018 1313 1246 1374 βασιλεὺς
1271 1313 1484 1379 Ἰσραὴλ,
1523 1311 1860 1375 κατεμισθοῦτό

71 1407 125 1437 Es·
142 1406 195 1436 vii.
289 1415 402 1443 ποτε
427 1391 509 1443 τὸν
530 1391 750 1444 εΡαασὼν
775 1394 982 1454 βασιλέα
1008 1396 1188 1461 Συρίων
1213 1397 1287 1446 καὶ
1312 1394 1606 1460 πεπολέμηκε
1627 1397 1692 1461 τῷ
1707 1392 1861 1461 Ἰούδᾳ

75 1461 101 1485 ¹’
121 1460 146 1479 ²*
291 1475 365 1524 καὶ
391 1479 486 1528 τοῖς
512 1476 561 1526 ἐκ
587 1477 741 1542 φυλῆς
768 1478 997 1539 Βενιαμὶν,
1023 1475 1538 1544 βασιλεύοντος”Αχαζ
1552 1482 1633 1527 τοῦ
1657 1475 1861 1538 Ἰωάθαμ
1884 1496 1929 1533 15

292 1560 402 1618 υἱοῦ,
421 1555 469 1610 ὃς
495 1555 649 1610 δεδιὼς
668 1555 753 1620 τὴν
777 1556 960 1625 ἔφοδον,
979 1560 1248 1624 πρεσβείαις
1275 1561 1348 1609 καὶ
1372 1558 1610 1626 χρήμασιν
1630 1557 1863 1608 ἀναπείθει

292 1636 374 1688 τὸν
398 1637 660 1704 Ἀσσύριον
687 1639 1087 1706 Θεγλαφαλασὰρ
1122 1641 1348 1703 ἐπαμύναι
1381 1644 1477 1694 τοῖς
1497 1638 1857 1707 Ἱεροσολύμοις·

294 1721 317 1769 ὁ
346 1719 392 1770 δὲ
423 1719 508 1784 τὴν
533 1720 798 1784 Δαμασκὸν
833 1721 951 1772 κατὰ
985 1722 1152 1788 κράτος
1185 1721 1319 1785 ἑλὼν,
1351 1724 1400 1773 ἐκ
1437 1722 1585 1785 μέσου
1612 1724 1685 1772 καὶ
1724 1720 1864 1772 αὐτὸν

295 1802 434 1852 ἐποίει
482 1801 564 1853 τὸν
613 1802 846 1853 Ῥαασών.
913 1804 1022 1853 ἀλλ’
1064 1808 1101 1855 εἰ
1151 1807 1225 1854 καὶ
1270 1806 1539 1873 πεπόρευταί
1587 1808 1710 1872 φησι
1758 1804 1865 1873 πρὶς

257 1901 278 1926 0
295 1885 544 1953 Ἀσσυρίους
571 1890 588 1936 0‘
616 1884 834 1954 Ἐφροιῖμ,
863 1887 937 1936 καὶ
963 1885 1202 1953 χρήμασιν
1228 1886 1471 1955 ἐξεπρίατο
1502 1887 1576 1936 καὶ
1610 1890 1758 1939 λιταῖς
1783 1889 1865 1949 τῆς
1885 1912 1933 1936 20

296 1965 467 2034 ἐφόδου
500 1964 586 2030 τὴν
628 1966 908 2030 ἀνάβλησιν·
974 1967 1060 2018 κᾶν
1101 1972 1138 2018 εὶ
1175 1968 1413 2020 ἀπέστειλε
1453 1968 1660 2037 πρεσβεις
1696 1965 1864 2022 Ἰούδας

297 2048 403 2113 πρὶς
430 2046 636 2103 βασιλέα,
656 2051 833 2118 Ἰωρὰμ,
858 2050 1099 2100 τουτέστιν
1125 2050 1303 2101 ἔκδικον
1323 2051 1422 2115 ἤτοι
1447 2049 1697 2115 ἐκδικητὴν·
1730 2055 1866 2100 τοῦτο

298 2130 390 2195 γὰρ
437 2129 492 2180 τὸ
536 2134 700 2200 Ἰοιρεὶμ
750 2131 980 2194 σημαίνει·
1037 2133 1146 2181 ἀλλ’
1195 2133 1248 2183 οὐ
1296 2131 1560 2196 νενικήκασι
1607 2132 1691 2195 τὴν
1741 2131 1867 2183 θείαν

297 2210 456 2277 ὀργὴν,
501 2212 603 2263 οὔτε
647 2210 739 2276 μὴν
781 2213 1073 2279 περιέσονται
1114 2217 1238 2264 Θεοῦ
1283 2216 1364 2277 τῆς
1405 2215 1524 2265 οὕτω
1564 2216 1710 2277 δεινῆς
1745 2215 1863 2264 ἀπο·
2000 2276 2002 2286 Ι

299 2293 504 2347 στασιάς
541 2294 830 2362 ἐξαιτοῦντος
868 2295 1008 2348 δίκας,
1073 2296 1125 2346 οὐ
1161 2295 1253 2362 γὰρ
1288 2295 1464 2363 ἴσχυσέ
1497 2300 1660 2364 φησιν,
1695 2296 1719 2346 ὁ
1752 2295 1867 2363 χρή-
1888 2317 1936 2354 25
1998 2317 2002 2360 g

73 1655 89 1682 4
108 1643 189 1693 Reg.

72 1698 138 1717 xm.
159 1694 186 1726 7.

352 2469 381 2491 1.
400 2458 443 2494 ὡς
459 2457 503 2492 D.
522 2457 576 2491 ὅτε
589 2458 677 2503 (sic)
692 2458 782 2492 Edd.
801 2457 851 2492 ὅτι
869 2459 1016 2492 correxit
1035 2459 1166 2503 Migne
1265 2470 1295 2493 2.
1315 2475 1350 2494 τε
1367 2472 1436 2494 0111.
1453 2460 1499 2494 D
1595 2473 1628 2503 4.
1645 2459 1805 2504 ε’παμύναι
1821 2461 1867 2496 D.

302 2503 419 2546 ἀμύναι
441 2504 591 2539 Β.Ε(1(1.
738 2515 771 2550 5.
797 2505 899 2540 οἷκίας
918 2507 1007 2549 (lege
1023 2506 1158 2549 οἰκείας)
1176 2518 1255 2564 ρξο
1256 2507 1340 2542 ἰδίας
1358 2507 1404 2540 D.
1456 2507 1615 2541 Statim'
1598 2507 1800 2542 εσκέπτοντο
1819 2508 1865 2542 D.

304 2551 337 2583 6.
361 2553 419 2586 τὰς
443 2551 521 2596 παρ’
552 2551 682 2610 ἐχθρῶν
705 2553 898 2596 συμμαχίας
922 2552 1044 2593 εκάλει,
1071 2555 1173 2597 ἤγουν
1201 2553 1335 2588 ἐπίοντα
1362 2553 1532 2612 χρήμασιν
1557 2552 1789 2589 ἀναπείθοντες
1811 2556 1870 2589 τὸν

303 2595 490 2641 Ἀσσύριον
517 2598 562 2632 D.
593 2599 653 2642 τὴν
683 2598 759 2642 παρ’
788 2599 918 2644 ἐχθρῶν
942 2600 1146 2644 συμμαχίαν.
1193 2599 1324 2645 ἐγένετο
1347 2601 1413 2645 γὰρ
1440 2599 1591 2646 Ἐφραιμ
1619 2601 1662 2636 ὡς
1685 2602 1870 2645 περιστερὰ

303 2644 411 2683 ι’ίνους,
432 2645 489 2678 οὐκ
511 2645 640 2689 ἔχουσα
664 2646 812 2689 καρδίαν,
830 2645 1001 2691 Αἴγυπτον
1025 2646 1229 2687 ἐπεκαλεῖτο,
1257 2648 1309 2681 καὶ
1334 2647 1381 2682 εἷς
1398 2646 1604 2692 Ἀσσυρίους
1626 2647 1803 2692 ἐπορεύετο
1827 2648 1869 2682 Β.

305 2688 397 2723 Edd.
446 2690 594 2725 Verba
578 2706 708 2737 εγενετο
725 2692 1015 2737 γὰρ-ἐπορεύετο
1034 2693 1159 2738 scripta
1181 2699 1263 2727 sunt
1288 2694 1324 2727 in
1344 2693 1384 2727 B.
1404 2705 1423 2727 a
1439 2705 1547 2728 manu
1569 2694 1704 2728 diversa
1721 2706 1870 2729 vacuum

306 2737 500 2779 supplente.
657 2742 794 2783 9-701311
812 2739 857 2773 D.
876 2740 916 2782 δὴ
936 2739 1026 2773 Edd.
1073 2755 1214 2784 μαναειμ
1235 2740 1281 2774 D.
1300 2739 1435 2784 Μαναιμ
1453 2740 1543 2774 Edd.
1679 2752 1731 2775 10.
1756 2742 1871 2785 φουλὰ

308 2781 354 2814 Ι).
373 2781 479 2825 (XI.)
497 2783 629 2826 φούλας
648 2785 688 2818 Β.
706 2785 819 2830 φύλας
836 2786 1026 2821 Aubertus.
1333 2798 1386 2821 11.
1411 2787 1510 2821 αὐτὸν
1527 2793 1744 2832 assumptum
1763 2799 1804 2822 ex
1822 2787 1869 2821 D.

312 2838 364 2860 12.
383 2828 500 2883 τοῦτό]
519 2833 649 2864 τοιοῦτό
668 2831 757 2865 Edd.
807 2833 842 2866 δέ
861 2844 930 2866 0111.
944 2833 991 2867 D.
1149 2844 1200 2878 13.
1222 2833 1261 2877 δὴ
1280 2840 1500 2878 assumptum
1515 2845 1554 2867 ex
1570 2834 1663 2868 B.D.
1710 2833 1871 2878 ῥομελίου

309 2873 356 2906 D.
373 2873 538 2917 ῥωμελὶου
556 2877 645 2911 Edd.
665 2884 742 2912 ante
761 2878 893 2923 Migne.
1020 2890 1072 2921 14.
1095 2895 1161 2924 συρ
1165 2881 1221 2914 ίων
1240 2880 1283 2913 D.
1303 2880 1421 2925 Συρίας
1440 2880 1530 2914 Edd.
1644 2890 1697 2925 15.
1719 2880 1807 2925 ἅχαζ
1823 2880 1870 2914 D.

307 2920 417 2963 ι’ίχατζ
431 2920 522 2954 Edd.
667 2934 719 2968 17.
739 2927 809 2960 τοῖς
826 2925 1060 2970 ἱεροσολύμοις
1079 2926 1124 2960 D.
1142 2927 1230 2973 αυτῷ
1249 2926 1340 2961 Edd.
1512 2927 1564 2961 18.
1588 2928 1669 2961 κατὰ
1688 2930 1806 2971 κράτος
1825 2927 1871 2962 D.

309 2968 512 3009 κατακράτος
529 2967 618 3002 Fdd.
667 2972 773 3004 αυτῶν
792 2971 837 3005 D.
955 2984 1007 3017 19.
1031 2974 1089 3006 τὸν
1106 2979 1324 3018 assumptum
1342 2985 1382 3007 ex
1403 2973 1447 3007 D.
1570 2984 1625 3007 21.
1652 2974 1729 3008 Hoc
1745 2973 1871 3008 Ἰούδας

309 3014 451 3046 accessit
467 3025 508 3048 ex
527 3013 571 3047 D.
838 3017 936 3062 hmo
954 3021 1024 3062 ἤτοι
1046 3019 1089 3053 Ι).
