2021 3434
308 237 387 276 112
692 237 739 276 B.
783 237 1057 276 CYRILLI
1099 238 1474 277 ALEXANDR.
1724 238 1867 289 iv.15.

304 344 433 394 ἀλλά
471 347 545 395 καὶ
580 345 715 398 αὐτὸς
748 353 766 397 ὁ
800 350 914 401 λαός
947 353 964 397 ὁ
998 346 1156 405 συνιῶν,
1184 347 1443 408 τουτέστιν,
1472 349 1496 397 ὁ
1528 346 1613 409 τὴν
1647 349 1695 397 ἐκ
1728 347 1869 409 νόμου

303 425 498 476 σύνεσιν
523 426 588 476 ε”τι
613 426 778 493 σώζειν
798 427 1154 494 ὑποκρινόμενος
1180 428 1522 479 συνανεπλὲκετο
1541 428 1676 501 πόρνῃ.
1719 451 1870 494 προσ-

264 532 285 558 c
303 506 584 570 κεκυνήκασι
609 506 714 574 γὰρ,
743 511 804 563 ὡς
830 509 962 578 ἔφην,
982 513 1039 578 τῇ
1058 509 1320 578 Ἀστάρτῃ.
1390 514 1619 574 Σολομῶν
1645 508 1736 576 γὰρ
1756 511 1872 577 αὐτῇ

83 600 199 640 3Reg.
302 589 489 651 τέμενος
515 590 795 654 ἀνεδείματο,
822 591 1062 659 μαχλώσῃ
1101 615 1149 643 τε
1189 595 1263 642 καὶ
1302 592 1568 661 ἀλλοφύλῳ
1598 594 1780 658 γυναικὶ
1814 591 1872 642 τὰ

82 654 125 673 Μ’
145 654 172 683 5’
192 643 222 674 6.
301 671 613 737 κεχαρισμένα
637 677 850 739 πληρῶν.
1893 693 1913 728 5

236 898 279 935 15
301 884 358 925 Σὺ
386 884 619 941 δὲἸσραέιλ
645 887 700 934 μή
729 887 883 936 ἀΓνόει,
914 888 978 928 καί
1001 888 1140 928 Ἰούδα
1168 888 1223 936 μὴ
1252 887 1549 944 εἰσπορεύεῡθε
1575 886 1634 929 εἰς
1663 888 1869 939 ΓάΛι-αλα,

367 971 435 1008 καὶ
461 968 516 1016 μὴ
548 969 799 1020 ἀναβαίνετε
833 969 892 1011 eie
926 971 996 1013 τὸν
1033 968 1148 1012 οἶκον
1185 977 1257 1013 τῆς
1296 972 1473 1022 ἀδικίας,
1502 972 1569 1012 καὶ
1607 972 1661 1020 μὴ
1694 973 1870 1021 ὀμνύετε
2016 987 2021 1026 f

365 1052 498 1109 ζῶντα
527 1053 689 1111 Κύριον.

363 1175 527 1246 ’Έφην
564 1179 651 1244 ἤδη
689 1180 980 1239 πλειστάκις,
1022 1180 1092 1232 ὅτι
1131 1180 1214 1235 τὰς
1244 1180 1328 1243 μὲν
1363 1181 1471 1232 δέκα
1510 1179 1666 1250 φυλὰς
1704 1179 1787 1233 τὰς
1825 1182 1872 1230 ἐν

299 1263 356 1327 τῇ
403 1262 655 1330 Σαμαρείᾳ,
700 1266 793 1313 τῶν
833 1266 1092 1331 προφητῶν
1132 1267 1172 1313 οἱ
1222 1262 1359 1328 λόγοι
1404 1268 1632 1314 καλοῦσιν
1672 1263 1867 1332 Ἰσραήλ·
1895 1284 1940 1308 10

254 1339 462 1394 <1⁷1onch
496 1343 643 1408 γεμὴν
681 1345 758 1394 καὶ
799 1350 998 1413 Βενιαμὶν
1040 1345 1138 1396 ἔσθ’
1165 1345 1246 1416 Ιὅτε
1285 1345 1367 1399 τὰς
1405 1347 1453 1396 ἐν
1486 1351 1580 1399 τοῖς
1605 1345 1871 1412 Ἱεροσολύ-

297 1447 400 1488 μοις
426 1425 507 1475 δύο
533 1425 705 1494 φυλὰς,
725 1425 810 1490 τήν
829 1449 878 1477 τε
903 1427 1152 1478 τοῦἸούδα
1172 1429 1306 1496 φημὶ,
1327 1431 1402 1478 καὶ
1427 1426 1511 1492 τὴν
1535 1433 1617 1478 τοῦ
1640 1428 1869 1490 Βενιαμίν.

297 1506 459 1572 γέγονε
494 1508 648 1558 τοίνυν
682 1510 786 1574 περὶ
821 1510 998 1576 ἀμφοῖν
1033 1514 1095 1564 εἰς
1133 1508 1187 1560 τὸ
1224 1509 1376 1576 παρὸν
1397 1511 1438 1560 ,ὁ
1480 1509 1634 1576 λόγος,
1674 1511 1748 1573 καὶ
1786 1508 1871 1573 τὴν

298 1589 514 1655 ἑκατέρας
539 1589 751 1654 πληθύος
776 1591 1026 1659 ἀπελέγχει
1058 1591 1215 1644 νόσον.
1281 1591 1363 1642 θέα
1388 1591 1480 1658 γὰρ
1509 1591 1634 1644 ὅπως
1660 1613 1864 1642 κατονει-

299 1670 404 1737 δίζει
440 1670 523 1722 τὸν
557 1672 758 1739 Ἰσραήλ
798 1676 859 1727 ὡς
904 1673 1131 1725 ἀσύνετον
1174 1677 1338 1737 κομιδῆ
1383 1676 1457 1724 καὶ
1502 1674 1870 1739 ὀλιγογνιόμονα,
1894 1692 1939 1730 15

298 1753 515 1821 ταύτῃτοι
547 1753 774 1821 γεγονότα
805 1757 880 1806 καὶ
910 1756 1198 1821 ἀποστάτην,
1227 1755 1352 1822 ε’ίπερ
1378 1756 1632 1810 ἀσυνεσίας
1657 1755 1871 1821 ἔγκλημα

297 1838 380 1899 τῆς
403 1835 607 1904 ἐσχάτης
633 1841 765 1888 νοοῖτ’
788 1835 845 1888 ἀν
870 1837 1065 1902 εἰκότως,
1091 1838 1144 1890 τὸ
1168 1843 1267 1892 ταῖς
1290 1843 1383 1889 τῶν
1409 1838 1615 1889 εἰδώλων
1640 1837 1872 1904 λατρείαις

297 1923 611 1984 προσκεῖσθαι
637 1924 806 1987 φιλεῖν,
822 1922 896 1970 καὶ
920 1923 1000 1984 τῆς
1026 1924 1088 1975 εἰς
1105 1919 1229 1972 Θεὸν
1248 1920 1434 1986 ἀγάπης
1454 1919 1870 1988 ἀπονοσφίζεσθαι.

298 2002 514 2064 σημαίνει
537 2001 593 2065 δὴ
619 2002 699 2052 οὖν
724 2001 882 2053 ἐνθάδε
920 2002 974 2053 τὸ
1010 2001 1071 2071 ιιῆ
1103 2004 1259 2069 ἀγνόει,
1285 2003 1353 2066 τὸ,
1374 2002 1438 2067 μὴ
1463 2003 1547 2054 ε”σο
1569 2001 1736 2069 μωρὸς,
1757 1999 1871 2066 μηδὲ

260 2112 281 2138 e
298 2086 381 2147 τῆς
424 2087 485 2137 εἰς
526 2084 665 2152 λῆξιν
713 2083 918 2148 ἡκούσης
964 2087 1217 2139 ἀσυνεσίας
1266 2086 1491 2149 ἔμπλεως.
1574 2083 1778 2151 ἐντρέπει
1823 2082 1870 2134 δὲ
1892 2108 1940 2132 20

297 2164 443 2216 πάλιν
478 2168 551 2216 καὶ
583 2164 689 2220 τοὺς
723 2168 770 2217 ἐν
805 2171 899 2221 τοῖς
928 2168 1288 2234 Ἱεροσολύμοις,
1324 2169 1537 2219 τουτέστι
1567 2166 1649 2219 τὸν
1676 2167 1870 2229 Ἰούδαν,

297 2249 359 2301 ὡς
386 2248 635 2314 ὑποκριτὴν
666 2251 740 2299 καὶ
775 2250 976 2303 ἀνοσίως
1010 2250 1268 2317 ὑβρίζοντα,
1299 2250 1374 2301 διά
1405 2273 1458 2316 γε
1490 2256 1572 2301 τοῦ
1598 2251 1774 2311 βαίνειν
1800 2252 1868 2301 ἐπ’

78 2337 221 2412 ξέἶϋθὲἑι
297 2330 455 2399 ἄμφω,
482 2335 672 2393 μᾶλλον
696 2330 744 2382 δὲ
769 2331 990 2398 χωλεύειν
1013 2334 1080 2384 ἐπ’
1104 2332 1388 2401 ἀμφοτέραις
1412 2337 1511 2385 ταῖς
1539 2332 1727 2398 ἰγνύαις,
1753 2331 1871 2383 κατὰ

161 2406 166 2412 ’
230 2407 236 2413 ’
294 2411 380 2476 τὴν
404 2419 486 2464 τοῦ
512 2414 758 2482 προφήτου
783 2414 957 2482 φωνήν.
1011 2414 1330 2466 ὑπεπλάττετο
1360 2414 1443 2479 μὲν
1468 2413 1561 2481 γὰρ
1595 2415 1870 2479 ἐπιτηδεύειν

295 2517 343 2544 τε
381 2497 456 2545 καὶ
490 2498 682 2562 ἀγαπᾶν
716 2495 799 2561 τὴν
834 2501 895 2550 εἰς
920 2496 1043 2548 Θεὸν
1075 2497 1328 2560 εὐσέβειαν,
1355 2499 1430 2548 καὶ
1461 2497 1545 2552 τὰς
1578 2496 1696 2548 κατὰ
1726 2496 1869 2562 νόμον
1890 2517 1937 2555 25
1987 2509 1988 2517 ¹

297 2577 460 2631 θυσίας
490 2578 645 2629 ἐτέλει·
686 2578 968 2644 ἀπήλλακτο
1003 2579 1052 2630 δὲ
1091 2581 1303 2643 οὐδαμῶς
1329 2585 1412 2630 τοῦ
1450 2582 1526 2630 καὶ
1564 2580 1716 2633 αὐτοῖς
1741 2581 1867 2631 ἐπεί-

89 2671 145 2706 79
167 2671 217 2705 A.
260 2682 282 2706 a
297 2662 467 2722 γεσθαι
490 2665 586 2714 τοῖς
611 2663 860 2725 δαιμονίοις
884 2666 1177 2728 προσκυνεῖν,
1198 2666 1235 2713 εἰ
1261 2665 1336 2713 καὶ
1362 2660 1427 2726 μὴ
1453 2661 1562 2712 λίαν
1587 2662 1869 2731 ἀναφανδὸν,

298 2740 407 2791 ἀλλ’
436 2743 516 2792 οὖν
550 2745 868 2810 κεκρυμμένως
903 2748 977 2795 καὶ
1008 2743 1290 2810 λεληθότως.
1359 2747 1434 2795 καὶ
1458 2749 1572 2810 γοῦν
1599 2745 1623 2794 ὁ
1647 2742 1871 2811 μακάριος

345 2909 376 2932 2.
404 2900 629 2942 συμπλέκεται
650 2903 694 2937 D.
860 2917 892 2946 4.
918 2905 1039 2950 μάχλῳ
1056 2905 1091 2938 τέ
1111 2904 1156 2939 D.
1358 2915 1409 2938 12.
1435 2917 1471 2938 τε
1489 2909 1521 2938 et
1539 2903 1597 2946 τὴν
1613 2904 1672 2938 alt.
1690 2909 1868 2948 assumpta

296 2956 337 2978 ex
357 2945 448 2979 B.D.
548 2948 600 2981 16.
626 2964 677 2983 τοι
694 2962 763 2984 om.
780 2951 826 2984 D.
874 2951 1056 2987 ἀσυνεσίας
1072 2952 1137 2996 γὰρ
1156 2963 1218 2996 pro
1235 2949 1327 2994 εἴπερ
1344 2951 1526 2986 ἀσυνεσίας
1544 2950 1590 2984 D.
1689 2961 1742 2995 17.
1770 2950 1867 2984 Haec

294 2993 352 3034 τῆς
370 2991 517 3036 ἐσχάτης
534 3003 752 3030 accesserunt
769 3009 810 3030 ex
829 2997 875 3031 D.
1225 3009 1277 3042 19.
1303 2998 1342 3041 δὴ
1361 3009 1430 3032 om.
1451 2998 1496 3031 D.
1545 2998 1584 3032 τὸ
1602 2998 1661 3032 alb.
1680 3008 1750 3032 om.
1769 2997 1810 3031 B.
1829 2996 1864 3031 b.

296 3049 350 3080 24.
376 3039 608 3074 ὑπεπλάττετο
628 3042 672 3075 D.
692 3043 875 3077 ἐπλάττετο
894 3044 983 3078 Edd.
