2021 3434
108 229 218 280 iv.1,
244 244 280 272 2.
484 231 558 272 IN
609 231 994 272 MICHAEAM.
1057 230 1207 272 TOM.
1247 230 1307 270 II.
1601 230 1684 269 637

175 348 234 391 εἷς
266 349 315 392 τὸ
351 349 452 408 ὄρος
487 351 649 408 Κυρίου,
686 352 753 393 καὶ
791 350 850 393 εἷς
887 353 960 394 τὸν
999 349 1115 393 οἶκον
1153 355 1226 394 τοῦ
1265 351 1374 392 Θεοῦ
1409 349 1576 398 Ἰακὼβ,
1617 348 1684 388 καὶ

175 433 383 476 δείξουσιν
422 433 519 483 ἡμῖν
551 436 628 476 τήν
661 435 764 478 ὁδόν
791 436 934 487 αὐτοῦ,
962 436 1029 476 καὶ
1066 436 1362 492 Πορευοόμεθα
1401 434 1444 474 ὲν
1470 430 1562 474 ταῖς
1599 431 1685 487 τρί-
1704 434 1730 473 b

177 525 264 565 βοιε
291 517 434 561 αὐτοῦ.

184 665 352 733 Σαφὴς
377 667 425 716 ἐν
450 667 629 721 τούτοις
655 669 818 734 ὁρᾶται
845 666 1014 718 λοιπὸν
1039 670 1121 730 τῆς
1147 667 1204 734 ἐξ
1227 668 1372 716 ἐθνῶν
1398 665 1688 727 Ἐκκλησίας

66 767 89 805 5
109 747 137 811 ἡ
161 747 517 813 προαγόρευσις.
580 750 629 799 ἐκ
666 749 815 812 μέσου
853 749 902 800 δὲ
941 748 1104 814 ὥσπερ
1131 749 1437 813 γεγενημένου
1463 751 1546 796 τοῦ
1572 746 1690 796 κατὰ

109 829 267 894 σάρκα
289 829 504 895 Ἰσραὴλ,
525 834 600 880 καὶ
626 835 804 881 θυσιῶν
828 831 1135 893 πεπαυμένων
1160 835 1253 880 τῶν
1281 828 1400 880 κατὰ
1425 828 1507 878 τὸν
1533 827 1690 889 νόμον,

110 912 375 977 ἠρεμούσης
413 910 463 962 δὲ
501 915 576 963 καὶ
615 913 868 978 ἱερωσύνης
907 916 990 977 τῆς
1027 914 1083 981 ἐξ
1118 913 1310 973 αἵματος
1349 916 1432 961 τοῦ
1459 910 1585 971 Λευῒ,
1618 912 1692 959 καὶ

111 995 251 1044 αὐτοῦ
290 993 338 1044 δὲ
376 994 544 1045 λοιπὸν
583 1001 665 1045 τοῦ
704 994 955 1059 διαβοήτου
1000 993 1438 1059 κατεμπρησθέντος
1480 990 1579 1053 νεὼ,
1619 992 1694 1040 καὶ

111 1079 192 1138 τῆς
225 1075 540 1141 Ἰερουσαλὴμ
577 1077 909 1144 καθῃρημένης,
949 1076 1178 1144 ἀνέδειξεν
1214 1077 1238 1126 ὁ
1271 1074 1486 1140 Χριστὸς
1524 1073 1608 1136 τὴν
1642 1073 1699 1141 ἐξ

46 1178 92 1202 10
113 1159 258 1208 ἐθνῶν
283 1159 591 1222 Ἐκκλησίαν,
619 1162 693 1209 καὶ
736 1161 797 1211 ὡς
832 1161 880 1209 ἐν
919 1159 1102 1227 λοίσθῳ
1143 1160 1299 1226 καιρῷ,
1339 1156 1582 1207 τουτέστιν
1621 1157 1733 1206 ἐπὶο

112 1241 356 1309 συντελείᾳ
394 1246 476 1290 τοῦ
515 1244 678 1293 αἰῶνος
716 1240 898 1291 τούτου·
947 1240 1051 1291 τότε
1092 1239 1184 1305 γὰρ
1218 1239 1383 1304 γέγονε
1419 1239 1519 1288 καθ’
1556 1238 1691 1301 ἡμὰς.

114 1325 201 1389 ἔρος
239 1322 296 1386 δὴ
324 1323 404 1373 οῦν
428 1323 638 1389 ὀνομάζει
677 1323 762 1387 τὴν
787 1323 1095 1387 Ἐκκλησίαν,
1127 1323 1225 1387 ἥτις
1260 1324 1390 1372 ἐστὶν
1422 1318 1545 1373 οἶκος
1573 1324 1696 1370 Θεοῦ

114 1406 298 1471 ζῶντος·
366 1404 558 1474 ὑψηλὸν
584 1404 644 1468 δὲ,
673 1405 743 1456 ὅτι
777 1404 1028 1472 χθαμαλὸν
1053 1406 1102 1455 ἐν
1128 1405 1244 1471 αὐτῇ
1276 1407 1521 1455 παντελῶς
1547 1401 1693 1452 οὐδέν·

114 1488 224 1537 ἀλλ’
255 1486 430 1552 α’ίρεται
468 1486 552 1549 μὲν
579 1489 705 1555 ὑψοῦ
743 1492 837 1537 τῶν
862 1490 968 1552 περὶ
995 1490 1119 1537 Θεοῦ
1158 1485 1408 1550 δογμάτων
1441 1486 1469 1549 ἡ
1507 1488 1699 1550 γνῶσις,

1757 1314 1804 1344 Cf.
1815 1323 1825 1343 1
1833 1314 1904 1343 Tim
1911 1338 1917 1344 .

1758 1358 1806 1389 iii.
1825 1367 1872 1397 ¹5·

49 1598 94 1635 15
116 1568 372 1636 ἀνῴκισται.
398 1569 445 1620 δὲ
472 1572 547 1620 καὶ
573 1568 711 1622 αὐτὸς
738 1571 763 1620 ὁ
790 1570 892 1629 βίος
918 1572 1012 1619 τῶν
1039 1571 1086 1619 ἐν
1112 1571 1311 1636 Χριστῷ
1338 1567 1700 1630 δεδικαιωμένων

116 1653 191 1702 καὶ
230 1651 529 1716 ἡγιασμένων
568 1653 616 1702 ἐν
655 1651 910 1714 Πνεύματι.
979 1653 1031 1701 οὐ
1069 1650 1161 1716 γάρ
1200 1651 1330 1700 ἐστιν
1368 1651 1415 1700 ἐν
1453 1650 1607 1701 αὐτοῖς
1644 1646 1699 1699 τὸ

116 1734 396 1801 χαμαιριφὲς
431 1736 507 1784 καὶ
541 1734 867 1798 πεπατημένον
905 1737 968 1786 εἰς
1008 1731 1140 1798 ζωὴν,
1177 1731 1387 1797 καθάπερ
1426 1731 1585 1794 ἀμέλει
1625 1732 1700 1780 καὶ

115 1816 188 1865 ἐπὶ
225 1820 320 1866 τῶν
357 1817 406 1867 ἐκ
441 1819 694 1882 περιτομῆς
729 1818 904 1866 κατίδοι
939 1838 1007 1869 τις
1046 1814 1117 1866 ἄν.
1180 1817 1222 1864 οἱ
1259 1813 1342 1876 μὲν
1374 1812 1467 1879 γὰρ
1502 1813 1747 1877 ἤττηντοᾶ

0 1897 3 1974 k
118 1899 438 1964 φιλοσαρκίας
469 1900 543 1949 καὶ
570 1897 831 1962 λημμάτων
858 1900 1083 1964 αἰσχρῶν,
1112 1897 1369 1960 ἡλίσκοντο
1395 1895 1442 1945 δὲ
1469 1900 1703 1962 φονῶντες

51 2002 99 2026 20
118 1979 299 2040 ἀδίκως,
347 1981 595 2032 πλείσταις
639 2002 689 2030 τε
740 1979 876 2031 ὅσαις
920 1979 1092 2044 ἑτέραις
1139 1977 1480 2041 πλημμελείαις
1535 1976 1700 2043 ἔνοχοι·

119 2069 146 2091 “
173 2065 237 2112 Οἱ
268 2061 316 2112 δὲ
351 2067 435 2112 τοῦ
459 2063 621 2125 Ἰησοῦ
645 2064 876 2126 Χριστοῦ,
910 2061 1031 2111 καθά
1064 2065 1215 2128 φησιν
1242 2060 1266 2109 ὁ
1293 2058 1544 2111 θεσπέσιος
1574 2062 1703 2109 Παῦ-
1764 2068 1880 2098 Gal.v.

1768 2122 1781 2143 2
1810 2137 1816 2142 .

120 2150 148 2173 ‘⁶
174 2151 273 2206 λος,
297 2143 384 2207 τὴν
417 2144 576 2209 σάρκα
614 2144 924 2209 ἐσταύρωσαν
958 2141 1050 2193 σὺν
1080 2146 1175 2195 τοῖς
1208 2140 1460 2204 παθήμασι
1491 2142 1566 2191 καὶ
1604 2145 1704 2194 ταῖς
1786 2123 1806 2151 4

121 2233 148 2255 “
175 2226 481 2287 ἐπιθυμίαις.”
522 2225 814 2288 μεμισήκασι
842 2224 888 2275 δὲ
914 2226 1034 2275 οὕτω
1055 2223 1108 2274 τὸ
1129 2226 1296 2290 χρῆναι
1320 2227 1555 2284 πλουτεῖν,
1583 2220 1705 2272 ὥστε

1346 2305 1366 2321 2!

6 2228 14 2366 ι
121 2310 197 2358 καὶ
230 2306 616 2373 ἀνακεκραγότων
650 2309 698 2357 ἐκ
736 2306 1002 2373 παῤῥησίας
1041 2305 1190 2356 ε’παΐοι
1228 2328 1297 2358 τις
1333 2328 1390 2355 αν
1433 2302 1705 2371 (ς”Εχοντες
1767 2313 1926 2387 {Tim-*³1-

0 2369 17 2482 ,ίὶ
56 2408 103 2443 25
123 2396 149 2419 “
176 2388 433 2458 διατροφὰς
461 2392 533 2440 καὶ
561 2388 896 2451 σκεπάσματα,
921 2388 1098 2440 τούτοις
1124 2386 1531 2453 ἀρκεσθησόμεθα.
1593 2391 1634 2438 οἱ
1659 2387 1706 2438 δὲ
1789 2368 1828 2398 ’9

124 2479 151 2502 “
176 2470 457 2535 βουλόμενοι
490 2476 714 2523 πλουτεῖν
740 2472 1053 2533 ἐμπίπτουσιν
1080 2475 1141 2522 εἰς
1170 2469 1433 2534 πειρασμὸν
1460 2472 1534 2520 καὶ
1566 2471 1707 2534 παγί-

178 2670 208 2693 1.
232 2658 371 2705 Ἰακὼβ]
391 2659 483 2703 ἡμῶν
501 2660 543 2693 Β.
563 2660 676 2705 (153.)
694 2659 738 2694 cf.
756 2659 856 2693 infra.
1026 2670 1057 2692 2.
1083 2658 1118 2692 ἐν
1134 2660 1206 2693 ταῖς
1221 2658 1353 2702 τρίβοις
1369 2656 1487 2703 αὐτοῦ]
1509 2658 1545 2692 ἐν
1560 2659 1642 2702 αὐτῇ
1662 2658 1705 2692 Β.

125 2705 170 2740 cf.
187 2706 278 2739 infra
294 2712 327 2740 et
344 2707 381 2740 in
398 2707 458 2740 Es.
479 2707 560 2749 842.
578 2719 609 2740 a.
755 2720 787 2748 4.
815 2704 1012 2750 ἐκκλησίας]
1034 2706 1201 2749 σωτηρίας
1218 2706 1262 2739 A.
1397 2715 1431 2749 5.
1456 2704 1510 2750 δὲ]
1529 2706 1594 2750 γὰρ
1613 2704 1705 2739 Edd.

125 2753 242 2786 invitis
261 2753 349 2787 A.B.
401 2754 524 2787 Statim
543 2755 603 2787 τοῦ
619 2767 694 2798 γεγ.
713 2765 775 2797 pro
793 2754 909 2795 ὥσπερ
927 2767 1000 2796 γεγ.
1019 2754 1079 2785 τοῦ
1096 2753 1140 2786 Α.
1330 2760 1361 2796 7.
1387 2752 1439 2785 καὶ
1457 2753 1554 2796 prius
1572 2764 1642 2786 orn.
1660 2754 1705 2787 A.

129 2810 182 2844 13.
205 2800 383 2844 χθαμαλὸν
399 2800 434 2834 ἐν
450 2801 532 2844 αὐτῇ
550 2802 722 2834 παντελῶς
739 2801 783 2833 Α.
800 2802 972 2833 παντελῶς
990 2805 1068 2832 ante
1084 2799 1141 2843 χθ.
1159 2805 1291 2843 tranSp.
1311 2798 1405 2832 Edd.
1504 2809 1557 2840 14.
1583 2798 1602 2841 ἡ
1620 2802 1706 2843 γνῶ-

125 2860 181 2881 σις
198 2846 288 2880 Α.Β.
306 2849 346 2890 τῇ
365 2849 491 2892 γνώσει
509 2846 602 2880 Edd.
811 2856 863 2890 17.
890 2844 990 2890 ζωὴν]
1011 2846 1094 2887 ζῶον
1112 2845 1203 2879 Edd.
1424 2845 1477 2878 18.
1504 2845 1644 2889 ἥττηντο
1663 2846 1706 2879 Β.

125 2893 281 2936 ἥττηνται
300 2893 391 2927 Edd.
545 2904 598 2937 19.
623 2907 658 2926 τε
676 2904 739 2938 pro
757 2892 794 2926 δέ
812 2893 855 2926 A.
1017 2903 1071 2926 20.
1097 2891 1213 2938 ὅσαις]
1237 2895 1274 2932 -4-
1297 2892 1350 2925 καὶ
1368 2890 1459 2926 Edd.
1479 2891 1596 2926 invitis
1614 2892 1707 2927 A.B.

128 2950 184 2973 21.
209 2942 361 2995 Χριστοῦ
377 2939 492 2983 Ἰησοῦ
510 2940 581 2974 inv.
600 2939 722 2974 ordine
740 2939 784 2973 Β.
834 2939 941 2973 καθώς
959 2938 1051 2972 Edd.
1308 2949 1363 2983 23.
1390 2940 1428 2972 τὸ
1447 2938 1543 2972 deest
1558 2939 1594 2972 in
1615 2939 1707 2973 Edd.

125 2996 184 3028 24.
209 2986 318 3020 ἐπαιοι
335 3001 386 3022 τις
403 2987 442 3020 ι’ίν
460 2998 530 3021 om.
549 2988 592 3020 A.
738 2996 792 3030 25.
819 2984 1022 3030 διατροφὰς]
1043 2986 1078 3019 δέ
1099 2985 1230 3030 τροφὰς
1248 2986 1291 3019 Α.
1437 2985 1492 3020 26.
1517 2986 1645 3030 παγίδα
1665 2985 1707 3020 Β.

127 3032 236 3066 invito
253 3034 296 3066 A.
348 3033 474 3068 Statim
491 3035 550 3067 τοῦ
568 3033 734 3071 διαβόλου
752 3031 832 3066 add.
854 3032 896 3066 B.

186 3104 277 3131 vm„
302 3105 330 3131 Ι.
896 3104 923 3142 4
944 3103 966 3129 P
