2021 3434
269 183 352 223 498
656 187 707 227 B.
753 187 1026 229 CYRILLI
1067 189 1445 230 ALEXANDR.
1651 189 1721 229 vii.
1749 199 1841 242 1-3,

52 302 139 336 324
152 300 200 334 A·
232 300 298 333 a«
324 294 505 360 ἡμερῶν
539 300 632 346 τῶν
669 297 936 363 ἔμπροσθεν
975 299 1049 351 διὰ
1086 300 1240 368 χειρὸς
1277 306 1370 352 τῶν
1408 300 1590 352 δούλων
1625 324 1715 364 μου
1748 305 1843 351 τῶν

272 382 299 404 “
323 380 581 443 προφητῶν
615 384 697 429 τοῦ
721 380 935 446 Ἰσραὴλ,
962 383 1010 432 ἐν
1036 388 1136 436 ταῖς
1166 383 1354 449 ἡμέραις
1380 383 1567 436 ἐκείναις
1597 385 1671 433 καὶ
1698 382 1840 439 ἔτεσι,

271 463 299 485 “
323 462 405 507 τοῦ
432 459 624 523 ἀγαγεῖν
650 483 707 511 σε
734 462 802 512 ἐπ’
831 463 1043 516 αὐτούς.”
1108 463 1286 518 ἀκούεις
1321 464 1446 517 ὅπως
1479 462 1632 526 αὐτὸν,
1659 466 1734 514 καὶ
1759 464 1846 530 οὐχ

270 535 426 603 ἕτερον
460 537 578 590 εἶναί
604 546 766 609 φησιν,
795 543 848 594 ὃν
886 544 1115 609 ἠπείλησε
1150 545 1226 597 διὰ
1262 550 1520 614 προφητῶν
1558 545 1704 610 ἁγίων
1741 548 1842 597 ε’πι-

271 619 426 689 φέρειν
477 627 572 677 τοῖς
622 624 679 692 ἐξ
725 624 960 692 Ἰσραήλ;
1020 627 1090 678 ὅτι
1141 629 1189 678 δὲ
1243 626 1326 682 τὰς
1376 631 1459 692 τῆς
1502 628 1846 693 ἀθυροστομίας
1866 645 1888 683 5

268 700 486 770 ἐξῄτηται
514 705 654 769 δίκας,
681 709 755 757 καὶ
790 707 1040 774 κρατήσειν
1067 709 1323 770 ὑπολαβὼν
1349 709 1585 774 ἀδοκήτως
1610 708 1847 777 ἀνῄρηται,

271 787 346 834 καὶ
385 784 626 838 πέπτωκεν
665 790 712 838 ἐν
763 793 820 857 τῇ
866 794 929 858 γῇ
972 797 1054 842 τοῦ
1091 791 1305 858 Ἰσραὴλ,
1344 791 1491 843 πάλιν
1531 790 1662 845 εὐθὺς
1703 813 1845 841 κατα-

52 872 152 947 ἓξὲξ
274 869 490 931 σημαίνει
532 869 687 935 λέγων
722 878 748 901 “
771 873 863 922 Καὶ
902 872 966 924 σὺ
1005 873 1069 924 υἱὲ
1110 873 1358 940 ἀνθρώπου
1399 872 1732 941 προφήτευσον
1776 874 1849 924 ἐπὶ

57 969 126 1000 ¹'5'
272 956 298 978 ‘⁶
325 948 436 1015 Γὼγ
474 954 548 1002 Καὶ
591 954 703 1017 ἐρεῖς
739 954 863 1004 Τάδε
899 954 1025 1020 λέγει
1067 956 1238 1022 Κύριος
1279 955 1451 1022 Κύριος
1484 954 1606 1006 Ἰδοὺ
1646 953 1738 1019 ἐγὼ
1775 955 1848 1005 ἐπὶ

271 1037 299 1060 ‘c
368 1029 380 1047 Χ
471 1032 483 1047 Χ
579 1034 601 1050 ³!
803 1036 813 1051 t
1022 1037 1036 1052 Χ
1175 1040 1188 1056 x
1349 1038 1360 1055 ἱ
1507 1041 1519 1055 N
1670 1036 1682 1051 f

324 1053 381 1081 σε
420 1035 531 1098 Γωγ
567 1057 773 1102 αρχοντα
820 1039 1077 1105 Ροσμεσοχ
1115 1061 1191 1088 και
1230 1041 1409 1101 Θοβελ,
1447 1061 1520 1089 και
1559 1037 1753 1105 συναξω
1791 1059 1849 1086 σε
1873 1056 1919 1081 10

271 1120 298 1142 ‘⁶
324 1116 398 1164 καὶ
425 1115 737 1181 καθοδηγήσω
771 1140 829 1168 σε
868 1121 943 1169 καὶ
976 1120 1257 1181 ἀναβιβάσω
1281 1143 1338 1171 σε
1365 1119 1434 1171 ἐπ’
1461 1119 1665 1187 ἐσχάτου
1699 1120 1850 1186 βοῤῥᾶ

226 1205 252 1245 b
271 1201 298 1224 ‘⁶
324 1198 398 1246 καὶ
424 1196 524 1265 ἄξω
548 1220 606 1248 σε
637 1200 709 1250 ἐπὶ
741 1199 800 1250 τὰ
834 1199 918 1266 ὅρη
945 1206 1027 1252 τοῦ
1052 1199 1264 1267 Ἰσραὴλ,
1292 1203 1367 1253 καὶ
1401 1203 1566 1253 ἀπολῶ
1595 1201 1736 1270 τόξον
1759 1223 1850 1251 σου

271 1284 297 1306 “
324 1278 417 1329 ἀπὸ
442 1282 524 1343 τῆς
548 1280 700 1348 χειρὸς
733 1284 815 1345 τῆς
850 1284 1099 1350 ἀριστερᾶς
1136 1306 1227 1334 σου
1265 1287 1340 1335 καὶ
1379 1283 1438 1334 τὰ
1468 1282 1734 1353 τοξεύματά
1759 1305 1850 1333 σου

271 1367 299 1389 “
324 1360 418 1412 ἀπὸ
449 1364 530 1425 τῆς
564 1362 716 1429 χειρὸς
753 1366 836 1428 τῆς
870 1364 1023 1433 δεξιᾶς
1061 1388 1168 1428 σου,
1198 1368 1273 1417 καὶ
1308 1370 1567 1426 καταβαλῶ
1601 1388 1658 1416 σε
1693 1366 1767 1416 ἐπὶ
1791 1363 1850 1416 τὰ

271 1449 299 1471 “
325 1442 410 1508 ὅρη
437 1449 520 1494 τοῦ
547 1444 763 1510 Ἰσραὴλ,
790 1448 864 1496 καὶ
895 1447 1044 1515 πέσῃς
1070 1447 1133 1498 σὺ
1159 1450 1234 1498 καὶ
1263 1448 1432 1501 πάντες
1464 1452 1506 1499 οἱ
1536 1449 1641 1513 περὶ
1675 1446 1745 1509 σὲ,
1773 1448 1848 1497 καὶ
1872 1465 1918 1504 15

271 1531 297 1553 “
322 1524 380 1575 τὰ
415 1525 524 1590 ἔθνη
559 1526 617 1577 τὰ
654 1529 759 1593 περὶ
800 1528 857 1579 σὲ
898 1528 1179 1594 δοθήσονται
1224 1534 1286 1584 εἷς
1323 1533 1507 1594 πλῆθος
1549 1530 1733 1597 ὀρνέων·
1775 1533 1850 1581 καὶ

269 1613 297 1635 “
321 1610 461 1658 παντὶ
493 1612 685 1678 πετεινῶ
721 1612 795 1660 καὶ
834 1614 956 1661 πᾶσι
981 1616 1076 1664 τοῖς
1102 1611 1276 1678 θηρίοις
1301 1618 1384 1663 τοῦ
1407 1612 1567 1664 πεδίου
1592 1611 1767 1663 δέδωκά
1791 1634 1849 1662 σε

270 1695 297 1718 “
322 1694 699 1757 καταβρωθῆναι·
750 1693 823 1743 ἐπὶ
861 1692 1122 1759 πρόσωπον
1156 1699 1239 1745 τοῦ
1276 1695 1434 1746 πεδίου
1471 1695 1612 1762 πέσῃ,
1651 1693 1721 1745 ὅτι
1759 1693 1850 1760 ἐγὼ

51 1778 102 1862 {l}
123 1789 181 1810 ¹1-
272 1780 298 1802 ‘⁶
323 1771 544 1837 ἐλάλησα
564 1773 691 1839 λέγει
714 1774 886 1840 Κύριος
904 1775 1122 1842 Κύριος·”
1151 1778 1226 1827 καὶ
1251 1776 1359 1840 μεθ’
1378 1775 1511 1844 ἕτερα
1537 1775 1684 1828 πάλιν
1710 1783 1738 1805 “
1756 1778 1850 1827 Καὶ

272 1862 298 1885 “
325 1855 459 1905 ε”σται
493 1857 540 1906 ἐν
574 1859 632 1924 τῇ
667 1856 813 1926 ἡμέρα
844 1858 991 1926 ἐκείνῃ
1018 1858 1159 1909 δώσω
1184 1862 1248 1928 τῷ
1277 1859 1387 1925 Γὼγ
1412 1859 1558 1911 τόπον
1585 1857 1850 1921 ὀνομαστὸν
1871 1881 1919 1906 20

270 1944 297 1967 ‘⁶
319 1941 543 2001 μνημεῖον
591 1940 639 1989 ἐν
681 1938 900 2005 Ἰσραὴλ,
954 1939 1008 1990 τὸ
1057 1942 1372 2007 πολυοίνδριον
1420 1946 1514 1992 τῶν
1556 1939 1851 1993 ἐπελθόντων

271 2027 297 2049 “
322 2019 440 2086 πρὸς
471 2024 528 2088 τῇ
561 2020 805 2090 θαλάσσῃ,
846 2024 920 2073 καὶ
958 2022 1428 2088 περιοικοδομήσουσι
1462 2023 1515 2075 τὸ
1545 2022 1850 2090 περιστόμιον

271 2108 298 2130 “
323 2104 406 2165 τῆς
442 2101 688 2170 φάραγγος
724 2106 798 2154 καὶ
832 2104 1174 2173 κατορύξουσιν
1200 2107 1294 2156 ἐκεῖ
1321 2105 1404 2157 τὸν
1431 2106 1542 2172 Γὼγ
1568 2107 1642 2156 καὶ
1675 2110 1770 2156 πᾶν
1795 2104 1849 2155 τὸ

271 2190 297 2212 “
322 2186 506 2247 πλῆθος
527 2185 668 2236 αὐτοῦ
688 2188 763 2236 καὶ
783 2185 1073 2250 κληθήσεται.
1098 2185 1201 2237 τότε
1220 2186 1273 2238 τὸ
1292 2186 1608 2254 πολυάνδριον
1624 2193 1705 2238 τοῦ
1723 2187 1848 2254 Γώγ.

270 2272 297 2293 “
323 2268 398 2315 καὶ
437 2267 778 2336 κατορύξουσιν
816 2268 981 2321 αὐτοὺς
1013 2266 1135 2322 οἶκος
1160 2268 1378 2335 Ἰσραὴλ,
1407 2270 1482 2321 ἵνα
1507 2272 1773 2336 καθαρισθῆ
1800 2271 1848 2320 ἐν
1869 2291 1916 2329 25

271 2354 297 2377 ‘⁶
324 2349 588 2418 ἑπταμήνῳ,
616 2351 692 2400 καὶ
722 2349 1065 2419 κατορύξουσιν
1102 2349 1269 2406 αὐτοὺς
1298 2357 1390 2406 πᾶς
1422 2353 1447 2403 ὁ
1478 2350 1594 2406 λαὸς
1628 2354 1710 2416 τῆς
1745 2355 1847 2418 γῆς,

318 2545 348 2567 2.
375 2533 576 2580 προφητῶν]
601 2539 637 2575 -i-
659 2538 724 2569 τῶν
744 2534 833 2569 Edd.
1114 2548 1146 2582 3.
1174 2552 1215 2572 σε
1233 2544 1453 2583 assumptum
1473 2551 1514 2573 ex
1532 2538 1575 2572 A.
1588 2538 1622 2573 b.
1642 2538 1737 2574 deest
1753 2539 1788 2574 in
1805 2540 1847 2575 B.

270 2580 302 2614 6.
330 2580 482 2624 ἐζήτηται
502 2581 542 2615 Β.
789 2594 891 2627 9-12.
918 2582 1111 2628 Assumpta
1127 2585 1212 2618 Τάδε
1230 2584 1323 2630 λε’-γει
1342 2585 1462 2630 Κύριος
1479 2598 1520 2620 ex
1538 2585 1628 2620 A.B.
1648 2585 1771 2631 Κύριος
1787 2588 1846 2622 alt.

270 2639 311 2660 ex
329 2628 372 2661 A.
392 2627 511 2672 (Alex.
532 2628 637 2673 XII.)
656 2628 710 2663 ἐπὶ
725 2628 924 2673 σὲ-βοῤῥᾶ
942 2631 995 2663 καὶ
1012 2642 1053 2663 ex
1071 2630 1161 2665 A.B.
1529 2643 1581 2666 10.
1606 2631 1786 2679 ῥοσμεσὸχ
1804 2634 1845 2668 Β.

270 2673 318 2718 ῥῶ
336 2675 370 2707 ἐν
388 2676 511 2720 Μεσὸχ
530 2677 574 2708 Α.
905 2686 1028 2722 12-15.
1057 2677 1152 2711 Haec
1170 2678 1223 2711 καὶ
1240 2678 1466 2724 ἀπολῶ-ὅρη
1483 2681 1543 2713 τοῦ
1559 2678 1700 2724 Ἰσραὴλ
1719 2680 1846 2714 desunt

271 2721 307 2754 in
327 2720 418 2755 Edd.
566 2733 617 2764 14.
642 2723 700 2765 τῆς
716 2723 813 2767 prius
831 2734 901 2757 om.
921 2723 963 2757 Β.
1013 2725 1192 2765 καταβάλω
1213 2725 1255 2758 Β.
1410 2736 1462 2771 15.
1491 2725 1608 2761 πέσεις
1624 2727 1668 2760 Α.
1719 2726 1845 2761 Statim

272 2767 338 2800 ἐκεῖ
355 2779 416 2812 pro
435 2767 479 2802 σὺ
497 2768 539 2802 A.
589 2770 619 2802 οἱ
639 2769 734 2803 deest
752 2770 788 2803 in
806 2770 897 2804 Edd.
1250 2771 1371 2807 16—20.
1400 2774 1496 2807 Haec
1513 2773 1554 2807 τὰ
1569 2773 1646 2817 ἔθνη
1664 2773 1789 2808 τὰ--ἐν
1804 2775 1844 2817 τῇ

273 2813 376 2857 ἡμέρᾳ
394 2815 497 2858 ἐκείνῃ
516 2814 642 2849 desunt
659 2816 694 2849 in
713 2816 804 2850 Edd.
951 2817 1003 2852 16.
1031 2817 1085 2852 ἐπὶ
1102 2818 1142 2852 σὲ
1161 2830 1222 2863 pro
1239 2819 1315 2863 περὶ
1335 2819 1375 2853 σὲ
1395 2819 1437 2854 Β.
1597 2831 1721 2862 21—24.
1749 2820 1845 2854 Haec

272 2861 310 2892 τὸ
327 2862 823 2905 πολυάνδριον-πολυάνδριον
839 2865 897 2897 τοῦ
915 2866 989 2909 Γὼγ
1007 2864 1133 2898 desunt
1151 2866 1186 2898 in
1205 2865 1295 2899 Edd.
1509 2877 1564 2901 22.
1591 2867 1644 2900 καὶ
1660 2866 1842 2911 περιοικοδ.

272 2907 497 2952 -φάραγγος
515 2920 584 2942 om.
605 2909 645 2942 B.
805 2921 859 2952 24.
885 2913 961 2944 τότε
979 2923 1048 2945 om.
1071 2911 1110 2945 Β.
1163 2912 1288 2946 Statim
1306 2913 1344 2946 τὸ
1362 2924 1430 2946 om.
1449 2913 1492 2947 A.
1658 2921 1712 2957 25.
1737 2910 1842 2958 οἶκος]

278 2956 313 2991 -1-
335 2956 394 2986 τοῦ
412 2954 501 2987 Edd.
518 2955 658 2999 (Alex.)
676 2956 792 2990 invitis
811 2957 900 2990 AB.
1091 2967 1261 3004 25—499.
1290 2971 1321 2993 2.
1374 2959 1470 2994 Haec
1486 2958 1707 3004 ἵνα-Κύριος
1725 2958 1845 3004 Κύριος

274 2997 400 3032 desunt
417 3000 451 3033 in
472 3000 561 3035 Edd.
753 3003 807 3037 26.
834 3004 916 3037 ἑπτὰ
933 3008 1043 3047 μηνῶν
1060 3005 1103 3038 Α.
