2021 3434
133 216 176 257 ii.
204 229 269 266 11,
296 230 360 260 12.
536 219 612 260 IN
653 220 1037 262 MICHAEAM.
1097 220 1247 262 TOM.
1279 220 1315 261 Ι.
1628 221 1707 260 641

127 325 276 395 ἕτερα,
315 329 579 399 συνηνέχθη
623 331 792 384 λοιπὸν
835 334 910 383 καὶ
953 330 1328 398 συνδεδράμηκεν
1372 329 1483 383 ὅλος
1525 332 1588 382 εἷς
1625 327 1710 379 ἕνα

126 411 312 462 σκοπὸν
350 413 375 463 ὁ
409 411 624 479 Ἰσραὴλ,
663 416 737 464 καὶ
775 418 840 483 τῷ
877 413 1250 478 πλημμελήματι
1287 412 1484 480 κάτοχος
1521 409 1592 476 ἧν,
1629 413 1709 462 4καὶ

126 492 208 542 οὐκ
248 491 335 544 ἀνὰ
375 493 512 560 με’ρος
549 494 628 558 ἔτι,
672 498 947 560 παμπληθεῖ
989 495 1037 546 δὲ
1077 501 1266 559 μᾶλλον
1305 497 1378 546 καὶ
1417 493 1702 559 ὁλοτρόπως.

126 574 292 625 οὐκοῦν
327 575 420 626 ἀπὸ
459 575 534 636 τῆς
569 578 784 643 στοιγὸνος
813 580 977 645 φησὶν,
1011 577 1066 642 ἧς
1101 576 1158 628 ἂν
1193 579 1346 630 αὐτοῖς
1372 576 1707 645 καταστάξειεν

83 655 150 705 56
190 660 285 706 τῶν
327 658 685 725 ψευδομάντεων
726 657 885 724 λόγος’
926 664 1145 710 πλεῖστοι
1188 658 1281 725 γὰρ
1325 658 1431 709 ὅσοι
1470 657 1599 724 παρὰ
1639 662 1742 727 τῲθ

122 737 334 805 Ἐφραῒμ
361 741 403 789 οἱ
429 744 566 790 τοῦτο
592 742 706 805 δρᾶν
732 739 956 794 εἰωθότες·
1000 740 1327 803 συναχθήσεταί
1356 746 1478 808 φησι
1511 740 1704 803 σύμπας

123 819 149 869 ὁ
171 819 360 883 Ἰακὼβ,
387 820 629 871 τουτέστιν
661 824 722 876 εἷς
757 823 868 884 μίαν
902 821 1297 890 συνενεχθήσεται
1329 822 1535 887 γνώμην,
1563 845 1704 873 κατα-

123 900 436 966 νεμηθήσεται
474 901 522 952 δὲ
556 901 766 958 ἅπαντας
800 903 829 968 ἡ
865 903 1020 957 νόσος.
1088 902 1179 969 ἐγὼ
1218 904 1266 955 δὲ
1304 905 1457 957 αὐτοῖς
1496 905 1577 954 οὐκ
1615 903 1704 954 ἀνὰ

121 981 260 1049 με’ρος
283 984 460 1035 ἐποίσω
490 985 574 1038 τὰς
605 984 680 1035 διὰ
714 991 853 1036 τοῦτο
887 986 1028 1048 δίκας,
1055 990 1282 1052 περιμενῶ
1309 984 1357 1035 δὲ
1382 990 1572 1049 μᾶλλον
1596 985 1704 1039 τοὺς

55 1087 103 1113 10
121 1069 216 1118 τοῖς
240 1064 328 1129 ἤδη
354 1067 748 1135 κατεφθαρμένοις
775 1068 1240 1134 ἐπενεχθησομένους.
1306 1073 1444 1118 τοῦτο
1478 1066 1571 1133 γάρ
1600 1069 1702 1118 ἐστι

120 1146 175 1198 τό
218 1144 531 1217 Ἐκδεχόμενος
583 1146 820 1218 ἐκδέξομαι
873 1149 970 1204 τοὺς
1030 1152 1340 1203 κοιτοιλοίπους
1390 1151 1461 1200 τοῦ
1508 1148 1701 1218 Ἰο-ροιῆλ,

120 1227 196 1280 καὶ
229 1228 334 1281 τότε
373 1230 428 1295 δὴ
467 1229 572 1282 τότε
608 1231 721 1295 μίαν
758 1229 1016 1295 ποιήσομαι
1053 1230 1122 1292 τὴν
1156 1230 1275 1283 κατὰ
1315 1229 1506 1283 πάντων
1546 1236 1696 1283 immr-

119 1311 285 1381 τροφήν.

184 1389 419 1462 ’Ένδειξις
462 1393 511 1444 δὲ
550 1396 626 1445 καὶ
664 1400 802 1445 τοῦτο
847 1392 904 1445 ἂν
948 1394 1015 1458 ε’ίη
1056 1397 1139 1458 τῆς
1177 1394 1371 1459 ἐνούσης
1411 1395 1739 1465 ἀνεξικακιάςᾶ
1773 1410 1851 1445 415
1868 1409 1919 1445 A·

54 1491 100 1530 15
120 1477 241 1545 Θεῷ,
280 1473 346 1539 μὴ
390 1474 634 1542 κολάζοντι
674 1476 819 1539 εὐθὺς,
866 1477 1202 1546 ὑπερτιθεμένῳ
1248 1476 1296 1528 δὲ
1340 1484 1579 1545 χρηστῶς,
1623 1484 1699 1532 καὶ

117 1557 203 1622 τὴν
253 1557 578 1626 ἐπανόρθωσιν
627 1558 919 1625 περιμένοντι
966 1561 1041 1610 καὶ
1101 1564 1195 1610 τῶν
1245 1560 1566 1624 πλανωμένων
1613 1562 1698 1627 τὴν

119 1641 428 1709 ἐπιστροφήν.
500 1645 537 1691 εἰ
588 1640 636 1692 δὲ
689 1640 745 1705 δὴ
791 1640 855 1705 μὴ
896 1640 1088 1707 γε’νοιτο,
1139 1641 1354 1710 φαίνοιτο
1409 1642 1457 1694 δὲ
1509 1648 1699 1706 μᾶλλον

116 1724 180 1776 εἰς
220 1723 369 1791 αὔξην
408 1723 476 1773 ἰὸν
513 1721 566 1774 τὸ
606 1722 908 1790 ἀῤῥώστημα,
947 1723 1051 1774 τότε
1095 1723 1151 1787 δὴ
1193 1722 1330 1787 μόλις
1375 1727 1449 1776 καὶ
1491 1726 1696 1792 ὀκνηρῶς

117 1805 483 1873 ἀποστρέφεται.
562 1804 729 1873 ἕψεται
788 1803 836 1856 δὲ
897 1805 1084 1859 πάντως
1133 1811 1231 1858 ταῖς
1284 1811 1590 1876 ἀποστροφαῖς
1642 1808 1695 1861 τὸ

49 1909 99 1934 20
116 1888 284 1952 χρῆναι
327 1892 642 1953 ταλαιπωρεῖν
690 1885 796 1941 τοὺς
835 1893 974 1938 τοῦτο
1016 1886 1268 1941 παθόντας.
1345 1888 1582 1954 τοιγάρτοι
1620 1894 1696 1942 καὶ

116 1967 142 2017 ὁ
188 1968 442 2022 θεσπέσιος
485 1967 670 2036 ψάλλει
719 1971 894 2020 Δαυείδ
942 1977 969 1998 “
992 1971 1078 2034 Μὴ
1123 1970 1434 2038 ἀποστρέψῃς
1476 1970 1529 2021 τὸ
1569 1971 1688 2038 πρό·
1754 1971 1913 2056 ξεῖ-Χω-

116 2055 144 2078 “
168 2050 334 2101 σωπόν
377 2073 468 2101 σου
503 2052 582 2102 ἀπ’
622 2053 733 2114 ἐμοῦ
773 2054 849 2102 καὶ
886 2051 950 2114 μὴ
989 2052 1199 2120 ἐκκλίνῃς
1237 2054 1284 2102 ἐν
1322 2053 1439 2121 ὀργῇ
1479 2051 1572 2104 ἀπὸ
1610 2058 1736 2106 rofib

116 2138 144 2160 ‘⁶
168 2130 340 2183 δούλου
384 2134 521 2183 σου.”
588 2133 744 2184 ἰστέον
792 2134 852 2196 δὲ,
905 2134 976 2184 ὅτι
1025 2134 1340 2202 ἐνεστάλαξεν
1388 2134 1549 2201 ὥσπερ
1597 2142 1691 2190 τοῖς

115 2220 443 2279 γραμματεῦσι
480 2217 555 2266 καὶ
589 2215 866 2281 Φαρισαίοις
893 2218 917 2267 ὁ
946 2215 1237 2281 Βεελζεβοὺλ
1272 2215 1357 2280 τὴν
1391 2217 1464 2267 ἐπὶ
1491 2221 1691 2288 Χριστῷ

48 2316 96 2354 25
115 2297 267 2362 ψευδῆ
299 2300 373 2348 καὶ
407 2297 627 2348 ἀπαίσιον
653 2297 810 2366 δόξαν,
838 2299 1123 2362 κατενεμήθη
1156 2298 1203 2349 δὲ
1236 2296 1398 2364 ὥσπερ
1426 2296 1635 2354 ἅπαντας
1661 2302 1689 2365 ἡ

115 2377 270 2440 νόσος,
311 2380 386 2429 καὶ
429 2378 776 2447 συνδεδράμηκε
821 2385 921 2434 ταῖς
964 2385 1058 2430 τῶν
1102 2380 1368 2445 ἡγουμένων
1419 2381 1616 2436 ἀπάταις
1659 2383 1686 2446 ἡ

164 2529 194 2552 Ι.
220 2517 353 2562 ἑτέρους
369 2518 413 2552 A.
432 2517 571 2563 δεύτερα
590 2518 632 2554 Β.
702 2518 888 2564 συνηνέχθη
907 2519 950 2552 A.
970 2518 1120 2564 συνήχθη
1140 2519 1231 2553 Edd.
1296 2519 1376 2555 ὅλος
1396 2519 1437 2553 Β.
1455 2519 1543 2555 ὅλως
1560 2520 1652 2555 Edd.
1669 2523 1688 2554 ὁ

114 2565 219 2610 λόγος
236 2564 324 2610 (Sic)
343 2566 386 2599 A.
656 2577 688 2600 2.
713 2569 759 2612 τῷ
780 2577 841 2610 pro
859 2568 876 2600 ὁ
895 2566 975 2610 (sic)
994 2567 1038 2599 A.
1095 2568 1164 2601 τοῖς
1181 2566 1447 2610 πλημμελήμασι
1464 2567 1508 2600 A.
1557 2569 1609 2601 καὶ
1628 2568 1686 2602 alt.

114 2622 185 2645 om.
203 2612 248 2645 A.
528 2623 562 2658 3.
593 2613 641 2646 ἔτι
658 2614 700 2646 A.
719 2627 751 2646 τι
768 2612 861 2646 Edd.
1141 2622 1174 2658 5.
1199 2612 1475 2658 ψευδομάντεων]
1499 2618 1532 2653 -{-
1557 2615 1574 2647 ὁ
1592 2614 1686 2648 Edd.

114 2657 148 2692 6.
173 2659 264 2703 φησι
280 2670 349 2692 om.
370 2658 412 2692 Β.
636 2660 669 2693 8.
694 2658 840 2694 ἅπαντας
859 2659 901 2693 Β.
919 2660 1044 2695 πάντας
1060 2660 1104 2692 A.
1122 2661 1250 2693 ἅπαντα
1268 2659 1359 2693 Edd.
1409 2660 1468 2693 κᾶν
1485 2672 1547 2705 pro
1565 2661 1624 2694 οὐκ
1640 2661 1686 2695 A.

118 2715 171 2738 10.
197 2705 525 2749 ἐπενεχθησομένους
541 2705 631 2739 Α.Β.
652 2706 927 2751 ἐπενηνεγμένους
945 2706 1036 2739 Edd.
1277 2718 1325 2748 14.
1351 2707 1409 2749 τῆς
1427 2706 1521 2740 deest
1538 2707 1574 2740 in
1592 2707 1685 2742 Edd.

118 2761 171 2794 15,
193 2752 245 2785 16.
272 2752 991 2798 κολάζοντι-ὑπερτιθεμένῳ-περιμένοντι
1012 2753 1053 2786 Β.
1078 2753 1686 2797 κολάζοντος-ὑπερτιθεμένου-πε-

113 2797 305 2843 ριμένοντος
324 2798 415 2833 Edd.
744 2809 796 2845 17.
826 2801 958 2842 μᾶλλον
975 2799 1020 2834 εἷς
1042 2800 1144 2842 αὔξην
1161 2797 1227 2843 ἰὸν]
1248 2799 1294 2835 εἷς
1309 2800 1421 2842 αὔξειν
1437 2802 1568 2843 μᾶλλον
1586 2800 1622 2834 ὂν
1641 2802 1684 2835 Α.

117 2844 170 2878 18.
196 2846 294 2888 μόλις
311 2845 354 2879 Α.
370 2846 521 2889 μάλιστα
538 2845 630 2880 Edd.
857 2857 908 2890 19.
935 2846 1190 2890 ἀποστρέφεται
1207 2846 1265 2880 iid.
1282 2846 1399 2880 invitis
1417 2847 1507 2881 A.B.
1558 2847 1684 2881 Statim

114 2890 228 2925 ἕπεται
247 2891 290 2926 Β.
304 2891 413 2926 invito
426 2893 470 2927 A.
567 2904 622 2927 20.
639 2893 717 2928 τοὺς
733 2895 832 2927 τοῦτο
849 2891 1032 2938 παθόντας]
1047 2895 1146 2926 τοῦτο
1163 2895 1200 2926 τὸ
1218 2894 1324 2928 πάθος
1336 2894 1380 2927 Α.
1478 2905 1532 2927 21.
1550 2896 1683 2938 ψάλλει

112 2949 184 2972 om.
202 2939 246 2972 A.
481 2950 536 2974 22.
561 2940 613 2973 καὶ
631 2939 774 2973 accessit
791 2951 831 2973 ex
850 2939 940 2973 A.B.
959 2939 1003 2973 cf.
1022 2951 1128 2984 supra
1146 2939 1210 2982 265
1230 2951 1258 2973 e.
1465 2951 1518 2985 23.
1546 2941 1681 2975 ἐνεστά-

113 2984 216 3028 λαξεν
235 2985 276 3019 Β.
295 2984 481 3030 ἐστάλαξεν
497 2987 541 3021 A.
558 2987 701 3029 ἔσταξεν
718 2986 809 3020 Edd.
1025 2997 1081 3029 25.
1105 2985 1279 3031 ἀπαίσιον]
1299 2987 1436 3022 ἀνόσιον
1454 2987 1496 3021 Α.
1546 2986 1680 3033 ὥσπερ]

118 3035 154 3071 -l-
175 3031 228 3065 καὶ
247 3031 337 3065 Edd.
389 3032 512 3067 Statim
529 3034 653 3068 πάντας
669 3033 714 3067 Α.

172 3101 263 3129 VOL.
287 3102 316 3130 Ι.
857 3104 884 3140 4
905 3103 932 3129 N
