2021 3434
107 188 132 230 i.
152 199 247 243 3—5.
598 190 669 231 IN
711 191 904 232 AMOS.
967 190 1114 231 TOM.
1153 190 1187 230 Ι.
1594 188 1671 226 381

106 303 132 324 “
160 296 436 362 Αἱγύπτου,”
471 300 814 365 προσκέκρουκε
850 298 934 360 μὲν
965 298 1238 364 ἀναγκαίως·
1281 294 1434 359 ἐπειδὴ
1474 293 1520 344 δὲ
1555 294 1665 343 ὀλο-
1691 318 1710 342 e

104 377 315 444 θρεύσειν
349 379 513 434 αὐτοὺς
548 382 756 450 εἰσάπαξ
786 382 962 446 ἠπείλει
999 380 1131 443 Θεὸς,
1164 377 1261 430 εἶτα
1297 375 1593 444 προσέπιπτέ
1624 398 1671 425 τε

104 462 178 511 καὶ
204 461 411 528 ἐλιπάρει
439 466 654 526 Μωυσῆς
679 466 752 514 καὶ
783 463 839 526 δὴ
866 465 940 513 καὶ
973 464 1143 512 ἀνεῖναι
1175 462 1326 514 αὐτοῖς
1354 456 1673 525 ἡμαρτηκόσιν

103 541 187 605 τὴν
238 543 367 607 δίκην
415 544 621 596 ἀνέπειθε
670 544 751 595 τὸν
805 543 1120 609 Δημιουργὸν,
1172 542 1501 610 χαριστηρίους·
1552 538 1672 608 ᾠδὰς

66 625 296 678 5ἀνετίθει
341 625 494 690 λέγων
535 634 559 655 ‘⁶
583 626 754 692 Κύριος
799 628 823 676 ὁ
868 625 987 680 Θεὸς
1036 626 1282 690 οἰκτίρμων
1329 625 1403 673 καὶ
1441 620 1668 686 ἐλεήμων,
1734 634 1839 694 {3⁸2⁴ss-

105 712 132 734 “
155 704 452 772 μακρόθυμος
487 710 561 758 καὶ
592 708 845 762 πολυέλεος
885 710 958 758 καὶ
994 706 1226 772 ἀληθινὸς,
1266 708 1339 756 καὶ
1379 704 1675 766 δικαιοσύνην
1735 689 1777 758 16kx
1784 689 1844 761 {u

106 795 132 817 “
157 791 385 854 διατηρῶν
433 792 506 840 καὶ
553 788 681 844 ἔλεος
726 794 787 844 εὶς
838 789 1067 856 χιλιάδας,
1110 790 1325 856 ἀφαιρῶν
1367 787 1558 849 ἀνομίας
1603 787 1677 835 καὶ

107 876 133 898 “
159 869 332 923 ἀδικίας
368 871 442 920 καὶ
477 872 716 937 ἁμαρτίας,
743 874 815 922 καὶ
852 873 903 922 οὐ
936 875 1146 936 καθαριεῖ
1172 868 1252 920 τὸν
1288 869 1462 935 ἔνοχον,
1494 866 1680 931 ἐπάγων

107 958 134 980 “
159 951 386 1016 ἁμαρτίας
425 953 639 1019 πατέρων
677 955 748 1004 ἐπὶ
794 954 929 1004 τέκνα
975 955 1048 1003 καὶ
1091 954 1162 1003 ἐπὶ
1205 952 1340 1001 τέκνα
1382 950 1566 1010 τέκνων,
1607 950 1716 1000 ἐπὶιι
1751 968 1836 1002 254
1852 968 1899 1002 A.

887 1033 896 1049 ἱ

43 1051 88 1076 10
107 1039 132 1062 ‘⁶
157 1033 316 1098 τρίτην
340 1035 413 1084 καὶ
440 1033 662 1101 τετάρτην
690 1034 882 1100 γενεάν.’
960 1039 1095 1084 τοῦτο
1129 1031 1400 1097 νενοήκασιν
1427 1032 1509 1081 οὐκ
1533 1031 1680 1096 ὀρθῶς

105 1117 198 1164 τῶν
221 1112 458 1166 Ἰουδαίων
484 1120 525 1166 οὶ
551 1120 701 1180 δῆμοι.
769 1115 916 1186 ᾤοντο
943 1114 1034 1182 γὰρ
1068 1113 1180 1165 εἶναι
1212 1114 1294 1165 τὸν
1320 1112 1443 1164 Θεὸν
1469 1111 1683 1179 σκληρὸν

106 1196 225 1246 οὕτω
250 1197 324 1246 καὶ
350 1197 611 1263 ἀτεράμονα
634 1202 709 1249 καὶ
739 1196 918 1264 μακρὸν
943 1201 1003 1250 εἷς
1036 1195 1199 1263 ὀργὰς,
1229 1198 1290 1249 ὡς
1316 1195 1488 1249 τέκνοις
1513 1195 1684 1245 τέκνων

107 1277 337 1345 ἐπιφέρειν
374 1277 432 1330 τὰ
470 1283 562 1329 τῶν
605 1280 818 1344 πατέρων
856 1277 1146 1344 ἐγκλήματα.
1212 1279 1287 1328 καὶ
1325 1282 1439 1343 γοῦν
1477 1275 1589 1327 αὐτὸ
1628 1275 1684 1340 δὴ

108 1362 232 1412 τουτὶ
277 1363 581 1426 διαγελῶντες
625 1361 837 1428 ἔφασκον
877 1401 902 1423 ,,
925 1364 987 1412 Οἱ
1026 1359 1220 1427 πατέρες
1260 1359 1439 1428 ε”φαγον
1478 1357 1683 1427 ὄμφακα,

45 1459 134 1506 15„
161 1446 234 1493 καὶ
273 1446 314 1493 οἱ
358 1442 540 1495 ὀδόντες
575 1448 668 1494 τῶν
710 1443 880 1494 τέκνων
921 1443 1243 1511 ᾑμωδιάσαν.”
1310 1441 1525 1509 ταύτῃτοι
1564 1440 1684 1494 Θεὸς·

150 1528 170 1537 „
364 1524 376 1540 s
590 1528 603 1543 x
674 1526 684 1541 ‚
842 1525 853 1541 s
1029 1524 1060 1541 μ
1117 1527 1127 1541 ‚
1242 1525 1254 1540 ι
1442 1525 1452 1540 1
1522 1524 1532 1537 e
1574 1528 1593 1536 Α
1671 1523 1680 1534 ν
1824 1536 1831 1541 .

107 1548 173 1595 τω
214 1530 436 1593 προφητῃ
482 1530 633 1592 φησιν
691 1525 891 1592 Ιεζεκιηλ
933 1529 1061 1576 “Υιε
1102 1528 1361 1590 ανθρωπου,
1403 1546 1471 1577 τις
1510 1547 1615 1586 υμιν
1655 1547 1682 1587 η
1743 1525 1906 1607 ἓξὲξ-Ζή-

108 1614 135 1636 “
160 1607 412 1673 παραβολὴ
451 1609 566 1672 αὕτη
601 1610 648 1658 ἐν
686 1611 751 1676 τῷ
774 1607 973 1673 Ἰσραὴλ
1013 1607 1229 1672 λέγοντες
1257 1610 1320 1657 Οἱ
1346 1605 1538 1671 πατέρες
1568 1604 1680 1673 ἔφα·
1699 1613 1725 1653 b

0 1757 1 1760 Ἴ
109 1697 135 1720 “
160 1712 246 1756 γον
286 1689 478 1757 ὄμφακα
521 1692 593 1740 καὶ
634 1694 675 1741 οἱ
713 1689 894 1744 ὀδόντες
933 1694 1026 1740 τῶν
1065 1689 1236 1740 τέκνων
1274 1688 1581 1756 ᾑμωδιάσανς
1622 1686 1682 1753 ζῶ

0 1776 1 1836 1
109 1779 137 1802 ‘⁶
162 1771 266 1838 ἐγὼ,
307 1771 433 1837 λέγει
487 1771 671 1838 Κύριος,
711 1771 780 1823 ὅτι
825 1772 878 1822 οὐ
923 1771 987 1835 μὴ
1032 1771 1218 1837 γένηται
1264 1771 1329 1821 ε”τι
1367 1770 1394 1833 ἡ
1432 1767 1685 1835 παραβολὴ

45 1876 92 1902 20
110 1861 136 1884 ‘⁴
161 1855 276 1918 αὕτη
315 1854 545 1920 λεγομένη
580 1856 627 1904 ἐν
662 1858 728 1923 τῷ
753 1852 967 1920 Ἰσραήλ.
1038 1853 1108 1904 ὅτι
1134 1857 1285 1904 πᾶσαι
1320 1856 1365 1903 αἱ
1399 1853 1551 1920 ψυχαὶ
1582 1851 1692 1914 ε’μαί

111 1943 137 1966 “
160 1939 293 1996 εἰσιν,
333 1934 385 1986 ὃν
417 1936 590 2002 τρόπον
622 1936 650 2000 ἡ
684 1934 819 2004 ψυχὴ
855 1942 937 1986 τοῦ
973 1934 1149 2001 πατρὸς
1183 1936 1302 1985 οὕτω
1341 1935 1415 1984 καὶ
1453 1938 1534 1983 τοῦ
1574 1936 1683 1994 υἱοῦ,

111 2025 137 2048 “
161 2019 269 2081 ἐμαί
297 2022 400 2070 εἶσι.
464 2017 599 2086 ψυχὴ
627 2018 654 2082 ἡ
682 2017 1030 2084 ἁμαρτάνουσα,
1058 2018 1173 2081 αὕτη
1209 2018 1518 2067 ἀποθανεῖται.
1584 2015 1608 2065 ὁ
1636 2013 1684 2065 δὲ
1747 2025 1794 2057 Ib-
1820 2035 1869 2056 20-

113 2107 139 2130 ‘⁶
165 2100 258 2154 υἱὸς
292 2102 344 2151 οὐ
378 2100 441 2164 μὴ
474 2098 681 2168 λήψεται
715 2099 800 2164 τὴν
835 2100 1063 2165 ἁμαρτίαν
1089 2104 1171 2150 τοῦ
1201 2097 1376 2165 πατρὸς
1403 2099 1555 2159 αὐτοῦ,
1583 2096 1685 2147 οὐδὲ

159 2263 192 2297 3.
217 2252 257 2296 δὴ
275 2253 319 2286 Α.
337 2252 401 2296 μὴν
420 2251 510 2286 Edd.
563 2252 687 2285 Sta-tim
705 2253 758 2285 καὶ
776 2263 845 2285 orn.
866 2252 906 2284 A.
958 2251 1069 2286 αὐτοῖς
1083 2251 1124 2284 A.
1145 2252 1214 2285 τοῖς
1234 2250 1324 2284 Edd.
1459 2262 1490 2292 4.
1517 2249 1576 2293 τὴν
1594 2249 1686 2293 δικὴν

111 2298 262 2334 ἀνέπειθε
279 2299 345 2333 hoc
363 2298 484 2332 ordine
501 2298 591 2332 A.B.
642 2297 869 2343 Δημιουργὸν]
889 2303 925 2338 -ἱ-
948 2299 999 2331 καὶ
1020 2297 1109 2331 Edd.
1129 2297 1245 2331 invitis
1263 2296 1354 2331 A.B.
1574 2295 1606 2329 8.
1633 2297 1686 2329 καὶ

113 2346 151 2380 οὗ
168 2344 333 2391 καθαριεῖ]
353 2346 391 2379 οὐ
409 2357 477 2379 om.
498 2345 540 2379 B.
558 2357 678 2379 rasura
695 2344 846 2379 duorum
863 2345 928 2378 litt.
948 2345 1047 2378 faeta.
1406 2354 1438 2388 9.
1464 2341 1624 2386 ἁμαρτίας
1643 2343 1685 2376 Β.

114 2393 246 2436 (Alex.)
272 2393 408 2436 ἀνομίας
439 2391 529 2426 Edd.
557 2391 673 2436 (Vat.)
737 2392 835 2429 Quae
865 2398 1060 2437 sequuntur
1089 2391 1238 2424 citantur
1264 2390 1301 2423 in
1331 2388 1521 2434 Nicephori
1556 2389 1687 2423 Catena

115 2438 280 2480 Patrum;
305 2439 342 2473 in
361 2438 472 2473 Exod.
492 2451 549 2472 xx.
569 2439 633 2472 col.
654 2448 730 2483 771.
962 2449 1014 2472 10.
1041 2435 1252 2481 νενοὴκασιν]
1273 2436 1494 2479 νενοσὴκασιν
1512 2435 1550 2480 (η
1568 2443 1687 2480 postea

113 2485 270 2530 exarato)
288 2486 332 2519 A.
350 2485 437 2519 forte
455 2486 551 2530 prius
570 2485 591 2518 i.
611 2497 642 2530 q.
662 2497 691 2518 e.
710 2484 853 2518 habens.
874 2485 1086 2518 νενοσίκασιν
1103 2495 1132 2517 e.
1312 2494 1363 2516 11.
1389 2484 1448 2516 τὸν
1465 2490 1685 2527 assumptum

114 2544 155 2566 ex
176 2532 217 2567 B.
534 2542 586 2576 13.
612 2532 664 2565 καὶ
681 2533 763 2576 γοῦν
780 2531 859 2564 αὐτὸ
878 2531 917 2574 δὴ
938 2531 979 2564 Β.
1000 2531 1052 2564 καὶ
1071 2531 1110 2573 δὴ
1127 2532 1209 2575 γοῦν
1225 2530 1268 2562 A.
1288 2530 1341 2562 καὶ
1358 2532 1438 2574 γοῦν
1454 2529 1533 2562 αὐτό
1550 2544 1588 2574 γε
1609 2529 1684 2563 Cat.

113 2578 262 2624 Niceph.
282 2579 335 2613 καὶ
351 2580 434 2624 γοῦν
453 2577 543 2611 Edd.
749 2589 801 2619 14.
828 2578 920 2611 τουτὶ
938 2577 1028 2611 Α.Β.
1047 2579 1146 2610 τοῦτο
1167 2576 1243 2610 Cat.
1264 2575 1372 2609 Edd.>
1405 2576 1624 2620 διαγελῶντες
1642 2576 1685 2610 A.

116 2625 192 2659 Cat.
210 2625 358 2670 Niceph.
377 2625 636 2669 διαγγέλλοντες
654 2623 745 2657 Edd.
993 2633 1045 2667 15.
1070 2622 1267 2666 ᾗμωδίασαν
1284 2623 1327 2656 A.
1348 2621 1424 2656 Cat.
1444 2622 1590 2667 Niceph.
1610 2623 1686 2667 ἐμο-

114 2672 235 2706 δίασαν
255 2672 297 2705 Β.
323 2671 513 2715 ἐμωδίασαν
539 2671 585 2705 D.
612 2670 827 2714 ε’γομφίασαν
853 2669 943 2704 Edd.
963 2670 1094 2714 (A.V.)
1154 2668 1325 2713 ταυτῃτοι]
1349 2674 1386 2709 ÷
1408 2671 1425 2702 ὁ
1445 2668 1520 2703 Cat.
1540 2669 1687 2713 Niceph.

118 2718 171 2752 16.
197 2719 306 2762 φησὶν
330 2720 375 2765 τῷ
400 2732 457 2762 πρ.
484 2718 555 2751 inv.
582 2717 655 2751 ord.
683 2716 758 2750 Cat.
808 2717 857 2752 τίς
881 2717 973 2750 Α.Β.
999 2717 1032 2749 τί
1058 2716 1132 2749 Cat.
1153 2715 1299 2760 Niceph.
1320 2715 1410 2750 Edd.
1462 2715 1585 2749 Statim
1611 2715 1688 2759 ἡμῖν

116 2765 195 2808 (sic)
212 2765 252 2798 B.
387 2773 439 2809 17.
456 2766 495 2807 τῇ
515 2775 578 2808 pro
595 2766 640 2809 τῷ
661 2763 752 2797 Edd.
771 2770 849 2796 ante
868 2763 1000 2807 Migne.
1017 2763 1192 2796 Neutrum
1212 2762 1314 2795 habet
1334 2762 1410 2796 Cat.
1526 2763 1577 2796 18.
1595 2762 1686 2807 ᾑμω-

115 2810 252 2855 δίασαν]
275 2810 332 2844 Sic
351 2810 425 2844 Cat.
444 2810 591 2855 Niceph.
611 2810 793 2853 ἐμοδίασαν
812 2809 853 2843 Β.
872 2809 1088 2855 ε’γομφίασαν
1106 2809 1198 2842 D.A.
1217 2808 1250 2850 (e
1268 2809 1337 2851 Sil.)
1353 2808 1443 2842 Edd.
1566 2821 1618 2854 19.
1637 2811 1685 2843 ἔτι

117 2869 187 2891 om.
205 2858 249 2891 A.
269 2857 344 2891 Cat.
364 2856 511 2900 Niceph.
571 2856 695 2890 Statim
716 2856 735 2899 ἡ
758 2857 936 2900 παραβολὴ
963 2855 1042 2898 αὕτη
1068 2863 1147 2900 post
1171 2856 1335 2901 λεγομένη
1361 2863 1492 2900 transp.
1521 2856 1566 2890 D.
1594 2856 1685 2890 Edd.

118 2904 242 2947 (A.V.)
261 2903 377 2937 invitis
395 2903 485 2937 A.B.
502 2903 665 2948 λεγομένη
684 2903 718 2936 ἐν
731 2902 810 2936 τ.’Ῑ.
830 2914 899 2936 Om.
920 2902 995 2936 Cat.
1015 2902 1094 2937 Nic.
1428 2914 1483 2937 22.
1509 2903 1585 2946 ἐμαί
1601 2903 1688 2937 εἶσιν

118 2957 337 2985 accesserunt
362 2961 402 2983 ex
421 2950 515 2983 A.D.
536 2950 611 2983 Cat.
632 2949 710 2983 Nic.
730 2949 789 2992 ἐμή
817 2949 890 2984 ἐστι
911 2949 951 2983 Β.
999 2948 1016 2991 ἡ
1044 2954 1264 2993 assumptum
1291 2961 1331 2983 ex
1350 2949 1490 2984 A.B.D.
1511 2949 1587 2984 Cat.
1607 2950 1686 2984 Nic.

119 2996 201 3040 αὕτη
222 2997 263 3031 B.
284 2996 360 3031 Cat.
380 2996 459 3030 Nic.
479 2997 558 3040 αὐτὴ
580 2997 625 3030 D.
646 2995 737 3030 Edd.
