2021 3434
301 193 356 232 64
691 195 738 234 B.
784 193 1056 233 CYRILLI
1096 193 1481 233 ALEXANDR.
1739 193 1780 233 ii.
1811 204 1872 246 15.

300 302 626 367 ἑτεροτρόπως,
679 304 740 354 ὡς
789 302 920 370 ε”φην,
972 301 1084 351 αὐτὸ
1145 301 1201 365 δὴ
1251 307 1390 351 τοῦτο
1445 304 1767 366 σημαίνοντες,
1819 301 1874 352 τὸ

261 383 466 435 οπλανῶ
497 386 618 451 φημὶ
652 384 896 449 χρησίμως
932 382 1195 445 νοούμενον.
1268 382 1478 446 βάσιμον
1517 383 1565 434 δὲ
1603 385 1765 446 οὖσαν,
1797 387 1873 434 καὶ

299 464 395 515 οἷον
438 467 626 530 εὔυδρον
667 467 757 530 γῆν
799 470 899 518 ταῖς
944 469 1037 515 τῶν
1088 466 1335 526 δαιμονίων
1380 466 1584 529 ἀγέλαις,
1626 465 1769 534 ‘tolient
1815 473 1873 520 εἰς

300 548 442 615 ἔρημον
478 547 837 612 ἐπαγγέλλεται,
878 547 1113 598 διδάσκων
1150 547 1219 598 ὅτι
1254 547 1473 612 σκληράν
1506 571 1554 599 τε
1589 550 1663 598 καὶ
1697 550 1873 611 ἀστιβῆ

298 631 372 679 καὶ
407 628 604 693 ἄνυδρον
638 631 874 696 ἀποφανεῖ
907 634 1001 682 τοῖς
1039 629 1220 680 ἐκείνων
1254 630 1531 694 θελήμασιν,
1568 632 1629 683 ὡς
1667 629 1872 680 ἀναπαύ-

297 718 386 774 λης
417 710 579 760 οὐδένα
614 711 783 762 λοιπὸν
814 713 1114 778 εὑρίσκοντας
1145 712 1304 775 τόπον,
1331 715 1407 764 καὶ
1439 715 1768 778 παραιτεῖσθαι
1799 713 1872 763 καὶ

296 794 578 860 ἀποφοιτᾶν.

369 876 512 925 Οὕτω
547 879 621 926 καὶ
656 876 680 926 ὁ
714 876 867 942 κύριος
900 877 1030 941 ἡμῶν
1056 878 1242 940 Ἰησοῦς
1281 879 1305 927 ὁ
1344 875 1570 942 Χριστὸς,
1596 875 1649 927 τὸ
1680 874 1873 945 ἐξελθὸν

296 956 562 1023 ἀκάθαρτον
605 964 788 1020 πνεῦμα
828 960 876 1009 ἐκ
920 965 1002 1009 τοῦ
1045 960 1294 1024 ἀνθρώπου
1339 959 1608 1026 διέρχεσθαί
1648 963 1771 1026 φησι
1815 958 1870 1008 δι’

74 1056 238 1107 S731att11.
295 1037 506 1104 ἀνύδρων
531 1039 703 1102 τόπων,
730 1039 893 1105 ζητοῦν
920 1041 1198 1104 ἀνάπαυσιν,
1225 1044 1299 1092 καὶ
1325 1040 1388 1104 μὴ
1415 1042 1658 1107 εὑρίσκειν.
1711 1039 1871 1107 ὥσπερ

73 1110 200 1140 ³³⁴³
249 1119 386 1185 (Ῑγάρ
417 1121 678 1187 ἀνθρώποις
721 1124 802 1173 οὐκ
841 1123 1083 1186 οἱκήσιμος
1122 1124 1146 1173 ὁ
1191 1124 1386 1188 ἄνυδρος
1424 1127 1590 1190 χῶρος·
1642 1124 1762 1174 οὕτω
1796 1125 1872 1173 καὶ

292 1202 572 1269 ἀκαθάρτοις
601 1204 837 1266 πνεύμασι
869 1205 1053 1270 πονηρὰ
1087 1208 1161 1255 καὶ
1197 1206 1504 1272 ἀπηχθημένη
1531 1207 1606 1256 καὶ
1632 1203 1729 1255 οἷον
1752 1205 1872 1265 ἄβα-

290 1282 370 1337 τός
394 1308 444 1335 τε
472 1287 547 1335 καὶ
571 1286 766 1351 ἄνυδρος
799 1290 859 1350 γῆ
897 1289 1029 1338 νοοῖτ’
1053 1286 1110 1338 ἂν
1136 1287 1320 1341 εἰκότως
1350 1288 1378 1351 ἡ
1410 1287 1634 1354 θεοφιλὴς
1660 1288 1734 1337 καὶ
1761 1288 1871 1337 ὁσία

290 1365 439 1434 ψυχὴ,
477 1370 552 1417 καὶ
589 1367 648 1418 τὰ
686 1370 870 1423 ἐκείνοις
909 1371 1009 1420 καθ’
1050 1368 1231 1432 ἡδονὴν,
1270 1368 1298 1434 ἦ
1344 1374 1532 1435 φρονεῖν
1567 1369 1595 1434 ὴ
1635 1372 1752 1435 δρᾶν
1789 1371 1871 1420 οὐκ

291 1449 558 1516 ἀνεχομένη.
623 1452 883 1516 ἐπικουρίας
925 1452 1005 1502 οὖν
1046 1452 1137 1516 ἄρα
1174 1450 1346 1517 τρόπος
1387 1451 1413 1515 ἡ
1446 1450 1607 1502 ἐνθάδε
1642 1452 1870 1517 λεγομένη

290 1529 531 1593 πλάνησις,
573 1535 646 1582 καὶ
685 1532 779 1597 μὴν
823 1536 898 1584 καὶ
935 1533 989 1584 τὸ
1030 1538 1092 1588 εἰς
1134 1533 1304 1600 ε”ρημον
1348 1533 1720 1585 κατατάττεσθαι
1762 1537 1867 1599 γῆν

290 1611 408 1662 κατά
433 1636 484 1678 γε
511 1612 617 1667 τοὺς
645 1616 810 1681 ἀρτίως
836 1616 944 1679 ἡμῖν
971 1616 1232 1683 εἰρημένους
1257 1615 1443 1681 λόγους.

224 1824 269 1862 15
294 1813 367 1855 Καὶ
394 1816 572 1857 λαλήσω
604 1817 672 1858 ἐπὶ
698 1818 774 1858 τὴν
803 1817 977 1874 καρδίαν
1007 1819 1148 1869 αὐτῆς,
1175 1820 1242 1860 καὶ
1280 1818 1409 1861 δώσω
1445 1818 1550 1875 αὐτῷ
1588 1819 1639 1860 τὰ
1678 1820 1869 1868 κτήματα

358 1898 488 1940 αὐτῆς
523 1898 700 1944 ἐκεῖθεν.

251 2052 272 2077 e
363 2021 448 2071 Ἐν
488 2022 668 2077 τούτοις
717 2024 826 2088 ἡμῖν
869 2025 894 2075 ὁ
939 2024 1083 2090 λόγος
1127 2027 1212 2090 τὴν
1255 2024 1329 2077 διὰ
1374 2029 1589 2091 Χριστοῦ
1631 2023 1869 2091 σωτηρίαν

290 2106 675 2172 καθυπισχνεῖται
699 2111 941 2171 λαμπρῶς,
970 2110 1044 2157 καὶ
1071 2111 1164 2158 τῶν
1195 2111 1276 2170 τῆς
1302 2108 1541 2171 ἐπιδημίας
1567 2107 1870 2171 διαμέμνηται

70 2200 163 2230 Hier.
288 2184 484 2251 χρόνων,
512 2188 613 2238 καθ’
636 2187 713 2241 οὓς
736 2189 1085 2255 πεπληρῶσθαί
1112 2194 1267 2258 φαμεν
1304 2188 1358 2239 τὸ
1386 2197 1413 2219 “
1430 2188 1514 2240 Ἐν
1549 2194 1648 2242 ταῖς
1682 2189 1870 2255 ἡμεραις

70 2254 205 2326 Ξέζωῃ’
290 2274 317 2296 “
341 2269 544 2332 ἐκείναις,
579 2271 654 2320 καὶ
699 2272 747 2321 ἐν
787 2275 853 2340 τῷ
895 2276 1039 2341 καιρῷ
1080 2273 1236 2340 ἐκείνῳ
1279 2270 1433 2325 διδοὺς
1476 2269 1641 2334 νόμους
1678 2294 1770 2335 μου
1808 2275 1870 2325 εἰς

1790 2352 1802 2368 Ι
1841 2353 1866 2370 ἱ,

289 2356 316 2377 “
344 2350 551 2401 διάνοιαν
577 2353 742 2415 αὐτῶν,
770 2356 844 2403 καὶ
880 2354 954 2404 ἐπὶ
992 2356 1181 2420 καρδίας
1207 2354 1359 2404 αὐτῶν
1382 2353 1634 2421 ἐπιγράψω
1661 2354 1839 2407 αὐτους.

288 2432 408 2482 οὕτω
443 2432 535 2499 γὰρ
573 2434 629 2498 δὴ
662 2437 737 2486 καὶ
773 2436 797 2485 ὁ
831 2436 1114 2503 σοφώτατος
1142 2440 1336 2489 Παῦλος
1359 2440 1455 2489 τοῖς
1480 2434 1565 2499 τὴν
1589 2437 1710 2486 οὕτω
1735 2443 1863 2499 λαμ-

286 2513 412 2578 πρὰν
452 2518 526 2566 καὶ
571 2516 862 2585 ἀξιόληπτον
900 2519 1088 2582 ἀληθῶς
1127 2517 1552 2582 καταπλουτήσασι
1590 2516 1725 2584 χάριν
1762 2519 1862 2569 ε’πι-

95 2610 152 2643 46
168 2608 217 2642 A.
248 2619 270 2643 a
288 2594 493 2657 στέλλει,
520 2599 688 2663 λέγων,
715 2607 742 2628 “
762 2600 826 2650 ‘H
855 2599 1085 2664 ἐπιστολὴ
1116 2601 1247 2664 ἡμῶν
1283 2602 1408 2663 ὑμεῖς
1445 2601 1566 2662 ἐστε,
1595 2601 1863 2666 ἐγγεγραμ-

67 2659 209 2741 izi-032
287 2684 315 2705 ‘⁶
341 2678 454 2742 με’νη
479 2682 526 2729 ἐν
553 2686 653 2734 ταῖς
679 2682 886 2749 καρδίαις
911 2683 1054 2747 ἡμῶν,
1081 2682 1404 2748 γινωσκομένη
1437 2683 1512 2733 καὶ
1537 2683 1862 2747 ἀναγινωσκο-

333 2851 366 2885 3.
393 2841 547 2886 εὔυδρον]
567 2842 705 2886 ἔνυδρον
723 2843 814 2879 Edd.
877 2844 922 2881 εἷς
939 2845 1082 2879 accessit
1099 2857 1140 2878 ex
1160 2844 1202 2879 B.
1222 2844 1298 2878 Cat.
1318 2845 1436 2891 Bffosq.
1550 2856 1584 2886 4.
1603 2845 1754 2888 σκληρόν
1770 2843 1863 2879 Edd.

285 2887 403 2920 invitis
427 2887 465 2921 Β.
482 2888 558 2922 Cat.
578 2890 636 2923 cit.
872 2892 905 2926 6.
931 2890 1052 2936 τόπον]
1074 2892 1131 2925 Sic
1150 2891 1227 2926 Cat.
1246 2892 1303 2925 cit.
1353 2894 1480 2936 τρόπον
1497 2891 1539 2924 Β.
1557 2890 1646 2924 Edd.
1667 2891 1792 2925 Statim
1809 2891 1863 2925 καὶ

285 2941 505 2978 assumptum
526 2947 565 2968 ex
587 2936 663 2970 Cat.
801 2938 833 2971 8.
861 2940 878 2971 ὁ
897 2940 956 2973 alt.
975 2945 1198 2983 assumptum
1217 2951 1259 2972 ex
1281 2939 1320 2972 Β.
1473 2949 1527 2982 23.
1554 2937 1681 2983 διδοὺς]
1705 2942 1742 2978 -}-
1763 2937 1863 2972 δώσω

287 2979 439 3024 [διδώσω
454 2982 533 3024 (sic)
552 2981 669 3027 P‹›nt.]
688 2983 777 3017 Edd.
867 2996 921 3026 24.
942 2984 1140 3031 ἐπιγράψω]
1157 2986 1215 3019 οὐκ
1233 2986 1359 3030 γράψω
1374 2985 1454 3029 (εἰς)
1470 2985 1571 3018 Pont.
1588 2984 1753 3030 ἐγγριὶψω
1767 2984 1862 3018 Aub.

1893 645 1914 682 5

1895 1067 1987 1095 10

1984 1110 1989 1123 ι
