2021 3434
321 205 405 245 552
715 205 764 244 B.
801 203 1073 244 CYRILLI
1120 203 1499 246 ALEXANDR.
1769 218 1892 259 7—11.

319 311 615 376 ἐποιήσαντο,
661 310 871 378 καθάπερ
914 311 1101 374 ε’ίπομεν
1142 311 1247 375 ἤδη.
1313 311 1469 376 ἐπειδὴ
1508 312 1555 363 δὲ
1592 313 1895 378 συμβέβηκεν

320 394 499 443 ἁλῶναι
518 391 602 457 τὴν
626 394 786 461 χώραν
813 394 965 444 αὐτῶν
991 392 1463 459 καταστρατευόντων
1489 398 1583 445 τῶν
1599 395 1656 464 ἐξ
1670 396 1891 463 Ἰσραὴλ,

319 472 424 525 τότε
451 476 526 525 καὶ
552 479 593 525 οἱ
623 474 774 526 πάλαι
811 474 998 541 γνήσιοι
1037 477 1112 526 καὶ
1149 474 1419 539 συνωμόται
1457 477 1532 526 καὶ
1570 481 1897 529 συνασπισταὶ

281 579 303 606 e
322 560 413 606 τῶν
457 557 623 608 ἄλλων
667 556 887 608 ἁπάντων
924 556 1153 622 γεγόνασι
1192 557 1525 625 φορτικώτεροι
1562 561 1898 627 καταδῃοῦντες

319 636 376 702 δὴ
416 640 492 689 καὶ
530 638 802 706 μαχόμενοι.
862 640 888 689 ὁ
927 637 1133 702 πόλεμος
1172 640 1326 690 τοίνυν
1364 641 1515 707 φησὶν
1554 639 1632 695 ἕως
1669 639 1747 692 τῶν
1786 644 1938 711 ὁρίων5

318 743 395 770 σου
445 721 743 790 ἑξαπέστειλέ
787 745 850 784 σε,
901 722 1145 773 τουτέστιν
1195 722 1353 789 ἀφανῆ
1404 743 1463 772 σε
1507 722 1727 787 γενέσθαι
1775 746 1896 790 παρ-

317 802 559 854 εσκεύασε·
614 809 751 855 τοῦτο
799 802 893 870 γὰρ
934 801 988 854 τὸ
1032 802 1365 872 ἐξαπέστειλεν·
1424 803 1478 853 οὐ
1519 803 1636 870 με’ρη
1679 807 1762 868 τῆς
1804 808 1896 867 σῆς

316 884 669 950 ἐπεισπηδήσας
719 885 888 953 χώρας,
938 886 1048 936 ἀλλ’
1098 885 1216 950 ὅλην
1260 884 1382 936 ἑλὼν
1431 884 1549 936 κατὰ
1595 884 1776 952 κράτος,
1821 890 1897 938 καὶ

317 966 478 1034 μέχρις
518 967 639 1033 ὅρων
677 968 830 1018 αὐτῶν
871 967 1065 1034 ἀγαγὼν
1103 971 1165 1021 εἷς
1210 966 1462 1033 ἐρήμωσιν.
1530 966 1794 1028 ἀντέστησαν
1833 967 1896 1031 δὲ,

317 1050 393 1098 καὶ
418 1048 778 1114 πεπολεμήκασι
803 1048 920 1116 πρὸς
946 1049 1016 1112 σὲ,
1045 1052 1208 1117 φησὶν,
1236 1050 1315 1103 οὓς
1340 1048 1398 1113 ἧν
1424 1049 1548 1117 τάχα
1570 1073 1662 1101 που
1688 1052 1762 1101 καὶ
1789 1051 1898 1101 λίαν
1921 1073 1968 1098 10

317 1129 447 1194 εἰκὸς,
475 1131 594 1182 κατά
629 1154 683 1196 γε
717 1131 802 1196 τὴν
825 1130 919 1196 σὴν
945 1132 1127 1193 ἐλπίδα,
1153 1134 1228 1183 καὶ
1262 1131 1614 1199 ἐπαλγύνεσθαι
1643 1130 1898 1183 πεπονθότι

317 1234 412 1263 σοι.
458 1213 569 1263 ἀλλ’
619 1212 766 1274 ἔθηκαν
812 1211 952 1283 ἕνεάρα
996 1215 1209 1266 ὑποκάτω
1259 1239 1348 1277 σου,
1394 1216 1502 1281 παρ’
1545 1212 1610 1265 ὧν
1659 1212 1898 1280 σώζεσθαι

317 1294 693 1360 προσεδόκησας.
746 1297 794 1346 ἐν
825 1294 873 1346 δὲ
905 1297 971 1365 τῷ
1001 1299 1102 1348 Οὐκ
1137 1296 1248 1348 ἔστιν
1283 1296 1449 1352 σύνεσις
1481 1297 1520 1348 ἐν
1552 1300 1684 1366 αὐτῷ,
1708 1297 1897 1360 τοιαύτη

273 1384 300 1425 d
319 1399 387 1430 τις
414 1376 660 1443 ἐμφέρεται
687 1377 850 1428 ἔννοια.
897 1378 1081 1447 σοφούς
1106 1401 1154 1429 τε
1182 1381 1255 1429 καὶ
1281 1378 1502 1432 συνετοὺς
1529 1378 1765 1446 ὠνόμαζον
1791 1377 1898 1435 τοὺς

317 1458 655 1527 ψευδομάντεις
677 1461 752 1509 καὶ
777 1458 1101 1527 βωμολόχους,
1117 1459 1224 1514 τοὺς
1249 1462 1520 1515 ἀπατεῶνας
1546 1462 1620 1511 καὶ
1647 1458 1897 1511 οἶωνοσκό-
1920 1477 1967 1517 15

316 1563 447 1603 πους,
474 1544 548 1591 καὶ
581 1539 687 1594 τοὺς
720 1545 815 1592 τῶν
841 1541 1033 1608 ἄστρων
1058 1541 1118 1593 τὰ
1144 1545 1298 1611 ψευδῆ
1331 1544 1535 1609 μυθάρια
1572 1542 1897 1610 καταχέοντας,

317 1622 364 1673 οἵ
395 1645 515 1677 τινες
551 1626 613 1677 εἷς
646 1628 784 1674 τοῦτο
822 1624 1056 1690 ληρωδιάς
1089 1624 1296 1689 ἥκουσιν,
1323 1627 1385 1679 ὡς
1423 1627 1629 1676 ἐντεῦθεν
1667 1623 1898 1675 δύνασθαι

317 1707 393 1756 καὶ
432 1705 518 1770 τὴν
557 1709 651 1756 τῶν
695 1705 932 1768 ἐσομένων
973 1710 1153 1772 γνῶσιν
1194 1708 1316 1758 ἑλεῖν
1361 1705 1626 1776 φληνάφως
1670 1707 1896 1759 ὑπονοεῖν.

317 1787 601 1852 ἀνεπτόηντο
628 1786 678 1838 δὲ
702 1787 821 1855 πρὸς
851 1794 989 1839 τοῦτο
1016 1788 1125 1840 λίαν
1149 1792 1191 1840 οἱ
1223 1793 1324 1843 ταῖς
1355 1794 1450 1840 τῶν
1473 1788 1680 1840 εἰδώλων
1705 1788 1892 1854 λατρεί-

316 1893 387 1923 αις
417 1868 777 1934 ἐμβεβληκότες.
832 1877 970 1922 τοῦτο
1001 1873 1076 1922 καὶ
1110 1872 1239 1922 αὐτοὶ
1272 1870 1388 1933 μετὰ
1421 1876 1515 1922 τῶν
1549 1871 1716 1921 ἄλλων
1749 1871 1898 1937 ἠῤῥω-
1919 1896 1967 1920 20

316 1951 542 2016 στηκότες
580 1956 623 2003 οἱ
647 1953 910 2018 Ἰδουμαῖοι,
936 1953 1198 2016 μέλλοντος
1235 1953 1323 2018 ἤδη
1350 1959 1432 2005 τοῦ
1456 1954 1667 2017 πολέμου
1698 1975 1893 2019 περιαγ-

279 2060 301 2086 e
319 2034 593 2100 γε’λλεσθαι,
621 2035 993 2087 κατεσκέπτοντο
1030 2035 1114 2099 μὲν
1152 2040 1246 2086 τῶν
1280 2036 1611 2100 ἐκβησομένων
1648 2034 1702 2086 τὸ
1735 2035 1895 2101 πέρας·

317 2118 672 2184 συναγείροντες
704 2116 753 2169 δὲ
783 2117 892 2171 τοὺς
921 2118 971 2168 ε”ν
1003 2141 1057 2184 γε
1084 2115 1140 2182 δὴ
1166 2116 1347 2172 τούτοις
1372 2116 1549 2187 σαφοῦς,
1575 2115 1901 2184 ἀπαγγέλλειν

315 2200 541 2263 ἐκέλευον,
580 2199 687 2251 ὅποι
723 2199 837 2251 ποτὲ
875 2200 966 2266 ἄρα
1009 2203 1235 2261 βαδιεῖται
1274 2201 1428 2254 αὐτοῖς
1461 2199 1520 2251 τὰ
1550 2205 1632 2251 τοῦ
1670 2199 1896 2264 πολέμου.

315 2284 358 2332 οἱ
395 2280 458 2344 δὲ,
494 2281 613 2333 κατὰ
644 2280 699 2333 τὸ
730 2281 863 2345 εἰκὸς,
896 2281 1290 2346 κατεμαντεύοντο
1328 2283 1483 2337 αὐτοῖς
1518 2281 1573 2334 τὸ
1612 2286 1754 2345 νικᾶν,
1787 2283 1898 2333 ἀλλ’
1921 2302 1968 2342 25

314 2364 514 2428 ἥλωσαν
553 2366 628 2415 καὶ
670 2364 963 2426 πεπτώκασι,
1006 2364 1355 2431 διαμαρτούσης
1400 2366 1555 2419 αὐτοῖς
1594 2367 1676 2429 τῆς
1712 2363 1894 2432 τέχνης·

314 2446 576 2513 ἠλέγχοντο
615 2446 663 2497 δὲ
703 2449 778 2498 καὶ
813 2446 1032 2498 ἀσύνετοι
1065 2451 1308 2501 παντελῶς
1340 2450 1707 2514 ψευδοεποῦντες
1733 2450 1775 2497 οἱ
1801 2447 1893 2498 δεί-

314 2534 453 2580 λαιοι.
493 2528 565 2580 ὅτι
598 2529 647 2580 δὲ
682 2529 829 2579 καίτοι
854 2527 1004 2580 πάλαι
1036 2533 1226 2596 θρασεῖς
1252 2528 1381 2582 ὄντες
1407 2535 1440 2580 οἱ
1467 2530 1516 2580 ἐκ
1543 2528 1742 2595 Θαιμέιν,
1768 2529 1899 2580 αὐτοὶ

315 2609 370 2674 δὴ
402 2611 549 2662 πάλιν
575 2614 618 2662 οἱ
642 2612 894 2675 Ἰδουμαῖοι
920 2611 1140 2678 ἄνανδροι
1166 2611 1355 2663 ε”σονται
1393 2613 1468 2662 καὶ
1505 2612 1738 2676 περιδεεῖς,
1766 2633 1899 2662 κατε-

361 2742 393 2767 2.
419 2734 527 2768 αυτῶν
546 2733 588 2768 B.
607 2733 700 2768 Edd.
719 2734 831 2769 αὐτοῖς
849 2734 896 2768 D.
1071 2733 1104 2768 6.
1133 2733 1230 2769 Haec
1247 2733 1509 2768 τουτέστιν-τὸ
1527 2732 1768 2778 ἐξαπέστειλεν
1783 2745 1901 2768 acces-

315 2786 435 2814 serunt
453 2793 493 2814 ex
514 2781 555 2815 B.
561 2781 607 2814 D.
621 2780 764 2825 ἀφανεῖς
781 2793 842 2826 plo
860 2781 923 2825 ἀφ.
939 2795 981 2815 σε
997 2780 1042 2815 D.
1061 2795 1197 2816 κατεσκ.
1219 2781 1263 2815 D.
1383 2792 1415 2825 9.
1442 2780 1482 2825 ὀρ
1485 2784 1530 2814 ὧν
1548 2781 1590 2815 B.
1714 2791 1766 2815 11.
1792 2781 1897 2815 ἐπαλ-

314 2826 528 2872 γὺνεσθαι]’
512 2827 650 2872 επαμύν.
670 2827 761 2862 Edd.
900 2839 953 2862 12.
980 2828 1100 2871 ἔθηκαν
1119 2829 1164 2862 D.
1183 2828 1310 2871 εθησαν
1327 2827 1406 2871 (Sic)
1426 2827 1517 2861 Edd.
1658 2839 1710 2873 13.
1736 2827 1772 2862 ἐν
1788 2826 1896 2874 αὐτῷ]

315 2887 354 2905 m
358 2888 426 2909 τοις
439 2874 478 2907 Β.
524 2874 649 2908 Statim
667 2874 778 2908 haec
768 2873 902 2918 τοιαύτη
919 2889 969 2910 τις
982 2874 1194 2919 ἐμφέρεται”
1177 2889 1285 2909 εννοια
1298 2880 1518 2908 accesserunt
1532 2886 1572 2908 ex
1589 2874 1630 2909 B.
1752 2885 1804 2916 14.
1822 2874 1897 2909 ὀνο-

314 2920 408 2961 μάζ.ι
427 2920 517 2954 Edd.
696 2921 750 2955 16.
775 2936 816 2954 τιι
834 2928 1055 2966 assumptum
1073 2934 1114 2955 ex
1136 2922 1176 2955 Β.
1225 2920 1369 2965 μυθὴρια
1388 2921 1468 2965 (sic)
1488 2921 1577 2955 Edd.
1761 2932 1816 2955 20.
1842 2922 1896 2955 καὶ

314 2966 408 2999 αὐτοὶ
425 2968 507 3009 μετὰ
524 2971 589 3002 τῶν
606 2967 738 3013 ἄλλων]
759 2969 841 3002 κατὰ
858 2971 923 3002 τῶν
940 2969 1056 3003 ἄλλων
1075 2969 1127 3002 καὶ
1145 2969 1237 3002 αὐτοὶ
1256 2967 1313 3001 iid.
1590 2979 1644 3010 24.
1671 2967 1818 3008 βαδιεῖτε
1836 2967 1895 3001 iid.

317 3013 371 3044 20.
398 3017 593 3048 πεπτώκασι
615 3015 705 3048 B.D.
725 3016 880 3049 διαπεπτ.
904 3015 992 3049 Edd.
1043 3014 1332 3060 διιιμειρτανοῦσης
1352 3014 1443 3047 Edd.
