2021 3434
332 212 415 252 662
721 215 768 254 B.
813 215 1094 257 CYRILLI
1144 217 1526 258 ALEXANDR.
1747 217 1800 258 iv.
1820 229 1913 272 3‚4.

328 327 354 349 “
379 321 558 384 τούτου,
606 327 688 373 νῦν
728 324 753 373 ὁ
798 325 958 391 ἄρχων
998 330 1082 375 τοῦ
1132 323 1315 388 κόσμου
1355 321 1522 376 τούτου
1567 324 1915 389 ἐκβληθήσεται

283 418 285 420 ’
327 410 354 432 “
380 403 486 471 ἔξω.
549 404 680 470 κάγὼ
708 404 787 455 ἐὰν
814 407 994 474 ὑψωθῶ
1026 407 1076 457 ἐκ
1106 410 1188 470 τῆς
1226 409 1327 472 γῆς,
1352 405 1533 460 πάντας
1571 405 1758 458 ἑλκύσω
1795 405 1915 472 πρὸς

325 492 352 513 “
378 485 624 546 ἐμαυτόν.”
684 489 892 538 δεδίκακε
929 487 1022 554 γὰρ
1049 494 1246 542 πολλοῖς
1278 490 1353 539 καὶ
1385 487 1716 555 ἀναριθμήτοις
1753 494 1908 551 λαοῖς,

324 569 474 632 δῆλον
499 567 547 619 δὲ
583 567 654 619 ὅτι
689 574 784 622 τοῖς
811 570 1119 634 ἠδικημένοις,
1152 573 1227 622 καὶ
1259 570 1520 621 δεδικαίωκε
1554 568 1639 633 μὲν
1673 569 1838 623 αὐτοὺς
1865 572 1912 621 ἐν

322 649 436 719 ἐλέῳ
483 654 556 700 καὶ
600 651 773 702 πίστει.
853 650 1112 716 ἐκβέβληκε
1157 652 1205 703 δὲ
1245 653 1328 703 τὸν
1367 655 1572 720 ἄρχοντα
1614 658 1697 703 τοῦ
1747 657 1952 714 αἷῶνος5

318 736 504 795 τούτου,
532 736 607 783 καὶ
645 737 737 797 τῆς
765 737 872 784 καθῗ
899 734 1031 798 ἡμῶν
1070 733 1378 799 ἀπεσόβησεν
1409 737 1570 802 ἀρχῆς,
1599 734 1811 800 ἐλέγχων
1850 737 1912 788 ὡς

322 814 495 877 ἄδικον,
522 818 585 869 ὡς
623 816 828 878 ἀνόσιον,
862 818 923 869 ὡς
962 816 1365 883 ἀνθρωποκτόνον,
1398 819 1460 870 ὡς
1497 815 1912 881 πλεονεκτήσαντα

282 897 407 961 Οτὴν
435 899 508 948 ὑπ’
538 897 749 964 οὐρανόν.
812 898 1168 965 συνηλεῖγχοντο
1196 899 1244 950 δὲ
1270 900 1394 967 αὐτῷ
1419 897 1608 953 πάντως
1633 921 1725 950 που
1751 901 1826 950 καὶ
1851 899 1910 950 τὰ

320 979 453 1046 ἕτερα
490 983 585 1030 τῶν
612 982 861 1043 δαιμονίων
889 980 988 1041 ἔθνη,
1029 981 1088 1031 τὰ
1113 981 1264 1032 πάλαι
1289 981 1414 1032 δεινά
1444 1004 1494 1032 τε
1521 983 1597 1032 καὶ
1628 979 1808 1052 ἱσχυρέι,
1834 983 1910 1032 καὶ

321 1064 376 1113 οὐ
414 1063 525 1125 μίαν
562 1067 910 1132 περιφοιτῶντα
947 1063 1104 1125 πόλιν,
1131 1063 1242 1114 ἀλλ’
1273 1062 1350 1119 ἕως
1389 1069 1448 1119 εἷς
1473 1063 1553 1130 ‘yffi‘
1582 1061 1764 1132 μακρέιν
1791 1086 1903 1114 κατ·
1932 1093 1978 1121 10

323 1144 662 1209 εσκεδασμένα,
707 1145 936 1208 τουτέστι,
985 1145 1123 1213 μέχρι
1170 1145 1386 1212 περάτων
1436 1149 1519 1210 τῆς
1570 1146 1643 1196 ὑπ’
1697 1144 1907 1212 οὐρανόν.

321 1230 604 1291 διενείμαντο
642 1226 735 1294 γὰρ
774 1228 937 1293 ὥσπερ
977 1227 1063 1292 τὴν
1105 1231 1211 1294 γῆν,
1252 1230 1327 1279 καὶ
1370 1231 1515 1282 οὐδεὶς
1558 1227 1616 1293 ἦν
1657 1227 1782 1282 ὅλως
1826 1231 1908 1291 τῆς

316 1311 504 1362 ἐκείνων
543 1311 832 1376 δυστροπιάς
870 1310 1073 1376 ἄπειρος.

323 1506 397 1548 Καὶ
429 1509 720 1558 κατακόψουσι
747 1508 822 1549 τὰς
853 1509 1070 1565 ῥομφαίας
1100 1509 1240 1550 αὐτῶν
1268 1507 1327 1550 εἰς
1359 1510 1520 1566 ἄροτρα
1550 1508 1613 1551 καὶ
1640 1511 1716 1551 τὰς
1743 1511 1904 1568 ζιβύναε

386 1592 529 1634 αὐτῶν
569 1591 628 1633 εἷο
667 1592 873 1649 δρέπανα,
902 1593 970 1634 καὶ
1006 1593 1082 1634 οὐκ
1118 1594 1179 1634 ἔτι
1217 1594 1264 1634 οὐ
1302 1593 1357 1642 m}
1396 1594 1479 1651 άρῌ
1517 1594 1638 1635 ἔθνος
1675 1594 1745 1645 ἐπὶ
1782 1594 1904 1636 ἔθνος
1928 1609 1974 1648 15

269 1672 294 1752 (ἶ
383 1676 614 1733 ῥομφαίαν,
643 1678 711 1718 καὶ
745 1677 793 1718 οὐ
828 1677 883 1726 μὴ
923 1678 1116 1727 μάθωσιν
1153 1679 1215 1720 ἔτι
1253 1676 1467 1727 πολεμεῖν·
1509 1679 1575 1719 καὶ
1612 1680 1903 1722 ἀναπαύσεται

379 1762 561 1802 ἕκαστος
587 1761 793 1802 ὑποκάτω
827 1761 1022 1810 ἀμπέ-ῑλου
1050 1763 1188 1813 αὐτοῦ,
1218 1761 1286 1803 καὶ
1321 1764 1501 1804 ἕκαστος
1539 1763 1744 1804 ὑποκάτω
1775 1769 1901 1805 συκιῖιο

380 1844 519 1895 αὐτοῦ,
548 1844 616 1885 καὶ
647 1844 723 1885 οὐκ
760 1845 878 1886 ἔσται
912 1846 934 1887 ὀ
973 1845 1187 1902 ἐκφοβῶν,
1213 1846 1323 1888 διότι
1359 1847 1407 1888 τὸ
1443 1847 1578 1895 στόμα
1608 1845 1758 1904 Κυρίου
1795 1863 1902 1889 παν-

379 1930 642 1986 τοκράτορος
668 1929 745 1970 ἐλά
755 1938 859 1971 λΗσε
885 1932 1029 1971 ταῦτα.

384 2052 552 2103 Πάντα
590 2052 781 2119 γέγονεν
820 2056 869 2105 ἐν
903 2058 1103 2124 Χριστῷ
1142 2055 1290 2118 καινὰ,
1318 2057 1393 2106 καὶ
1433 2055 1647 2119 ἀληθεύει
1682 2056 1838 2121 λέγων
1873 2058 1898 2108 ὁ
1919 2079 1968 2104 20

85 2146 230 2220 ss-Corff-
310 2141 519 2201 Παῦλος.
567 2138 638 2189 ὅτι
684 2140 774 2190 “ε’ν
825 2143 1041 2209 Χριστῷ,
1093 2140 1227 2204 καινὴ
1278 2141 1442 2203 κτίσις,
1488 2145 1565 2192 καὶ
1615 2141 1674 2192 τὰ
1725 2143 1899 2209 ἀρχαῖα

110 2216 116 2228 Ι
308 2227 335 2249 “
359 2222 624 2287 παρῆλθε.”
682 2221 1036 2289 μετακεχωρηκε
1073 2222 1167 2289 γὰρ
1208 2225 1282 2274 ἐπὶ
1324 2223 1378 2274 τὸ
1421 2223 1621 2287 ἄμεινον,
1666 2225 1742 2275 καὶ
1779 2223 1897 2288 αὐτὴ

305 2307 400 2353 τῶν
433 2303 728 2369 πραγμάτων
763 2304 790 2368 ἡ
825 2303 1134 2368 κατάστασις,
1169 2305 1320 2356 οὐκέτι
1354 2306 1590 2369 πολέμους
1627 2307 1702 2357 καὶ
1740 2305 1896 2374 μάχας
1959 2346 1962 2349 -
1990 2322 1991 2326 ’

265 2410 286 2436 e
306 2388 554 2450 ὠδίνουσα,
606 2388 864 2439 δύσοιστον
921 2388 1112 2456 ἔχοντας
1164 2392 1240 2440 καὶ
1294 2389 1641 2458 παμμόχθηρον
1705 2393 1895 2456 ἀληθῶς

305 2468 424 2520 κατὰ
461 2468 653 2521 πάντων
687 2469 772 2535 τὴν
807 2470 994 2538 ἔφοδον.
1062 2469 1117 2523 τὸ
1151 2471 1245 2538 γὰρ
1283 2472 1701 2536 μεταπλάττεσθαι
1726 2473 1810 2537 μὲν
1835 2472 1893 2525 τὰ
1914 2496 1962 2537 25

353 2608 384 2632 2.
411 2598 464 2632 καὶ
481 2610 544 2643 pro
562 2599 652 2645 κάγὼ
670 2599 714 2633 A.
766 2599 802 2633 ἐκ
819 2601 878 2643 τῆς
893 2601 955 2644 γῆς
972 2603 1154 2646 assumpta
1171 2613 1212 2635 ex
1232 2601 1274 2636 B.
1409 2601 1442 2636 6.
1471 2601 1568 2636 Haec
1586 2602 1630 2638 ὡς
1645 2602 1760 2637 ἄδικον
1776 2614 1892 2637 acces-

305 2651 426 2679 serunt
443 2657 484 2679 ex
502 2646 545 2679 A.
553 2646 593 2680 B.
713 2647 747 2680 8.
773 2647 1008 2692 συνηλέγχετο
1026 2648 1070 2681 A.
1183 2660 1216 2693 9.
1242 2649 1300 2692 ἔθη
1320 2647 1411 2693 (sic)
1429 2650 1473 2683 A.
1639 2661 1694 2684 ΙΙ.
1718 2649 1889 2706 περάτων]

305 2692 478 2736 τερμάτων
497 2692 717 2727 B,Stat1m
734 2695 796 2738 γῆς
812 2693 894 2728 add.
911 2695 956 2728 A
1042 2705 1095 2729 12.
1113 2694 1153 2738 ἦν
1170 2702 1250 2739 post
1268 2695 1405 2740 ἶίπειρος
1422 2702 1555 2741 transp.
1573 2696 1618 2730 A.
1717 2707 1771 2739 14.
1799 2696 1892 2741 ζιμύ·

305 2753 361 2774 νας
379 2740 422 2772 A.
584 2749 636 2785 15.
657 2741 711 2773 ἐπὶ
728 2741 825 2776 ἔθνος
841 2746 1023 2786 assumpta
1040 2753 1081 2775 ex
1102 2742 1142 2776 Β.
1165 2742 1232 2787 [ἐπ
1251 2743 1345 2778 ἔθνος
1362 2744 1406 2776 A.
1410 2743 1454 2776 V.
1474 2742 1524 2777 ἐπ’
1543 2743 1638 2779 ἔθνος
1656 2742 1738 2777 dicit
1755 2755 1830 2778 esse
1847 2749 1889 2785 Θ,

304 2787 388 2826 πρὸς
405 2786 512 2826 ἔθνος,
529 2787 560 2820 οἶ
577 2786 603 2820 ο’
603 2763 728 2832 OXIL]
955 2789 1009 2822 16.
1034 2787 1224 2834 ῥομφαίαν]
1245 2790 1414 2834 μάχαιραν
1431 2791 1474 2824 Α.
1494 2791 1566 2833 (22.
1584 2791 1645 2835 al.)
1693 2790 1738 2834 μὴ
1755 2801 1826 2825 om.
1843 2791 1889 2825 A.

308 2842 361 2876 17.
387 2832 529 2867 ἕκαστος
545 2834 604 2867 alt.
623 2845 692 2868 om.
712 2834 755 2868 A.
774 2834 874 2880 (49.)
989 2836 1042 2869 18.
1068 2835 1106 2870 τὸ
1125 2847 1194 2870 om.
1215 2836 1254 2870 Β.
1275 2836 1352 2882 (87.
1370 2836 1436 2881 al.)
1557 2848 1610 2883 19.
1636 2839 1740 2871 ταῦτα
1757 2848 1826 2871 om.
1844 2838 1888 2872 A.

306 2888 360 2911 20.
388 2881 482 2913 καινὰ
500 2880 535 2914 ἐν
534 2883 690 2937 Χριστῷ
708 2881 848 2915 inverso
866 2880 987 2915 ordine
1004 2882 1048 2916 A.
1097 2884 1242 2928 γράφων
1258 2895 1320 2927 pro
1337 2883 1448 2928 λέγων
1464 2883 1509 2918 Α.
1741 2894 1797 2928 23.
1822 2888 1889 2919 τῶν

303 2927 510 2969 πραγμάτων
528 2926 545 2970 ἡ
566 2927 608 2962 B.
626 2931 692 2961 τῶν
708 2932 830 2973 καιρῶν
848 2927 865 2971 ἡ
884 2929 928 2962 Α.
947 2928 966 2972 ἡ
984 2932 1050 2964 τῶν
1066 2931 1272 2975 πραγμάτων
1289 2930 1382 2964 Edd.
1605 2941 1661 2973 24.
1686 2931 1826 2976 ἔχοντας
1846 2931 1888 2966 Β.

304 2971 434 3014 ἔχουσα
446 2973 517 3006 A.'
506 2974 629 3017 έχοντα
647 2974 739 3009 Edd.
933 2985 989 3021 ²5·
1015 2976 1075 3021 τὴν
1092 2977 1174 3011 κατὰ
1191 2977 1323 3013 πάντων
1338 2977 1477 3012 inverso
1495 2976 1616 3012 ordine
1633 2977 1678 3012 A.
1726 2977 1767 3012 τὰ
1783 2977 1887 3012 πολέ-

303 3031 368 3060 μου
370 3031 385 3062 j
405 3020 463 3052 τοῦ
481 3020 633 3064 πολέμου
651 3022 690 3055 τὰ
709 3020 811 3065 σκεύη
830 3022 873 3057 A.
