2021 3434
319 183 400 222 160
705 184 753 223 Β.
798 183 1070 224 CYRILLI
1110 184 1493 226 ALEXANDR.
1720 186 1879 226 vii.10.

317 290 510 356 Πέρσας
557 291 612 355 δὴ
661 291 800 356 λέγω,
852 295 927 342 καὶ
975 293 1081 346 τοὺς
1132 293 1327 359 ὁμόρους
1370 294 1520 346 αὐτοῖς
1562 296 1636 343 καὶ
1675 294 1881 358 γείτονας

317 374 578 432 Μωαβίτας
611 375 685 423 καὶ
710 374 1010 437 Ἰδουμαίους,
1039 376 1114 425 καὶ
1145 374 1203 426 τὰ
1230 376 1393 441 Σύρων
1419 375 1540 438 ἔθνη,
1568 374 1610 425 οἳ
1637 378 1881 443 μονονουχὶ

94 466 201 540 ῗυΓρτὲι
314 453 650 517 κατεδηδόκασι
673 453 756 505 τὸν
779 455 1003 522 Ἐφραίμ.
1065 455 1217 520 ἐπειδὴ
1243 456 1336 522 γὰρ
1369 456 1510 521 ἄρτον
1545 454 1684 506 αὑτὸν
1720 457 1881 521 ἐγκρυ-

118 520 161 539 e·
201 533 207 539 ’
314 535 427 602 φίαν
478 535 582 603 ἔφη,
625 535 874 599 μεμένηκεν
915 540 963 587 ἐν
1007 543 1065 606 τῇ
1115 544 1197 589 τοῦ
1241 536 1387 602 λόγου
1427 542 1590 605 τροπῇ.
1666 536 1790 600 ἰσχὺν
1834 535 1882 587 δὲ

312 617 452 667 αὑτοῦ
478 619 600 685 φησὶ
634 617 718 681 τὴν
753 620 948 684 ἀριθμοῦ
982 621 1218 687 κρείττονα
1255 619 1454 684 πληθύν·
1516 622 1882 684 πολυανδροῦσα

357 696 369 713 N
488 699 498 714 Ι
601 699 611 712 (
770 699 782 714 ἱ
883 700 895 714 Ι
1143 707 1161 716 Α
1202 702 1212 717 9
1360 701 1377 717 A.
1525 703 1539 719 Χ
1590 702 1601 715 C
1725 699 1736 714 Χ
1821 701 1830 716 ’
1866 702 1879 717 Χ

275 720 405 764 εγαρ
444 705 552 749 λιαν
586 722 613 763 η
658 704 788 767 φυλη
829 710 1041 762 μαλιστα
1081 724 1162 752 του
1218 705 1426 770 Εφραιμ,
1467 724 1540 751 και
1579 703 1771 768 υψηλην
1808 723 1881 751 επι

311 779 460 850 τούτῳ
498 778 582 844 τὴν
625 780 777 849 ὀφρὺν
826 784 1144 846 ἀνατείνουσα,
1189 783 1311 847 δεινὴ
1362 786 1435 833 καὶ
1474 783 1881 848 ἀνανταγώνιστος

312 860 426 930 ᾤετό
465 885 556 913 που
600 868 674 913 καὶ
715 864 868 917 αὐτοῖς
912 865 1106 916 ἔσεσθαι
1156 870 1250 919 τοῖς
1282 865 1557 930 Ἀσσυρίων
1598 868 1879 929 καθηγηταῖς

310 942 412 1006 η’τοι
446 949 741 1010 στρατηγοῖς.
806 945 959 1010 ἐπειδὴ
998 946 1047 997 δὲ
1083 947 1441 1012 παραγεγόνασι
1477 945 1558 997 τὸν
1597 947 1692 996 κατ’
1727 947 1880 997 αὐτῶν

309 1024 528 1091 ἀράμενοι
567 1026 789 1090 πόλεμον,
829 1029 1004 1079 ἀκονιτὶ
1049 1028 1397 1093 δεδαπάνηνται,
1435 1031 1509 1079 καὶ
1552 1028 1724 1093 ἤγοντο
1761 1028 1878 1095 πρὸς

309 1110 653 1176 αἰχμαλωσίαν.
721 1110 829 1160 ἀλλ’
860 1114 935 1161 οὐκ
970 1110 1075 1176 ἶς’γνω
1115 1113 1250 1179 φησὶ,
1275 1111 1528 1173 τουτέστιν,
1555 1112 1636 1161 οὐκ
1668 1109 1879 1174 ἐνενόησε

102 1207 172 1241 112
189 1207 240 1241 A.
270 1193 390 1254 ειτῆς
426 1196 677 1260 συμφορᾶς
709 1191 794 1255 τὴν
829 1193 990 1254 αἰτίαν,
1029 1194 1175 1243 καίτοι
1208 1193 1310 1244 δέον
1349 1193 1489 1243 αὐτὸν
1527 1190 1614 1243 κᾶν
1650 1198 1766 1257 γοῦν
1803 1192 1878 1244 διὰ

311 1277 406 1323 τῶν
430 1273 802 1338 συμβεβηκότων
826 1274 936 1324 ἱέναι
969 1275 1086 1340 πρὸς
1119 1275 1359 1339 αἴσθησιν.
1421 1274 1446 1326 ὃ
1473 1274 1566 1341 γὰρ
1592 1275 1678 1342 οὐχ
1702 1276 1878 1341 ὁρᾶται,

306 1355 540 1410 πολλάκις
581 1359 631 1407 ἐκ
667 1358 952 1422 προμηθείας
991 1359 1039 1408 ἐν
1080 1359 1347 1426 ὀφθαλμοῖς
1391 1361 1583 1409 ἱστᾶσιν
1620 1360 1665 1408 αἱ
1703 1362 1872 1423 πεῖραι.

306 1439 381 1488 καὶ
406 1437 590 1499 ἄμεινον
614 1438 697 1502 μὲν
722 1439 775 1490 τὸ
802 1439 1207 1491 κατασκέπτεσθαι
1237 1439 1291 1490 τὸ
1321 1440 1579 1508 συμφέρον,
1604 1438 1690 1503 τὴν
1713 1440 1876 1505 πείραν

306 1520 388 1569 οὐκ
422 1519 747 1583 ἀναμένοντας.
814 1525 850 1571 εὶ
886 1521 934 1572 δὲ
969 1521 1024 1585 δὴ
1062 1522 1228 1572 τούτου
1265 1522 1443 1587 γένοιτο
1470 1523 1544 1571 καὶ
1570 1523 1874 1590 ἀφαμαρτεῖν,

304 1600 414 1651 ἀλλ’
467 1603 548 1652 οὖν
596 1602 856 1654 πεπονθόσι
907 1604 1145 1669 περιέσται
1197 1604 1366 1654 λοιπὸν
1406 1602 1460 1655 τὸ
1509 1602 1596 1654 κᾶν
1645 1604 1702 1672 ἐξ
1735 1605 1875 1668 αὐτῆς

305 1682 535 1735 δύνασθαι
579 1690 698 1735 νοεῖν
738 1687 821 1749 τῆς
864 1687 1023 1752 πείρας
1066 1685 1120 1736 τὸ
1164 1687 1416 1752 ἀναγκαῖον
1453 1687 1527 1736 καὶ
1568 1686 1869 1755 ὀνησιφόρον.

261 1772 288 1812 b
308 1770 382 1817 οὐκ
426 1766 533 1832 ἔγνω
575 1767 729 1817 τοίνυν
777 1769 928 1835 φησὶν
978 1768 1003 1817 ὁ
1045 1766 1269 1837 Ἐφραὶμ,
1321 1769 1467 1819 καίτοι
1514 1768 1874 1832 πεπολιωμένος,

304 1849 531 1911 τουτέστι,
575 1855 754 1915 μακροῦ
806 1847 1129 1915 διαγεγονότος
1171 1848 1356 1917 χρόνου,
1397 1852 1472 1900 καὶ
1523 1851 1604 1901 οὐκ
1649 1849 1875 1905 ἀνικάνως

304 1930 494 1998 ἔχοντος
527 1934 591 1983 εἷς
625 1929 678 1981 τὸ
704 1934 951 1982 παιδεῦσαι
981 1930 1149 1982 λοιπὸν
1180 1933 1254 1981 καὶ
1286 1932 1534 1982 ἀναπεῖσαι
1558 1935 1738 1996 μαθεῖν,
1770 1933 1874 1983 τίνα

304 2013 360 2077 δὴ
400 2011 575 2079 τρόπον
621 2014 774 2066 αὐτοῖς
823 2012 883 2064 τὰ
924 2012 1076 2064 τοιοίδε
1117 2012 1404 2077 συμβέβηκε.
1481 2017 1555 2064 καὶ
1599 2013 1670 2065 ὅτι
1712 2037 1867 2081 προσ-

303 2094 519 2160 κέκρουκε
555 2099 621 2165 τῷ
657 2094 897 2162 διασώζειν
935 2095 1159 2162 ἰσχύοντι,
1186 2096 1348 2150 δεινοῖς
1380 2098 1455 2146 καὶ
1493 2096 1732 2160 ἀδοκήτοις
1757 2097 1868 2148 ἐνώ-

302 2181 475 2228 λισθον
511 2181 684 2231 κακοῖς.

242 2395 288 2418 10
310 2378 384 2420 Καὶ
408 2382 774 2423 ταπεινωθήσεται
809 2381 832 2422 ιῖι
864 2382 978 2437 ὕβρις
1007 2384 1079 2422 τοῦ
1097 2380 1270 2437 Ἰσραὴλ
1297 2379 1356 2422 εἰς
1381 2382 1612 2437 πρόσωπον
1637 2381 1776 2433 αὑτοῦ,
1803 2383 1871 2423 καί

372 2462 446 2503 οὐκ
479 2463 745 2520 ἐπέστρεψαν
782 2464 888 2520 Πρὸς
925 2464 1069 2521 Κύριον
1106 2465 1178 2506 τὸν
1205 2464 1313 2506 Θεὸν
1352 2465 1506 2515 αὐτῶν,
1534 2468 1601 2506 καί
1632 2465 1707 2506 οὐκ
1735 2465 1872 2523 ἐξεζή-

267 2556 288 2582 e
371 2562 501 2588 τΗσαν
529 2548 655 2590 αὐτὸν
681 2548 725 2589 ἐν
751 2551 853 2591 mim
877 2550 1054 2590 τούτοις.

375 2659 645 2725 Ἐρμηνεύει
687 2666 858 2730 σαφῶς
898 2661 1012 2728 ὅπερ
1054 2660 1158 2730 ἔφη·
1211 2662 1259 2711 τί
1294 2659 1386 2726 γὰρ
1430 2661 1512 2712 οὐκ
1563 2659 1681 2727 ε”γνω
1724 2660 1871 2712 καίτοι

303 2742 649 2804 πεπολιωμένος
689 2745 714 2794 ὁ
758 2743 982 2812 Ἐφραὶμ,
1029 2744 1268 2809 διατρανοῖ
1311 2741 1474 2793 πάλιν.
1547 2746 1568 2803 ἦ
1612 2742 1706 2809 γὰρ
1745 2742 1869 2813 ὕβρις

353 2898 383 2932 7.
408 2888 653 2935 (ἶνταγώνιστος
670 2892 758 2938 (Sic)
777 2894 822 2928 D.
1001 2905 1053 2928 10.
1080 2894 1299 2938 δεδαπάνηται
1317 2893 1408 2928 Edd.
1575 2904 1629 2940 25.
1655 2897 1715 2929 τοῦ
1731 2906 1800 2929 om.
1820 2895 1868 2930 D.

304 2934 430 2978 (AN.)
572 2939 626 2972 28.
651 2940 738 2984 ἔφην
756 2940 844 2985 (sic)
864 2940 908 2975 D.
960 2941 1085 2976 Statim
1102 2942 1135 2976 τί
1153 2941 1194 2976 Β.
1212 2941 1262 2976 ὅτι
1282 2941 1327 2976 D.
1346 2942 1384 2976 τὸ
1403 2940 1493 2976 Edd.
1655 2953 1710 2988 29.
1736 2941 1772 2977 δέ
1789 2948 1869 2987 post

302 2981 471 3025 διατρανοῖ
486 2982 566 3018 add.
588 2984 631 3018 D.

1900 630 1921 666 5

1902 1050 1948 1074 10

1895 1869 1998 1898 20.
