2021 3434
119 161 207 204 xiii.
231 163 271 204 6.
558 165 632 205 IN
674 163 908 205 OSEAM.
967 162 1118 204 TOM.
1150 160 1255 202 VII.
1611 157 1692 197 265

121 275 206 322 θον
239 276 333 323 τῶν
367 273 502 325 θείων
539 273 913 341 κατορθωμάτων
942 271 1028 338 τὴν
1059 269 1304 340 ὑπεροχήν.
1368 268 1532 319 οὐκοῦν
1558 268 1620 319 ὡς
1645 265 1701 334 ἐξ
1756 274 1917 354 {fg-32.

121 353 246 405 οἴνου
298 355 523 420 Σοδόμων
564 357 940 420 μεμεθυσμένους
984 354 1232 421 μονονουχὶ
1275 350 1501 402 διανύττει
1544 348 1698 414 λέγων

122 435 192 486 ὅτι
230 459 280 488 τε
318 436 456 491 αὐτὸς
490 438 558 502 ε’ίη
592 441 764 507 σαφῶς
794 440 818 488 ὁ
850 439 925 488 καὶ
951 443 977 467 “
996 437 1052 506 ἐξ
1080 436 1206 487 οἴκου
1239 432 1480 486 δουλείας”
1510 431 1693 500 ἐξενεγ-
1758 439 1864 514 {230}-

123 516 231 582 κὼν,
258 520 334 570 καὶ
371 518 706 587 προστεταχὼς
740 518 816 570 διὰ
842 518 1101 580 Μωυσέως,
1130 520 1191 571 ὡς
1217 524 1245 546 “
1265 516 1369 566 Οὐκ
1399 513 1591 565 ἔσονταί
1618 535 1699 563 σοι
1759 507 1814 558 ΠΕῙ
1829 505 1864 566 3]

81 610 104 649 5
125 606 151 629 ‘⁶
171 602 266 651 θεοὶ
299 601 441 666 ἕτεροι
473 600 604 666 πλὴν
630 602 780 665 ἐμοῦ,”
809 603 885 651 καὶ
919 600 989 651 ὅτι
1022 598 1163 663 μόνος
1200 597 1337 651 αὐτὸς
1364 597 1388 647 ὁ
1415 596 1559 666 σώζων
1596 596 1700 645 ἐστὶ

124 685 200 732 καὶ
231 683 446 747 ἀνιδρωτὶ
485 687 725 750 κατορθῶν
761 687 857 734 πᾶν
890 682 1005 748 ὅπερ
1043 681 1280 743 βούλοιτο,
1307 677 1444 731 αὐτὸς
1468 679 1493 728 ὃ
1518 680 1695 746 τροφο-
1760 685 1909 767 ἒζῖῖρρ

125 762 344 832 φορήσας
374 763 493 815 κατὰ
527 763 612 828 τὴν
646 765 829 831 ε’ρημον,
856 766 931 814 καὶ
961 765 1009 814 ἐν
1046 766 1105 830 γῇ
1140 761 1293 830 ἐρήμῳ
1327 761 1402 810 καὶ
1437 758 1600 828 ἀβάτῳ
1626 760 1701 808 καὶ
1760 752 1898 802 xiii-18·

126 844 307 915 ἀνύδρῳ
339 846 496 911 πηγὰς
530 847 614 911 μὲν
648 845 828 897 ὑδάτων
858 847 992 907 ἀνεὶς,
1027 846 1196 897 καθιεὶς
1237 842 1286 893 δὲ
1327 841 1381 893 τὸ
1421 840 1588 905 μάννα,
1626 842 1740 890 καὶο

126 927 269 994 ἄρτον
307 929 526 994 ἀγγέλων
558 930 632 980 καὶ
667 929 722 996 ἐξ
753 928 949 995 οὐρανοῦ
982 925 1281 993 δωρούμενος,
1308 925 1383 975 καὶ
1409 925 1471 977 ὡς
1497 924 1545 973 ἐν
1573 919 1703 991 τάξει

62 1037 109 1062 10
127 1009 341 1074 ποιμένος
372 1012 552 1077 ἀγαθοῦ
589 1009 901 1070 καταβόσκων
938 1012 1000 1062 εἷς
1038 1008 1270 1072 εὐθυμίαν,
1301 1005 1426 1058 κατέι
1455 1003 1540 1060 τοὶς
1566 1003 1704 1073 νομέις

128 1091 266 1144 αὐτῶν
325 1093 427 1158 ἤτοι
478 1092 562 1147 τὰς
609 1092 852 1159 ἀπάρσεις.
933 1092 1155 1143 ἀνενδεεῖς
1209 1088 1303 1155 γὰρ
1356 1086 1481 1152 ἦσαν
1528 1084 1705 1140 παντὸς

127 1175 307 1240 ἀγαθοῦ
347 1174 465 1226 κατὰ
505 1174 590 1239 τὴν
631 1174 802 1241 ἔρημον
839 1177 882 1224 οἱ
924 1173 980 1242 ἐξ
1009 1169 1225 1238 Ἰσραὴλ,
1264 1171 1410 1221 καίτοι
1446 1167 1616 1221 τόπους
1655 1169 1704 1218 ἐκ

127 1255 285 1308 τόπων
325 1258 394 1307 ἀεὶ
436 1258 804 1321 μεταμείβοντες,
848 1257 925 1306 καὶ
967 1256 1014 1306 ἐν
1058 1258 1119 1322 γῇ
1161 1253 1353 1322 τραχείᾳ
1396 1253 1471 1303 καὶ
1509 1250 1705 1320 ἀκάρπῳ

130 1338 522 1405 καταυλιζόμενοι.

65 1433 112 1472 15
202 1420 310 1488 Χρὴ
345 1420 401 1485 δὴ
438 1422 519 1472 οὖν
553 1421 645 1488 ἄρα
680 1424 946 1486 μεμνῆσθαι
984 1418 1060 1471 διὰ
1098 1418 1287 1481 παντὸς,
1326 1415 1389 1468 ῶν
1429 1414 1487 1467 ἂν
1522 1415 1704 1483 ε”χοιμεν

129 1501 258 1570 παρὰ
282 1507 420 1567 Θεοῦ,
447 1505 523 1555 καὶ
547 1503 633 1568 τὴν
657 1505 730 1555 ἐπὶ
763 1502 941 1556 τούτοις
966 1500 1118 1566 λήθην
1142 1502 1203 1554 ὡς
1228 1497 1447 1552 ἀποτάτω
1471 1501 1705 1550 ποιεῖσθαι
1723 1525 1745 1550 a
1775 1515 1854 1550 183
1870 1513 1923 1549 A.

132 1588 287 1653 φιλεῖν
311 1588 392 1650 τῆς
419 1587 594 1637 ἑαυτῶν
619 1585 832 1648 διανοίας,
859 1587 921 1638 ὡς
955 1584 1152 1650 ὀλέθρου
1186 1581 1428 1651 πρόξενον,
1456 1582 1530 1631 καὶ
1559 1602 1707 1646 παρο-

132 1667 299 1734 τρύνον
336 1672 398 1722 εἶς
434 1667 756 1734 ἀγανάκτησιν
792 1667 876 1719 τὸν
914 1665 1105 1730 ἁπάσης
1131 1666 1241 1730 ἡμῖν
1265 1664 1509 1734 εὐημερίας
1535 1664 1708 1728 δοτῆρα

135 1748 274 1801 Θεόν.
341 1750 366 1801 ὁ
399 1749 492 1817 γὰρ
529 1749 782 1818 ἀχάριστος
824 1752 885 1803 ὡς
926 1747 1235 1818 βλάσφημος,
1273 1745 1391 1797 κατά
1432 1768 1486 1812 γε
1526 1743 1579 1796 τὸ
1618 1742 1707 1795 ὑπό
1767 1751 1875 1828 {uprg-

69 1855 118 1880 20
135 1854 218 1883 του
247 1836 414 1902 σοφῶς
445 1833 695 1899 εἰρημένον.
1791 1807 1831 1838 ⁵9
1869 1821 1876 1828 ’

141 2069 218 2112 Καὶ
241 2070 564 2113 ὲνεπλύσθΗσαν
600 2068 659 2112 εἰς
691 2070 954 2121 ΠλΗσμονιὶν,
982 2071 1050 2112 καὶ
1083 2068 1317 2120 ὑψώθΗσαν
1356 2066 1397 2110 αἱ
1436 2067 1603 2125 καρδίαι
1640 2066 1712 2108 αὐ-

203 2153 302 2196 τῶν·
340 2155 466 2195 ἕνεκα
491 2155 642 2196 τούτου
667 2154 930 2196 ὲπελάθοντό
954 2169 1048 2203 μου.

203 2276 397 2346 ”Ωσπερ
435 2282 478 2330 οἱ
510 2283 605 2330 τῶν
643 2282 813 2346 ἰατρῶν
849 2276 1169 2346 ἐμπειρότατοι
1199 2275 1282 2330 τὰς
1314 2280 1408 2327 τῶν
1435 2272 1716 2339 νοσημάτων

139 2360 189 2411 εὖ
222 2359 355 2425 μάλα
387 2365 742 2428 περιαθροῦντες
775 2362 936 2425 αἰτίας,
961 2365 1057 2415 τοῖς
1092 2358 1185 2411 ἀπὸ
1220 2362 1302 2422 τῆς
1334 2358 1497 2425 τέχνης
1526 2359 1710 2408 ἐπικου·
1731 2363 1759 2405 b

72 2460 121 2500 25
138 2442 346 2510 ρήμασιν
365 2441 642 2494 ἀνακόπτειν
661 2442 937 2509 ἐπείγονται·
977 2440 1096 2493 κατὰ
1121 2440 1204 2492 τὸν
1231 2438 1371 2491 αὐτὸν
1391 2437 1516 2503 οἶμαι
1542 2438 1717 2505 τρόπον

140 2526 217 2576 καὶ
250 2526 275 2576 ὁ
307 2529 402 2576 τῶν
435 2524 561 2576 ὅλων
595 2524 716 2579 Θεὸς
753 2528 815 2578 εἰς
853 2530 962 2576 νοῦν
999 2523 1095 2574 ε”σω
1134 2524 1209 2573 καὶ
1246 2521 1439 2588 καρδίαν
1468 2522 1603 2588 ὁρῶν,
1634 2519 1718 2574 τὰς

141 2611 236 2659 τῶν
274 2609 323 2658 ἐν
362 2607 473 2671 ἡμῖν
514 2610 680 2658 παθῶν
722 2606 868 2659 αἰτίας
909 2603 1265 2672 περιεργάζεται,
1305 2605 1425 2655 οὕτω
1462 2625 1512 2655 τε
1549 2601 1718 2655 λοιπὸν

192 2771 226 2806 6.
250 2771 470 2816 τροφορήσας
487 2771 575 2816 (sic)
592 2770 783 2805 Aubertus.
903 2778 935 2815 7.
961 2770 1014 2804 καὶ
1032 2768 1226 2804 secundum
1243 2780 1313 2802 om.
1332 2768 1380 2802 D.
1496 2769 1529 2803 8.
1554 2768 1666 2804 καθεὶς
1682 2768 1718 2803 b.

145 2830 179 2865 9.
205 2818 354 2864 ἀγγέλου
373 2819 420 2853 D.
434 2819 468 2853 b.
486 2818 547 2853 sed
564 2818 607 2852 cf.
627 2818 682 2852 De
699 2817 767 2852 Ad.
787 2828 854 2862 233
871 2828 901 2851 a.
921 2816 1049 2861 Glaph.
1068 2817 1133 2860 287
1152 2828 1181 2850 a.
1201 2815 1361 2861 ἀγγέλων
1377 2814 1481 2849 habet
1500 2815 1543 2850 B.
1594 2815 1720 2850 Statim

145 2866 199 2899 καὶ
215 2872 437 2910 assumptum
454 2877 495 2899 ex
514 2865 608 2899 B.D.
888 2874 943 2898 10.
969 2861 1143 2907 εὐθυμίαν]
1162 2862 1314 2906 εὐθηνίαν
1331 2861 1424 2896 Edd.
1440 2862 1558 2897 invitis
1576 2862 1671 2897 B.D.
1683 2863 1719 2897 b.

148 2923 202 2957 19.
228 2913 282 2946 καὶ
298 2924 360 2957 pro
377 2912 420 2948 ὡς
439 2911 530 2946 Edd.
627 2922 683 2947 21.
709 2912 773 2946 Καὶ
790 2910 886 2957 prius
904 2922 975 2944 om.
994 2911 1031 2944 F.
1050 2909 1170 2955 (Alex.
1192 2908 1289 2954 106.)
1387 2920 1442 2944 22.
1467 2908 1652 2944 ἐπελάθετο
1671 2909 1719 2944 D.

147 2970 202 3002 24.
227 2958 506 3004 περιαρθροῦντες
524 2957 615 2994 Edd.
806 2966 861 3003 25.
887 2957 1067 3003 ἐπάγονται
1085 2968 1147 3003 pro
1164 2956 1351 3002 ἐπείγονται
1367 2955 1428 2992 iid-

204 3030 297 3060 VOL.
319 3031 347 3058 1.
874 3029 905 3056 M
927 3031 969 3056 m
