2021 3434
124 189 178 229 xi.
206 201 269 239 10,
298 202 359 229 11.
571 189 645 229 IN
687 188 922 229 OSEAM.
982 186 1129 227 'POM
1171 185 1247 225 VI.
1612 185 1694 224 239

124 305 151 327 ‘⁶
176 300 252 350 καὶ
290 297 429 367 ἰσχὺν
467 297 708 360 βασιλέων
748 297 996 366 διαῤῥήξω,
1034 296 1205 365 ἀνοίξω
1249 295 1515 361 ἔμπροσθεν
1554 293 1695 343 αὐτοῦ

123 387 150 409 “
173 380 331 447 θύρας,
365 383 440 431 καὶ
473 379 634 435 πόλεις
668 381 722 431 οῦ
756 377 1232 446 συγκλεισθήσονται.
1300 376 1391 442 ἐγὼ
1430 374 1697 441 ἔμπροσθέν

122 469 151 491 “
176 486 268 514 σου
293 462 584 530 πορεύσομαι
611 464 684 514 καὶ
709 461 794 530 ὅρη
822 463 1018 526 ὁμαλιῶ·
1066 460 1208 527 θύρας
1232 463 1412 528 χαλκᾶς
1433 457 1695 526 συντρίψω,

123 551 150 573 “
176 547 251 595 καὶ
276 542 482 612 μοχλοὺς
509 548 730 610 σιδηροῦς
756 543 1034 605 συνθλάσω,
1062 545 1136 593 καὶ
1163 542 1303 593 δώσω
1328 564 1408 592 σοι
1434 538 1699 606 θησαυροὺς

82 646 103 684 5
125 633 151 655 “
177 624 442 680 σκοτεινοῦς
467 625 779 695 ἀποκρύφους,
806 624 1030 691 ἀοράτους
1065 624 1235 691 ἀνοίξει)
1272 622 1391 675 σοι.”
1456 621 1698 686 νενικηκὼς

123 713 367 775 τοιγαροῦν
394 709 418 758 ὁ
447 712 620 775 Κῦρος,
649 710 724 759 καὶ
757 707 875 759 κατὰ
910 706 1077 773 κράτος
1104 706 1225 756 ἑλὼν
1255 705 1339 769 τὴν
1366 705 1696 765 Βαβυλωνίων,

123 791 261 854 ἀνῆκε
284 789 366 840 τὸν
390 789 608 857 Ἰσραήλ.
663 793 736 841 καὶ
764 789 819 853 δὴ
847 792 922 840 καὶ
948 786 1371 852 ὑπονοστήσαντες,
1398 785 1696 855 κατῳκήκασι
1716 795 1743 835 d

124 870 210 936 τὴν
252 871 442 923 ἑαυτῶν.

197 955 340 1005 Τουτὶ
378 953 432 1005 τὸ
471 953 674 1020 διήγημα
710 952 988 1019 διερμηνεύει
1026 950 1180 1017 λέγων
1218 953 1242 1002 ὁ
1277 950 1523 1019 προφήτης
1553 949 1708 1012 Ὠσηέ

61 1036 206 1091 10‘05
240 1035 346 1087 λέων
382 1035 604 1106 ἓρεύξετοιι.
664 1035 733 1090 τίς
771 1034 1006 1104 ἑρεύξετοιις
1055 1038 1209 1100 Κῦρος
1247 1033 1478 1097 δηλονότι.
1542 1031 1701 1095 ὅμοιον

56 1175 60 1179 ,
124 1121 186 1171 ὡς
225 1121 261 1168 εἶ
305 1117 437 1184 λέγοι
474 1117 617 1185 τυχὸν
659 1116 828 1168 Δεινὸν
867 1120 941 1168 καὶ
984 1115 1217 1182 διαβριθὲς
1258 1114 1376 1166 κατὰ
1409 1117 1490 1178 τῆς
1532 1118 1693 1175 Βαβυ-

124 1200 319 1262 λωνίων,
371 1201 396 1250 ὁ
445 1199 574 1266 παρὰ
627 1200 787 1267 Κύρου
842 1199 1068 1263 κτυπήσει
1128 1198 1349 1261 πόλεμος.
1440 1196 1700 1264 ὠρυομένου

126 1279 174 1333 δὲ
212 1282 367 1346 αὐτοῦ,
399 1285 473 1333 καὶ
512 1281 652 1333 οἱονεί
684 1305 807 1336 τινος
845 1280 1035 1334 λέοντος
1076 1278 1474 1347 κατακεκραγότος
1511 1283 1605 1330 τῶν
1644 1280 1698 1330 δι’

125 1365 330 1419 ἐναντίας
366 1365 648 1426 ἐκστήσονται
687 1361 817 1416 τέκνά
855 1360 1035 1415 ὑδάτων.
1098 1365 1172 1414 καὶ
1204 1362 1258 1414 τὸ
1295 1362 1379 1426 μὲν
1422 1363 1704 1423 ἐκστήσονταί

62 1472 107 1511 15
127 1452 289 1515 φησιν,
330 1449 430 1498 ἀντὶ
470 1454 553 1499 τοῦ
594 1446 1058 1512 καταπλαγήσονται.
1122 1445 1256 1497 τέκνά
1293 1444 1340 1496 δὲ
1382 1442 1558 1506 ὑδάτων,
1594 1443 1700 1496 τοῦς

127 1530 459 1590 Βαβυλωνίους
497 1531 661 1599 φησὶν,
700 1528 743 1579 οἳ
782 1534 877 1583 τοῖς
917 1533 1011 1579 τῶν
1051 1524 1216 1579 ὑδάτων
1254 1526 1428 1590 τέκνοις,
1469 1526 1738 1585 τουτέστι,ο

126 1616 221 1664 τοῖς
247 1613 295 1662 ἐν
322 1613 462 1663 ὕδασι
489 1617 682 1677 νηκτοῖς,
709 1610 856 1677 ἤγουν
882 1610 1040 1678 ἰχθύσι
1067 1616 1455 1678 παραχωροῦντες
1486 1608 1615 1660 οῦδὲν
1639 1613 1701 1663 εἰς

128 1693 316 1756 δειλίαν,
354 1693 600 1759 εὐπτόητοί
639 1716 690 1745 τε
735 1695 810 1744 καὶ
855 1693 1071 1759 ἄνανδροι
1113 1691 1188 1743 διὰ
1230 1693 1392 1758 πείρας
1432 1692 1572 1755 αὐτῆς
1616 1714 1699 1757 γε·

128 1773 315 1840 γονότες
340 1775 624 1827 ἁλώσονται.
680 1774 977 1840 ἑτοιμότατον
1002 1774 1049 1826 δὲ
1074 1773 1191 1841 πρὸς
1218 1776 1393 1825 δειλίαν
1416 1778 1510 1824 τῶν
1531 1773 1704 1840 ἰχθύων

63 1885 111 1909 20
129 1855 183 1907 τὸ
213 1857 359 1922 γένος,
391 1860 466 1908 καὶ
498 1858 659 1927 φεύγει
693 1857 777 1922 μὲν
810 1857 1024 1920 κτύπους,
1049 1861 1336 1923 παραιτεῖται
1371 1855 1419 1907 δὲ
1451 1858 1525 1907 καὶ
1556 1855 1705 1919 μόνην

129 1938 214 2002 τὴν
256 1945 337 1990 τοῦ
381 1944 614 2006 θηρῶντος
656 1939 809 1992 σκιάν.
873 1940 986 1991 ὅταν
1029 1940 1183 1990 τοίνυν
1226 1939 1491 2010 ἑρευγομένου
1532 1937 1703 2003 Κύρου,

130 2023 269 2088 φησὶ,
313 2023 388 2072 καὶ
422 2021 570 2073 δεινόν
596 2046 638 2074 τι
664 2025 740 2074 καὶ
766 2026 993 2092 φρικῶδες
1020 2024 1103 2086 τῆς
1139 2022 1458 2083 Βαβυλωνίων
1490 2026 1701 2071 καταλα-

129 2103 362 2170 λοῖζοντος,
411 2105 734 2171 καταπλαγείη
783 2108 849 2174 τῷ
899 2104 1039 2174 φόβῳ
1088 2103 1147 2155 τὰ
1195 2108 1288 2155 τῶν
1339 2100 1504 2154 ὑδάτων
1554 2103 1702 2160 τέκνά,

0 2185 3 2231 3
130 2186 384 2248 τουτέστιν,
410 2189 452 2237 οἱ
479 2187 775 2248 Βαβυλώνιοι
812 2191 907 2240 τοῖς
946 2190 1134 2254 ἶχθῦσιν
1167 2189 1228 2239 εἷς
1262 2186 1438 2236 δειλίαν
1474 2208 1697 2252 παραχω-
1720 2209 1742 2233 a
1773 2200 1852 2234 166
1873 2198 1922 2233 Α,

2 2276 5 2323 ’“,
64 2292 111 2330 25
129 2273 316 2333 ροῦντες
360 2268 505 2320 οὐδέν.
572 2268 677 2319 τότε
721 2272 794 2320 καὶ
840 2266 966 2339 ὀρνέου
1004 2269 1135 2333 δίκην
1173 2270 1248 2318 καὶ
1291 2269 1544 2336 περιστεράς
1579 2271 1698 2318 οὶπο-

4 2370 7 2411 ’,
131 2350 367 2409 πτῆσοντοιι
399 2349 474 2410 τῆς
500 2350 725 2415 Αἰγύπτου
750 2353 826 2402 καὶ
849 2353 891 2401 οὶ
916 2348 1066 2401 πάλαι
1090 2348 1476 2418 συμπεφευγότες
1502 2349 1549 2399 ἐν
1575 2349 1703 2417 αὐτῇ·

131 2433 510 2497 ἀποδραμοῦνται
548 2431 596 2483 δὲ
638 2435 720 2496 τῆς
761 2433 1018 2483 Χαλδαίων
1061 2434 1136 2483 καὶ
1180 2435 1221 2482 οἱ
1258 2434 1340 2494 τῆς
1378 2430 1707 2498 αἰχμαλωσίας

129 2512 371 2568 ἐναλόντες
397 2518 491 2567 τοῖς
517 2512 720 2581 βρόχοις.
777 2512 1068 2582 ἐπανήξουσί
1086 2536 1135 2564 τε
1161 2512 1341 2574 λοιπὸν,
1362 2515 1434 2563 καὶ
1461 2511 1706 2577 οἰκήσουσι

130 2594 218 2659 τὴν
243 2598 433 2647 ἑαυτῶν.

63 2711 111 2746 30
202 2677 347 2746 Ἐξὸν
380 2678 461 2728 οῦν
495 2678 614 2746 ἔχειν
637 2676 697 2728 τὰ
722 2675 891 2742 ἀγαθὰ,
922 2680 1029 2746 Θεῷ
1052 2679 1134 2741 τῆς
1165 2677 1364 2729 διανοίας
1392 2676 1707 2745 ὑποφέροντας

130 2759 211 2811 τὸν
253 2760 436 2828 αὐχένα,
476 2762 550 2811 καὶ
593 2761 666 2811 ὑπ’
700 2760 823 2827 αὐτῷ
859 2758 1150 2824 πράττοντας
1187 2759 1328 2829 μόνῳ,
1366 2757 1432 2823 μὴ
1470 2761 1706 2811 ἐθελονταὶ

178 2912 211 2943 4.
238 2901 420 2934 συνκλάσω
440 2901 485 2935 D.
505 2899 638 2945 (A.V.)
1019 2907 1052 2943 5.
1078 2898 1239 2942 ἆνοίξωσι
1257 2898 1346 2944 (Sic)
1364 2911 1427 2943 pro
1444 2899 1565 2944 ἅνοίξω
1583 2915 1641 2935 σοι
1660 2901 1706 2935 D.

136 2957 189 2992 17.
207 2946 307 2981 ὕδασι
327 2948 372 2982 D.
391 2947 485 2981 ὕδατι
505 2946 595 2982 Edd.
743 2946 795 2979 18.
814 2944 991 2989 εὖπτόητοί
1007 2945 1100 2979 B.D.
1119 2946 1281 2979 εὐάλωτοί
1294 2946 1386 2980 Edd.
1527 2959 1582 2982 22.
1609 2962 1707 2982 κατα-

134 2995 293 3036 λάζοντος
311 2994 500 3028 Aubertus.
644 3001 698 3038 27.
725 2994 794 3028 τοῖς
811 2994 868 3036 τῆς
885 2992 1119 3038 αἰχμαλωσίας
1135 2992 1310 3029 ἐναλόντες
1326 2993 1463 3029 inverso
1480 2994 1601 3029 ordine
1620 2995 1666 3029 D.
