2021 3434
110 180 165 221 iii.
193 182 340 236 13-16.
563 182 634 222 IN
677 182 950 223 JOELEM.
1011 182 1160 223 TOM.
1195 182 1255 222 Π.
1600 183 1683 223 357

109 287 162 339 τὸ
188 292 372 354 πλῆθος
397 289 452 354 δὴ
479 291 559 341 οὖν
593 295 685 342 τῶν
721 290 810 342 ὑπὸ
840 291 986 344 πόδας
1026 291 1242 356 κειμένων
1271 293 1501 355 ὑποδηλοῖ
1529 291 1684 357 λέγων

108 369 387 439 (Υπερχεῖτοιι
416 374 475 424 τὰ,
500 374 727 434 ὑπολήνισι.

177 454 313 519 ςΗχοι
349 458 563 526 {fixae-av
596 460 632 510 ἑν
666 465 712 532 τῇ
748 457 923 510 κοιλάδι
959 458 1032 518 τῆς
1071 455 1210 518 δίκης.
1280 462 1354 509 καὶ
1387 459 1435 509 τί
1467 457 1522 522 δὴ
1549 463 1686 509 τοῦτο

108 537 267 596 ε”στινς
315 540 418 593 ἔθος
462 545 555 594 τοῖς
598 541 745 606 ἁγίοις
786 539 1051 609 προφήταις
1089 539 1148 591 τὰ
1187 540 1387 601 ἐσόμενα
1429 563 1682 607 προαπαγ-

67 637 88 675 5
109 619 309 685 γέλλειν,
336 623 410 672 καὶ
441 624 488 672 ἐν
522 623 679 675 αὐταῖς
715 622 819 673 ἔσθ’
849 622 923 673 ὅτε
962 623 1175 687 γίνεσθαι
1204 628 1304 677 ταῖς
1335 628 1427 673 τῶν
1457 624 1680 689 πραγμά-

106 726 200 753 των
226 706 519 771 φαντασίαις,
547 702 669 754 ὥστε
705 706 778 754 καὶ
818 706 930 770 ὁρᾶν
969 705 1056 768 ἤδη
1095 707 1243 754 δοκεῖν
1273 704 1330 754 τὰ
1370 705 1581 769 δρώμενα
1612 708 1685 755 καὶ

107 786 368 850 ἀκροᾶσθαι
408 790 590 853 φωνῶν.
651 788 724 836 καὶ
759 792 873 851 γοῦν
911 787 935 836 ὁ
975 786 1226 838 θεσπέσιος
1264 787 1510 853 προφήτης
1549 789 1685 851 Ἱερε-

105 867 213 930 μίας
244 867 302 917 τὰ
336 873 430 920 τοῖς
454 869 692 921 Ἰουδαίοις
726 867 1068 932 συμβησόμενα
1105 872 1474 937 προαναφωνῶν,
1507 871 1581 919 καὶ
1617 869 1685 919 ὅτι

104 949 291 1002 πάντως
325 949 470 1014 ἄρδην
506 950 730 1000 ἀπολέσει
768 949 1058 1012 κεκινημένος
1093 953 1153 1002 εἷς
1185 949 1342 1016 μάχην
1374 951 1398 1000 ὁ
1426 954 1679 1019 Ναβουχο-
1704 964 1730 1004 d

42 1053 87 1078 10
107 1030 320 1096 δονόσορ,
346 1033 420 1082 καὶ
454 1036 514 1085 εἰς
550 1031 694 1096 αὐτὴν
730 1038 811 1082 τοῦ
846 1031 1056 1092 πολέμου
1087 1030 1172 1095 τὴν
1198 1033 1374 1096 ἀτερπῆ
1403 1033 1512 1083 θέαν
1537 1035 1686 1098 ἡρπά-

105 1113 218 1179 ζετο,
245 1116 491 1182 μονονουχὶ
519 1113 567 1165 δὲ
600 1117 673 1165 καὶ
698 1113 886 1177 πληθὺν
913 1113 1171 1179 ἀμέτρητον
1197 1114 1469 1177 τεθεαμένος
1496 1120 1684 1181 νεκρῶν,

104 1196 313 1265 ε”φασκεν
357 1204 383 1225 “
405 1197 548 1257 Οἵμοι
598 1197 702 1261 ἐγὼ,
747 1196 816 1247 ὅτι
859 1198 1058 1248 ἐκλείπει
1096 1197 1123 1261 ἡ
1168 1196 1303 1265 ψυχή
1348 1221 1438 1259 μου
1479 1200 1550 1248 ἐπὶ
1590 1203 1686 1252 τοῖς
1747 1200 1895 1283 {Ilienixn

105 1286 132 1309 ‘⁶
155 1278 499 1346 ἀνῃρημένοις.”
562 1278 771 1330 τοιοῦτόν
804 1301 861 1341 τι,
889 1277 1098 1346 καθάπερ
1133 1276 1322 1348 ἐγῷμαι,
1358 1282 1431 1330 καὶ
1468 1281 1492 1330 ὁ
1529 1279 1679 1343 μακά-
1792 1269 1797 1275 ’

103 1384 199 1427 ριος
224 1360 365 1425 Ἰωὴλ
397 1361 656 1419 πεπονθὼς,
689 1361 812 1428 τάχα
842 1384 934 1412 που
965 1361 1047 1412 τὸν
1081 1363 1128 1412 ἐν
1165 1361 1359 1431 πολέμῳ
1385 1360 1589 1428 θόρυβον
1624 1367 1686 1417 εἷς

40 1462 86 1501 15
105 1444 182 1496 οὖς
207 1443 400 1510 ἐδέχετο,
426 1443 647 1511 ταύτῃτοί
670 1448 820 1510 φησιν
840 1441 979 1506 ῗΗχοι
1012 1444 1227 1512 {gigno-av
1255 1446 1291 1495 ἐν
1323 1450 1369 1518 τῇ
1404 1441 1581 1495 κοιλάδι
1610 1444 1685 1504 τῆς

105 1527 242 1588 δίκης.
312 1531 386 1579 καὶ
431 1525 628 1579 κοιλάδα
669 1526 754 1590 μὲν
800 1525 925 1582 δικνς
969 1526 1177 1593 ὀνομαζέι
1226 1534 1309 1579 τοῦ
1351 1528 1560 1590 πολέμου
1603 1527 1685 1580 τὸν

102 1614 272 1678 χῶρον,
298 1613 360 1664 ὡς
395 1611 477 1660 οὐκ
515 1611 586 1678 εφ’
615 1610 752 1679 ἑτέρῳ
785 1633 872 1661 τινι
903 1615 997 1661 τῶν
1033 1612 1178 1661 ἐθνῶν
1210 1612 1257 1661 ἐν
1289 1612 1412 1661 αυτῶ
1446 1634 1724 1678 συνενηγ-θ

103 1692 266 1755 μένων,
292 1691 320 1757 ἢ
355 1716 426 1743 ινα
465 1691 632 1758 πικρὰς
670 1693 894 1743 ἐκτίσωσι
933 1693 1076 1746 δι’·κας
1120 1693 1379 1762 εξηχουντας
1407 1691 1510 1743 δὲ
1482 1717 1628 1757 νχους,
1654 1692 1682 1759 ἦ

103 1773 186 1829 τὰς
227 1779 320 1826 τῶν
363 1773 631 1826 πιπτόντων
672 1773 912 1840 ὀλολυγὰς
954 1775 1114 1826 ἐνθαδε
1159 1777 1321 1844 φησιν,
1363 1774 1391 1840 ἢ
1442 1798 1548 1828 τους
1591 1779 1685 1826 τῶν

39 1878 86 1904 20
106 1858 337 1909 νικώντων
378 1857 715 1923 ἀλαλαγμούς.’
771 1858 1021 1920 συμβαίνει
1059 1856 1152 1923 γὰρ
1187 1859 1234 1908 ἐν
1272 1857 1496 1920 πολέμοις
1535 1881 1678 1909 κατα-

104 1943 283 1991 στένειν
310 1938 394 2004 μέν
417 1938 523 1993 τοὺς
554 1941 824 2003 πίπτοντας,
851 1939 1211 2005 ε’παγάλλεσθαι
1247 1939 1294 1991 δὲ
1333 1945 1428 1993 τοῖς
1467 1939 1686 2003 κειμένοις

104 2022 210 2077 τοὺς
238 2022 589 2087 κεκρατηκότας,
618 2024 692 2072 καὶ
717 2023 765 2073 εὖ
788 2022 922 2083 μάλα
944 2024 1302 2089 ἐπικαυχᾶσθαι.

169 2104 328 2156 “Ηλιον
369 2105 416 2155 δὲ
460 2107 534 2155 καὶ
572 2106 741 2166 σελήνην
787 2103 1192 2169 σκοτισθήσεσθαί
1229 2109 1364 2173 φησι,
1406 2106 1479 2156 καὶ
1519 2104 1684 2159 αὐτοὺς

106 2185 154 2238 δὲ
194 2189 415 2255 ἀφεγγεΐς
453 2186 650 2238 ε”σεσθαι
684 2186 779 2241 τοῖις
818 2188 1023 2252 ἀστέρας.
1092 2188 1166 2237 καὶ
1191 2187 1292 2254 οὐχὶ
1319 2187 1375 2251 δὴ
1412 2187 1597 2240 πάντως
1624 2189 1686 2241 ὡς

40 2291 86 2329 25
105 2275 242 2320 τοῦτο
279 2269 391 2320 αὐτὸ
425 2273 520 2320 τῶν
554 2270 800 2336 στοιχείων
837 2269 1127 2333 πεισομένων
1165 2270 1445 2333 τοτηνικοίδε,
1481 2270 1589 2320 ἀλλ’
1625 2272 1685 2322 ὡς

105 2351 276 2406 σκότος
314 2354 614 2415 ἐμποιοῦντος
652 2357 734 2402 τοῦ
772 2351 995 2415 πολέμου,
1031 2353 1105 2402 καὶ
1146 2350 1242 2402 οἷον
1271 2350 1425 2419 ἀχλὺν
1459 2356 1558 2405 ταῖς
1593 2356 1725 2402 τῶνε
1759 2370 1837 2403 241
1856 2368 1906 2402 A.

105 2434 376 2498 ἡττωμένων
412 2434 604 2487 ἐνιέντος
643 2433 802 2503 ὄψεσι.
868 2438 1036 2484 σκοτοῖ
1063 2432 1155 2500 γὰρ
1191 2435 1259 2483 ἀεὶ
1292 2440 1374 2484 τοῦ
1405 2433 1608 2485 θανάτου
1633 2433 1686 2484 τὸ

105 2519 246 2579 δεῖμα,
277 2519 348 2567 καὶ
376 2516 675 2579 ἀπαμβλύνει
699 2515 780 2566 τὸν
808 2522 915 2566 νοῦν
941 2519 1193 2583 συμφορᾶς
1224 2515 1451 2580 ἀδοκήτου
1476 2516 1686 2582 μέγεθος,

106 2601 179 2649 καὶ
231 2597 393 2665 ὥσπερ
443 2598 572 2668 ζόφῳ
623 2598 945 2662 καταμελαίνει
994 2598 1186 2663 καρδίαν
1236 2603 1332 2651 τοῖς
1390 2599 1687 2665 ὑπερμέτροις

157 2732 186 2755 1.
213 2721 311 2765 δηλοῖ
328 2721 420 2755 Edd.
622 2732 654 2767 5.
680 2721 835 2765 πράξεων
853 2721 911 2754 11(].
1107 2732 1137 2765 7,
1157 2721 1189 2754 8.
1218 2721 1314 2755 Haec
1333 2722 1688 2767 καὶ-προαναφωνῶν

107 2775 326 2802 accesserunt
343 2781 384 2802 ex
404 2768 445 2802 B.
713 2780 745 2812 9.
771 2770 896 2802 πάντας
914 2779 975 2812 pro
992 2768 1123 2803 πάντως
1140 2767 1199 2801 iid.
1462 2780 1515 2803 10.
1541 2768 1684 2815 ἀτερπῆ]

107 2814 237 2859 ἀπρεπῆ
255 2815 314 2849 iid.
364 2816 524 2860 ἑρπάζετο
544 2814 647 2848 Pont.
666 2816 794 2859 εἱρπάζ.
813 2815 907 2848 Aub.
1209 2826 1261 2848 11.
1289 2815 1324 2848 δὲ
1343 2822 1563 2860 assumptum
1582 2829 1624 2851 ex
1644 2817 1686 2850 B.

113 2872 164 2906 13.
195 2862 290 2896 Haec
308 2864 325 2896 ὁ
341 2863 501 2905 μακάριος
519 2868 698 2905 assumpta
715 2873 755 2895 ex
776 2861 816 2895 Β.
995 2872 1046 2903 14
1073 2859 1124 2906 ἐν]
1146 2865 1181 2901 -4-
1198 2863 1244 2908 τῷ
1266 2861 1357 2895 Edd.
1551 2873 1604 2908 17.
1635 2863 1685 2897 ἐπ’

110 2920 172 2952 pro
190 2908 224 2942 ἐν
241 2908 299 2942 iid.
352 2908 567 2953 συνηγμένων
584 2908 642 2942 iid.
833 2918 887 2953 25.
919 2911 984 2941 τῶν
1002 2910 1180 2952 στοιχείων
1195 2923 1404 2952 πεισομενων
1422 2909 1488 2943 hoc
1505 2910 1625 2944 ordine
1644 2910 1689 2944 B.

113 2965 168 2999 27.
194 2954 326 3000 σκοτοῖ]
347 2957 470 2990 σκότος
485 2955 545 2988 iid.
788 2966 842 3000 29.
869 2956 964 3000 ζόφῳ
985 2955 1024 2988 Β.
1045 2955 1142 2999 ηλιον
1162 2955 1251 2990 Edd.
1301 2956 1480 3002 καταμελ,]
1500 2962 1536 2998 -k-
1552 2957 1611 3001 τὴν
1628 2957 1685 2992 iid.

112 3001 380 3047 ὑπερμέτροις]
366 3003 449 3046 υπέρ
467 3016 588 3046 μετρον
605 3001 663 3035 iid.
