2021 3434
122 165 192 205 vii.
217 178 279 215 10,
307 178 369 207 11.
592 167 666 208 IN
707 167 902 209 AMOS.
965 166 1114 208 TOM.
1152 166 1239 207 III.
1616 165 1699 204 503

188 288 287 330 τοὺς
323 290 472 337 λόΓουε
510 291 653 333 αὐτοῦ·
702 293 809 335 διότι
850 293 950 334 τάδε
991 289 1378 340 λέΓειἈμάκ;Ἐν
1413 286 1605 346 ρομᾳκῆᾳ
1636 299 1768 327 τε-ΙΙ
1819 299 1839 323 e

190 377 650 433 λευτύσει-Ἵεροβοὰμ,
685 379 707 420 ὁ
746 378 791 419 δὲ
823 378 996 435 Ἰσραὴλ
1039 375 1308 432 αἰχμάλωτος
1349 376 1578 430 ἀχθήσεται
1615 370 1702 412 ἀπὸ

191 461 264 498 τῆς
292 462 363 505 Γιῖιε
390 459 533 500 αὐτοῦ.

197 571 590 638 Ἀνεπικούρητον
634 575 702 623 ἀεὶ
754 573 808 624 τὸ
860 577 1034 642 ψεῦδος
1076 573 1156 640 ἀφ’
1203 574 1380 633 ἑαυτοῦ,
1424 573 1499 621 καὶ
1543 573 1585 620 οἱ
1625 570 1706 631 τῆς

85 665 106 703 5
128 652 308 717 ἀπάτης
333 653 473 707 πόδες
499 653 681 720 σαθρὸν
701 655 862 722 ε”χουσι
883 654 935 706 τὸ
963 655 1170 721 ἔρεισμα.
1228 652 1468 719 τοιγάρτοι
1496 655 1705 717 γελᾶται,

127 735 264 800 μόλις
303 742 403 791 ταῖς
441 738 613 806 ἔξωθεν
648 740 925 804 ἐπικουρίαις
958 742 1019 791 εἰς
1058 738 1111 788 τὸ
1149 736 1342 787 ἑστάναι
1375 733 1703 800 κρατούμενον.

129 819 225 871 οἷον
249 820 304 885 δὴ
330 821 468 872 τοῦτό
495 823 597 872 ἐστι
624 820 676 872 τὸ
704 825 786 885 τῆς
811 827 893 872 τοῦ
917 820 1119 887 Ἰσραὴλ
1143 818 1537 883 εἷδωλολατρείας.
1589 819 1702 878 μεθ-

129 902 304 953 υόντων
333 902 426 969 γὰρ
461 901 517 966 ἦν
552 903 797 969 ἀθύρματα
828 902 887 952 τὰ
912 904 1019 968 παρ’
1058 904 1231 963 αὐτοῖς,
1263 899 1488 963 δαμάλεις
1521 902 1709 965 χρυσαῖ,

129 992 157 1014 “
183 984 296 1051 ἔργα
321 984 532 1038 τέκτονος
571 988 644 1035 καὶ
679 984 993 1052 χωνεύματα,”
1022 983 1141 1035 κατὰ
1174 982 1228 1033 τὸ
1261 981 1605 1048 γεγραμμένον,
1636 981 1711 1030 καὶ
1729 1000 1751 1023 a
1773 990 1864 1069 I{2¹7
1881 988 1933 1023 A·

64 1092 110 1117 10
129 1066 268 1133 τέχνη
307 1065 457 1133 χειρὸς
496 1066 803 1132 ἀνθρωπίνης,
843 1068 917 1116 καὶ
953 1067 1157 1117 ἀνοσίων
1195 1062 1543 1131 ἐγχειρημάτων
1574 1060 1709 1127 εὑρή-
1776 1050 1868 1122 Χ.1ΞῙῙ’

129 1170 270 1210 ματα.
337 1149 446 1198 ἀλλ’
476 1150 517 1198 οἱ
549 1147 632 1210 μὲν
665 1147 882 1214 μακάριοι
919 1150 1161 1216 προφῆται
1199 1151 1431 1198 καλοῦσιν
1468 1148 1530 1198 εἰς
1568 1147 1715 1211 νῆψιν

130 1227 237 1283 τοὺς
275 1234 373 1283 ταῖς
412 1229 610 1283 ἀπάταις
644 1230 1021 1295 κεκρατημένους·
1071 1233 1113 1280 οἱ
1145 1229 1192 1280 δὲ
1227 1233 1321 1279 τῶν
1347 1226 1554 1278 εἰδώλων
1582 1231 1717 1293 θερα-

129 1313 304 1373 πευταὶ,
349 1311 698 1376 καταλυομένης
741 1310 903 1379 ὥσπερ
945 1313 1099 1366 αὐτοῖς
1142 1314 1225 1375 τῆς
1265 1310 1382 1374 ὅλης
1425 1311 1618 1372 σκηνῆς,
1664 1309 1718 1358 οὐ

130 1393 326 1460 μετρίως
369 1393 695 1461 ἀσχάλλουσι,
742 1400 1061 1446 καταπτοοῦσι
1105 1398 1200 1447 τοῖς
1242 1393 1445 1455 δείμασι,
1488 1389 1575 1455 τὴν
1625 1394 1719 1440 τῶν

67 1494 112 1533 15
131 1475 450 1538 πλανωμένων
495 1480 751 1542 θρηνοῦσιν
795 1476 1047 1546 ἀνάνηψιν.
1127 1476 1265 1526 ’ίσασι
1308 1473 1401 1540 γὰρ
1444 1473 1514 1524 ὅτι
1556 1477 1717 1542 γοργῷ

132 1559 206 1608 καὶ
240 1557 516 1624 ἐγρηγορότι
550 1562 614 1627 νῷ
644 1561 726 1622 τῆς
762 1559 870 1625 παρ’
899 1560 1051 1612 αὐτοῖς
1084 1556 1300 1624 λατρείας
1331 1556 1416 1620 τὴν
1440 1555 1718 1620 βεβήλωσιν

133 1640 465 1706 ἀταλαίπωρον
501 1643 624 1692 ἰδεῖν.
695 1641 861 1692 ἐκδέδιε
895 1641 1048 1692 τοίνυν
1083 1641 1108 1691 ὁ
1139 1640 1348 1704 βεβηλος
1371 1638 1625 1701 Ἀμασίας,
1651 1637 1759 1702 μὴί)

133 1723 225 1789 ἄρα
269 1728 364 1777 τοῖς
407 1730 490 1776 τοῦ
536 1725 795 1793 Προφήτου
845 1728 1166 1792 παρενεχθεῖεν
1211 1722 1373 1788 λόγοις
1425 1726 1486 1776 εἰς
1538 1722 1717 1786 εἴδησιν

134 1805 316 1872 ἀγαθὴν
355 1810 396 1857 οὶ
441 1805 675 1870 δαμάλεσι
718 1812 817 1861 ταῖς
860 1812 1059 1874 χρυσαῖς
1102 1810 1383 1872 προσκυνεῖν
1421 1807 1712 1855 ἀναπεπεισ-

67 1911 116 1936 20
134 1887 275 1952 με’νοι,
326 1892 401 1938 καὶ
451 1889 792 1954 ἀπολισθήσειε
840 1889 924 1955 μὲν
976 1892 1058 1953 τῆς
1104 1889 1359 1954 ἱερουργίας
1399 1886 1548 1948 αὐτὸς,
1591 1888 1712 1937 ἀπο-

135 1975 327 2020 λοῦνται
353 1969 401 2020 δὲ
427 1975 522 2024 τοῖς
548 1970 784 2034 τεμένεσιν
818 1972 934 2035 ὁμοῦ
968 1971 1028 2022 τὰ
1062 1972 1110 2022 ἐν
1146 1971 1298 2024 αὐτοῖς
1334 1968 1429 2035 ἕδη.
1498 1969 1717 2036 ταύτῃτοι

134 2051 425 2118 παραθήγειν
467 2058 680 2119 πειρᾶται
720 2052 802 2104 τὸν
845 2052 1106 2120 Ἱεροβοάμ,
1150 2054 1400 2120 μονονουχὶ
1448 2054 1529 2115 τῆς
1574 2051 1717 2100 αὐτοῦ

135 2136 384 2196 βασιλείας
420 2135 847 2204 κατεξανίστασθαι
882 2135 1036 2202 λε’γων
1068 2134 1151 2186 τὸν
1175 2133 1349 2198 Ἀμὼς,
1384 2135 1459 2185 καὶ
1498 2135 1716 2199 διαβριθῆ

136 2240 239 2268 τινα
271 2219 345 2268 καὶ
377 2216 616 2285 ἀφόρητον
650 2217 738 2282 ἤδη
772 2241 872 2272 πως
906 2220 1183 2281 ἀποτολμᾶν
1208 2222 1442 2269 ποιεῖσθαι
1467 2215 1628 2281 λόγον,
1655 2217 1755 2269 ὡςο

70 2315 118 2354 25
137 2298 406 2368 τεθνήξεται
446 2299 529 2358 μὲν
569 2299 706 2354 αὐτὸς
744 2301 781 2352 ἐν
820 2302 1041 2371 ῥομφαίᾳ,
1075 2303 1300 2361 βαδιεῖται
1339 2299 1386 2350 δὲ
1425 2300 1500 2349 καὶ
1535 2298 1718 2367 αἰχμαί-

138 2395 278 2437 λωτος
305 2388 323 2433 ὁ
350 2383 546 2448 Ἰσραήλ.

211 2462 438 2515 Τοιοῦτόν
472 2486 516 2514 τι
553 2462 828 2531 πεπράχασι
860 2466 934 2514 καὶ
971 2467 1013 2514 οἱ
1049 2463 1245 2517 τάλανες
1271 2464 1497 2525 Ἰουδαῖοι,
1524 2460 1608 2516 τὰς
1644 2463 1718 2513 ε’πὶ

138 2548 338 2614 Χριστῷ
364 2545 654 2598 συντιθέντες
682 2546 1014 2614 συκοφαντίας.
1079 2544 1233 2610 ἐπειδὴ
1265 2544 1358 2611 γὰρ
1386 2550 1481 2598 τοῖς
1508 2545 1718 2607 θαύμασι

138 2625 482 2691 καταπλήττων
531 2625 616 2691 τὴν
664 2625 892 2678 Ἰουδαίαν
940 2626 1119 2681 πάντας
1168 2626 1323 2678 ἐκάλει
1370 2625 1489 2693 πρὸς
1541 2625 1719 2690 ἑαυτὸν,

189 2795 220 2818 2.
246 2782 480 2829 ἀπαχθήσεται
500 2783 535 2818 F.
556 2783 653 2829 (42.)
848 2794 881 2829 5.
908 2782 1145 2829 ἐρηρεισμένον
1162 2795 1225 2829 pro
1241 2784 1280 2818 τὸ
1296 2784 1436 2828 ἔρεισμα
1454 2784 1497 2818 Α.
1515 2784 1656 2828 ἔρειο-μα
1673 2783 1717 2818 Β.

142 2840 173 2875 7.
206 2830 301 2864 Haec
319 2833 378 2864 τοῦ
399 2830 474 2876 [τοῦ
491 2842 561 2865 om.
582 2830 642 2876 B.]
661 2829 802 2874 Ἰσραὴλ
827 2837 1048 2865 accesserunt
1071 2843 1112 2865 ex
1131 2831 1223 2865 A.B.
1273 2831 1548 2876 εἰδωλολατρίαις
1565 2830 1655 2875 (sic)
1673 2832 1716 2865 A.

141 2878 175 2912 8.
201 2879 266 2922 γὰρ
284 2884 505 2921 assumptum
524 2889 565 2912 ex
583 2877 623 2912 B.
672 2878 803 2923 ἄθυρμα
822 2877 864 2911 Β.
882 2877 992 2911 invito
1010 2880 1053 2911 A.
1169 2889 1220 2912 10·
1247 2877 1414 2922 εὑρήματα
1431 2878 1474 2912 Α.
1494 2878 1604 2922 εὑρέμ.
1624 2877 1718 2912 Edd.

146 2935 198 2967 14.
226 2924 384 2970 δείγμασι
404 2924 494 2958 Edd.
769 2924 820 2959 16.
847 2923 1060 2970 βεβήλωσιν]
1085 2928 1120 2965 4-
1142 2925 1200 2958 οὐκ
1219 2924 1309 2958 Edd.
1329 2925 1606 2970 repugnantibus
1624 2924 1717 2959 A.B.

145 2982 198 3005 21.
225 2973 308 3015 ὁμοῦ
326 2971 415 3005 Α.Β.
434 2971 546 3007 αὐτοῖς
567 2971 656 3005 Edd.
708 2970 782 3015 αἵδη
801 2983 863 3016 pro
881 2971 938 3015 ἕδη
957 2971 999 3005 Α.
1142 2981 1197 3017 25.
1225 2972 1277 3006 καὶ
1295 2979 1514 3016 assumptum
1533 2984 1573 3005 ex
1592 2971 1681 3005 AB.
