2021 3434
320 215 375 254 48
715 216 762 254 Β.
807 215 1077 255 CYRILLI
1119 216 1496 257 ALEXANDR.
1791 217 1832 257 ii.
1855 229 1894 271 3.

318 324 589 374 τετελέκασι
633 323 841 391 χρόνους.
926 325 979 375 οῦ
1022 326 1281 391 γεγονότες,
1325 329 1400 377 καὶ
1451 331 1517 396 τῷ
1561 330 1643 391 τῆς
1683 327 1895 381 δουλείας

317 406 680 473 κατηχθισμένοι
706 406 842 476 ζυγῷ,
868 406 1002 458 ἔθυον
1026 406 1111 470 μὲν
1144 413 1243 462 ταῖς
1273 408 1538 472 δαμάλεσιν
1570 408 1731 460 οὐκέτι·
1793 413 1895 463 ’πῶς

317 487 422 553 γὰρ,
458 486 487 551 ἢ
525 485 693 549 πόθεν;
740 492 781 539 οἱ
824 488 872 540 δὲ
910 488 1035 553 ἦσαν
1076 491 1124 540 ἐν
1164 491 1388 557 ἀφύκτοις
1427 492 1514 556 ἤδη
1560 496 1728 545 κακοῖς·
1780 492 1891 541 ἀλλ’

318 568 421 620 οὐδὲ
461 569 601 620 αὑτὸν
640 571 951 622 ἐπεκαλοῦντο
993 570 1076 622 τὸν
1119 571 1272 623 Βάαλ·
1327 572 1563 624 διετέλουν
1602 572 1651 624 δὲ
1689 578 1892 635 μᾶλλον,

316 654 399 708 τὰς
442 655 617 705 ἑαυτῶν
662 655 991 722 ἀνοιμώζοντες
1041 657 1309 727 συμφοράς.
1385 658 1523 710 τοῦτό
1564 681 1636 709 τοι
1676 659 1826 727 φησὶν
1867 659 1934 711 65
1989 666 2003 703 ἶ

278 741 410 787 ετῶν
454 736 580 787 ὅλων
630 736 897 802 Δεσπότης,
950 744 1038 790 Καὶ
1096 741 1231 809 ἑξαρῶ
1287 740 1352 801 τὴν
1408 743 1600 812 πορνείαν
1658 743 1788 800 αὐτῆς
1840 741 1891 792 ἐκ

316 818 550 888 προσώπου
594 844 692 888 μου,
747 826 824 872 καὶ
876 819 945 881 τὴν
993 825 1196 889 μοιχείαν
1246 823 1379 884 αὑτῆς
1428 825 1477 875 ἐκ
1528 822 1665 891 με’σου
1708 828 1892 890 μαστῶν

317 905 465 961 αὐτης.
571 903 812 969 οἰχήσεται
887 903 980 970 γὰρ
1057 904 1370 972 αἰχμάλωτος,
1447 907 1588 974 φησὶ,
1663 906 1737 955 καὶ
1807 905 1891 955 οὐκ

315 982 497 1052 ὄψομαι
538 983 745 1035 θύουσαν
795 984 860 1036 ε”τι
903 990 969 1056 τῷ
1012 987 1164 1050 Βάαλ,
1209 989 1313 1039 οὔτε
1356 993 1457 1042 ταῖς
1505 986 1740 1051 δαμάλεσι
1790 991 1890 1041 ταῖς

315 1071 514 1133 χρυσαῖς
540 1068 848 1118 ἐπιτελοῦσαν
875 1069 1255 1133 ὁλοκαυτώματα,
1280 1072 1329 1121 ἐκ
1354 1073 1539 1134 πολλῆς
1565 1069 1687 1135 ἄγαν
1712 1071 1889 1135 ἀγερω-
1912 1080 1995 1122 101

314 1147 418 1215 χίας
449 1152 697 1216 μονονουχὶ
727 1152 800 1200 καὶ
832 1152 1204 1216 ἀπογυμνοῦσαν
1234 1158 1330 1206 τοῖς
1362 1154 1490 1206 ἰδίοις
1527 1153 1747 1217 ἐρασταῖς
1779 1150 1888 1205 τοὺς
1977 1145 1981 1160 ⁷

314 1229 541 1293 μαστούς·
589 1231 927 1300 ἐφησθήσομαι
965 1233 1013 1285 δὲ
1050 1239 1240 1298 μᾶλλον
1277 1235 1492 1303 ἀλυούσῃ
1527 1258 1575 1285 τε
1613 1235 1688 1285 καὶ
1717 1240 1884 1285 ταλαι-
1975 1255 1979 1272 ¹

315 1312 602 1381 πωρουμένῃ,
629 1316 705 1364 καὶ
731 1314 988 1379 ἀνήκεστον
1012 1315 1189 1385 ἐχούσῃ
1216 1315 1485 1383 συμφορὰν,
1512 1318 1559 1367 ἐν
1583 1320 1646 1382 γῇ
1673 1316 1757 1367 οὐκ
1784 1316 1888 1385 ἰδίᾳ,
1973 1337 1976 1353 ¹

1972 1389 1975 1415 ι

110 1413 167 1447 34
187 1411 237 1445 A.
280 1421 302 1445 a
320 1396 394 1445 καὶ
421 1394 510 1446 ὑπὸ
543 1399 704 1450 δεινοῖς
737 1399 811 1448 καὶ
846 1403 1026 1465 πικροῖς
1058 1399 1342 1467 γεγενημένῃ
1373 1398 1639 1453 δεσπόταις.
1712 1400 1888 1450 ἐποίσω

317 1475 366 1527 δὲ
413 1482 571 1539 ταῦτα,
616 1480 697 1542 τῆς
740 1481 850 1543 ε’μῆς
899 1481 1159 1546 ἐπικουρίας
1206 1480 1556 1546 ἀπογυμνώσας
1604 1478 1759 1544 αὐτὴν,
1812 1483 1887 1532 καὶ
1913 1453 1974 1570 ι5ἷ

313 1559 563 1627 ἀσχήμονα
604 1561 968 1624 καταλελοιπὼς,
1007 1565 1070 1616 ὡς
1109 1564 1156 1613 ἐν
1197 1562 1264 1617 οῖς
1307 1561 1364 1627 ἧν
1402 1565 1450 1614 ἐν
1487 1565 1650 1630 ἀρχαῖς
1685 1564 1886 1628 ὁρᾶσθαι
1966 1572 2006 1634 Ξ).

313 1642 636 1707 γεγενημένην,
676 1642 752 1694 ὅτε
796 1643 878 1695 τὸν
917 1647 1000 1708 τῆς
1034 1646 1307 1711 Αἰγυπτίων
1350 1646 1625 1714 πλεονεξίας
1666 1646 1883 1714 ἁχθοφο-
1964 1623 1969 1733 ἑ

311 1730 465 1790 ροῦσα
499 1723 650 1791 ζυγὸν,
678 1725 831 1791 γυμνὴ
866 1727 1057 1778 διετέλει
1090 1730 1172 1791 τῆς
1206 1726 1336 1794 παρὰ
1374 1730 1486 1792 ἐμοῦ
1522 1726 1711 1795 χάριτός
1736 1750 1786 1778 τε
1810 1729 1886 1779 καὶ
1962 1740 1967 1813 ξ

310 1807 510 1872 ἀγάπης,
546 1810 619 1858 καὶ
657 1809 832 1875 σοφίας
873 1812 1074 1873 νομικῆς.
1140 1811 1306 1861 οὐκοῦν
1346 1814 1407 1864 εἰς
1446 1807 1770 1878 ὑποστροφὴν,
1810 1813 1886 1862 καὶ
1962 1819 1964 1842 ²

309 1887 475 1941 ἀνόπιν
509 1887 657 1956 ὥςπερ
693 1894 832 1941 ἰοῦσα
863 1891 1010 1942 ποίλιν
1041 1893 1090 1943 ἐν
1122 1891 1187 1946 οἷς
1226 1891 1295 1957 ἦν,
1328 1893 1520 1959 γε’γονεν
1549 1893 1576 1956 ἡ
1609 1891 1884 1960 Συναγωγὴ,
1905 1907 1963 1942 20⁴

309 1970 396 2031 τὴν
420 1971 597 2040 μεταξὺ
622 1972 760 2037 τιμήν
785 1996 834 2024 τε
860 1975 936 2024 καὶ
962 1973 1108 2042 δόξαν
1133 1974 1190 2044 ἐξ
1210 1976 1410 2038 ἀμαθίας
1437 1974 1727 2042 ζημιουμένη.

264 2067 290 2108 b
383 2058 537 2105 Τοῦτο
564 2057 639 2105 καὶ
673 2053 810 2108 αὐτὸς
835 2055 954 2119 ἡμᾶς
979 2057 1219 2108 ἐδίδασκεν
1245 2058 1270 2107 ὁ
1296 2056 1475 2124 Σωτὴρ,
1502 2058 1655 2122 λέγων
1680 2063 1708 2086 “
1726 2055 1886 2108 ’Όταν
1955 2062 1959 2127 ξ

88 2124 247 2209 {³123}
308 2143 337 2166 “
362 2135 409 2187 δὲ
447 2135 501 2188 τὸ
541 2135 805 2203 ἀκάθαρτον
837 2143 1019 2201 πνεῦμα
1049 2139 1218 2207 ἐξέλθῃ
1245 2139 1338 2191 ἀπὸ
1365 2145 1448 2190 τοῦ
1472 2138 1735 2206 ἀνθρώπου,
1760 2140 1881 2206 διέρ-

89 2222 140 2252 ⁴5·
308 2225 335 2249 ‘⁶
360 2241 490 2286 χεται
521 2220 576 2270 δι’
616 2219 825 2286 ἀνύδρων
862 2218 1020 2271 τόπων
1058 2221 1220 2287 ζητοῦν
1259 2220 1538 2284 ἀνάπαυσιν,
1571 2223 1646 2272 καὶ
1682 2222 1768 2289 οὐχ
1804 2224 1878 2273 εὑ-

308 2308 334 2330 “
359 2302 526 2367 ρίσκει.
590 2300 694 2353 τότε
737 2302 882 2367 λέγει,
929 2304 1203 2372 ἐπιστρέψω
1248 2308 1311 2358 εἰς
1353 2303 1436 2354 τὸν
1477 2301 1602 2355 οἶκόν
1642 2326 1734 2366 μου
1776 2303 1882 2356 ὅθεν
1902 2325 1943 2359 25

308 2390 334 2413 “
359 2384 573 2452 ἐξῆλθον.
638 2386 713 2435 καὶ
758 2383 900 2436 ἐλθὸν
944 2386 1143 2450 εὑρίσκει
1187 2384 1500 2453 σχολάζοντα,
1547 2386 1883 2452 σεσαρωμένον

307 2471 335 2494 “
360 2469 434 2516 καὶ
483 2468 846 2531 κεκοσμημένον.
931 2468 1035 2519 τότε
1083 2468 1340 2534 πορεύεται,
1392 2469 1467 2519 καὶ
1515 2468 1881 2534 παραλαμβάνει

306 2553 334 2575 “
357 2547 472 2598 ἑπτὰ
505 2549 636 2615 ἕτερα
673 2549 913 2613 πνεύματα
950 2550 1238 2617 πονηρότερα
1276 2551 1452 2613 ἑαυτοῦ,
1494 2552 1568 2602 καὶ
1606 2549 1882 2602 εἰσελθόντα

305 2634 333 2656 “
359 2636 561 2681 κατοικεῖ
581 2633 680 2693 ἐκεῖ,
708 2634 783 2683 καὶ
809 2633 983 2698 γίνεται
1015 2631 1074 2684 τὰ
1108 2633 1290 2700 ἔσχατα
1320 2638 1403 2684 τοῦ
1437 2632 1685 2699 ἀνθρώπου
1710 2632 1881 2684 ἐκείνου

306 2717 333 2740 “
359 2712 544 2778 χείρονα
584 2717 678 2764 τῶν
711 2714 925 2780 πρώτων·
990 2715 1135 2769 οὕτως
1176 2715 1310 2766 ἔσται
1353 2718 1411 2782 τῇ
1456 2718 1592 2784 γενεᾷ
1631 2714 1777 2783 ταύτῃ
1822 2719 1879 2783 τῇ
1899 2738 1934 2773 3(

354 2848 384 2872 2.
411 2838 468 2873 οὐκ
486 2840 534 2873 ἔτι
550 2842 621 2877 ταῖς
639 2842 805 2885 δαμάλεσι
821 2843 958 2878 inverso
975 2843 1096 2878 ordine
1110 2843 1156 2878 D.
1298 2854 1331 2888 3.
1355 2842 1424 2878 οἵδε
1439 2843 1485 2878 D.
1533 2843 1594 2887 ἤδη
1609 2843 1752 2877 accessit
1769 2855 1810 2877 ex
1830 2843 1877 2878 D.

306 2894 339 2926 5·
365 2900 415 2918 '1'01-
433 2898 502 2919 Offl·
523 2886 567 2920 D·
781 2899 812 2934 7.
836 2891 977 2934 μασθῶν
995 2891 1042 2924 D.
1251 2891 1284 2925 8.
1308 2889 1503 2936 οἰχήσονται
1520 2890 1585 2934 γὰρ
1604 2890 1810 2933 αἰχμάλωτοι
1829 2890 1878 2925 D.

311 2942 361 2965 10.
397 2932 618 2967 ἐπιτελοῦσαν
652 2935 697 2969 D.
760 2937 808 2970 ἔτι
836 2939 1005 2973 τελοῦσαν
1037 2937 1126 2972 Edd.
1192 2938 1245 2971 καὶ
1277 2944 1355 2981 post
1383 2939 1475 2971 ὁλοκ.
1506 2937 1586 2971 add.
1611 2936 1671 2970 iid.
1696 2937 1804 2971 invito
1828 2936 1876 2971 D.

310 2989 361 3012 12.
387 2979 537 3022 μασθοὺς
554 2992 688 3024 semper
708 2982 753 3015 D.
1030 2996 1082 3027 14.
1106 2984 1170 3018 ὑπὸ
1188 2984 1314 3019 δεινοὺς
1330 2984 1382 3017 καὶ
1398 2984 1536 3028 πικροὺς
1552 2998 1626 3029 γεγ.
1644 2984 1812 3019 δεσπότας
1830 2983 1876 3018 D.

307 3036 362 3069 23.
389 3025 571 3072 διέρχεται]
592 3028 641 3061 καὶ
661 3028 793 3073 ἔρχεται
814 3029 860 3064 D.
1113 3041 1167 3075 25.
1191 3031 1390 3076 ἐπιστρέψω
1408 3035 1487 3075 post
1503 3046 1567 3075 μου
1584 3037 1716 3075 transp.
1737 3030 1783 3065 D.
