2021 3434
103 191 141 217 V.
162 190 228 233 23,
252 191 317 230 24.
573 179 646 220 IN
686 180 879 222 AMOS.
942 180 1090 221 TOM.
1128 180 1214 221 ΙΙΙ.
1585 179 1665 219 471

99 287 318 347 ἀσέβειαν
360 291 527 355 πρέποι
573 289 631 340 ἂν
669 292 852 345 εἰκότως
896 291 1013 357 ἅπερ
1054 292 1230 359 ἔφαμεν
1274 290 1453 356 ἀρτίως·
1506 286 1667 338 ἀποδέ-
1689 306 1709 330 0

98 391 228 434 χεται
262 369 324 433 δὲ,
356 374 430 421 καὶ
465 373 573 422 λίαν
614 373 843 436 ἀσμένως,
888 378 962 424 καὶ
1005 375 1250 439 προσίεται
1295 370 1416 424 Θεὸς
1453 368 1535 423 τὰς
1579 372 1672 418 τῶν

97 451 146 500 ἐν
183 453 340 502 πίστει
382 455 564 511 θυσίας,
605 453 659 504 τὸ
706 456 1005 520 ὁλοκαύτωμα
1048 454 1102 505 τὸ
1143 451 1466 516 πνευματικὸν,
1506 449 1589 504 τὰς
1628 452 1675 499 ἐν

98 532 276 598 ἑορταῖς
320 535 598 604 ἐπιφανείας.
673 537 973 604 εὐωδιάζομεν
1020 537 1112 604 γὰρ
1164 538 1250 603 οὐχ
1297 533 1497 595 ἑαυτοὺς,
1545 532 1676 583 ἀλλὰ

58 628 80 666 5
99 612 182 665 τὸν
212 617 259 666 ἐν
290 616 397 679 ἡμῖν
431 616 507 667 διὰ
539 624 621 668 τοῦ
649 619 936 682 Πνεύματος,
964 622 1084 687 φημὶ
1119 618 1174 682 δὴ
1210 616 1442 683 Χριστόν.
1509 615 1676 681 πρέποι

101 697 144 746 δ’
181 695 253 760 ἂν,
292 700 366 748 καὶ
400 700 532 762 μάλα
576 700 772 762 εἰκότως,
818 702 871 752 τὸ
913 700 1235 766 ἀπαράδεκτον
1273 703 1335 752 εἰς
1379 698 1563 759 θυσίαν,
1602 700 1677 747 καὶ

101 783 196 833 τοῖς
236 780 440 834 ἀνοσιοις
479 785 717 847 αιρετικοῖς
759 806 832 833 και
872 782 938 835 οἷς
977 783 1060 832 οὐκ
1099 783 1228 832 ἐστιν
1266 784 1426 841 εἰπεῖν,
1469 778 1587 829 κατά
1625 800 1678 844 γε

101 883 206 914 τους
243 863 291 912 ἐν
326 863 483 914 πίστει
518 864 745 962 γνησίους
781 873 807 894 “
826 863 939 915 Οτι
977 867 1193 928 Χριστοῦ
1232 862 1396 912 ευωδία
1435 859 1577 922 ἐσμεν
1615 865 1680 909 τῶ

103 949 130 972 “
154 944 290 1012 Θεῲἶ
281 943 305 959 ”
371 944 498 1009 ὀσμὴ
550 945 642 1012 γὰρ
692 948 846 1000 αυτοῖς
908 947 956 996 ἐν
1010 943 1313 1010 Βεελζεβουλ,
1365 942 1490 1007 ε’ίπερ
1552 921 1781 994 εστινι113

35 1044 83 1070 10
102 1024 274 1089 αληθες
325 1049 395 1077 οτι
450 1029 658 1082 ίὗΟὑδεις
711 1029 836 1093 λεγει
892 1027 1100 1089 ἀναθεμα
1149 1024 1372 1091 Ιησοῦς,”
1427 1047 1465 1074 ει
1517 1022 1581 1088 μὴ
1635 1026 1683 1074 ἐν

103 1107 409 1174 Βεελζεβούλ.
476 1112 831 1178 δυσφημοῦντες
870 1109 917 1160 δὲ
956 1109 1240 1178 ἀφυλάκτως
1279 1110 1319 1158 οὶ
1357 1104 1570 1167 τάλανες,
1608 1108 1682 1157 καὶ

101 1192 184 1252 τῆς
225 1196 307 1241 τοῦ
355 1194 654 1257 Μονογενοῦς
704 1190 1103 1260 καταψευδόμενοι
1154 1190 1308 1259 δόξης,
1354 1189 1436 1239 οὐκ
1487 1189 1684 1257 εὐοσμίᾳ

102 1277 400 1341 πνευματικῇ,
450 1273 670 1344 βορβόρῳ
721 1273 768 1324 δὲ
831 1279 1020 1338 μᾶλλον
1077 1272 1427 1336 καταμεθύοντα
1477 1275 1682 1338 φοροῦσι

135 1352 150 1367 x
283 1360 302 1369 Α

103 1376 185 1404 τον
223 1376 347 1405 νουν.

1742 878 1757 898 2
1745 868 1844 950 5Cor.
1864 868 1898 899 ii.

1747 1037 1758 1058 1
1781 1028 1853 1058 (or.

1743 1072 1797 1102 xii.
1814 1082 1842 1111 3.

37 1568 84 1607 15
103 1570 382 1615 ΜετάστΗσον
416 1572 482 1614 ἀπ’
515 1573 616 1622 ἐμοῦ
650 1570 750 1629 ἦχον
784 1572 906 1628 ᾠὸὠν
941 1588 1027 1624 σου,
1064 1573 1131 1613 καὶ
1167 1571 1338 1622 ψαλμὸν
1375 1570 1568 1627 ὀρΓάνων
1607 1584 1679 1611 σου
1702 1580 1749 1616 23

170 1655 246 1697 οὐκ
279 1657 528 1705 ἀκούσομαι.
589 1658 656 1698 καὶ
688 1658 984 1700 κυλισθέισεται
1016 1657 1076 1698 ὡς
1113 1656 1227 1712 ὕδωρ
1263 1653 1401 1712 κρῖμα,
1430 1653 1497 1694 καὶ
1523 1653 1682 1694 ὃικοιιο-
1702 1666 1750 1699 24

171 1741 269 1782 σύνΗ
297 1741 357 1782 ὡς
382 1741 630 1798 χειμάῤῥουο
655 1741 826 1792 ἄβατος.

175 1867 431 1931 Ἐκπέμπει
468 1872 567 1922 ταῖς
605 1869 782 1934 ἑορταῖς
818 1870 934 1930 ὁμοῦ
975 1870 1050 1918 καὶ
1087 1873 1186 1920 ταῖς
1224 1866 1462 1930 ἀνονήτοις
1498 1864 1718 1917 θυσίαιςΘ

103 1947 187 2003 τὰς
211 1949 441 2019 ὀργανικὰς
468 1951 708 2018 εὐφημίας,
735 1952 816 2002 οὐκ
844 1949 1049 2018 ἀψύχοις
1084 1951 1218 2003 ὕλαις
1255 1947 1308 1999 τὸ
1347 1950 1514 2015 χρῆναι
1546 1946 1681 2014 δοξο-

36 2053 84 2079 20
103 2036 262 2097 λογεΐν
312 2032 557 2094 ἀπονέμων
607 2031 741 2095 Θεὸς,
792 2033 1047 2096 μετατιθεὶς
1099 2031 1146 2082 δὲ
1195 2035 1385 2094 μᾶλλον
1431 2032 1514 2093 τῆς
1561 2031 1682 2079 οὕτω

103 2119 325 2181 λαμπρᾶς
375 2115 581 2168 εὐκλείας
624 2114 709 2179 τὴν
758 2115 944 2183 μέθεξιν
988 2119 1082 2168 τοῖς
1133 2116 1181 2164 ἐκ
1231 2116 1437 2179 καθαρᾶς
1481 2112 1682 2164 διανοίας

103 2199 267 2248 ἀνιεῖσι
292 2197 466 2266 φωνήν·
507 2197 760 2265 δοξολογία
794 2196 885 2262 γὰρ
920 2197 947 2260 ἡ
986 2196 1136 2247 τοιάδε
1168 2194 1289 2258 καλὴ
1313 2197 1387 2245 καὶ
1415 2193 1682 2244 ἁνδάνουσα

104 2282 170 2329 τῶ
206 2278 396 2330 πάντων
432 2278 672 2346 Δεσπότῃ.
735 2279 783 2329 εὖ
821 2277 869 2329 δὲ
908 2277 963 2342 δὴ
1002 2276 1194 2345 σφόδρα
1225 2275 1308 2329 τὰς
1346 2277 1427 2326 οὐκ
1460 2273 1546 2325 οἶδ’
1576 2274 1682 2325 ὅθεν

106 2363 418 2433 ἐξηυρημενας
449 2368 542 2414 τῶν
574 2363 809 2415 ΗΙουδαιων
840 2363 1182 2432 δοξολογίοις,’
1161 2384 1410 2428 οργανικας
1448 2358 1681 2423 δηλονότι,

39 2466 87 2505 25
108 2445 316 2512 καθάπερ
358 2446 476 2512 εφην
517 2447 696 2512 ἀρτίως,
740 2443 841 2508 ἦχον
884 2442 997 2516 ῴὸων
1036 2446 1276 2505 ἀποκαλεῖ,
1317 2442 1403 2506 τὴν
1446 2442 1680 2495 οἱονείπως

105 2529 324 2595 περιττήν
348 2552 451 2579 τινα
476 2552 547 2579 και
576 2532 750 2579 εἷκαῖαν
776 2526 909 2596 ἠχὴν,
935 2526 1122 2591 ἁσημόν
1147 2549 1191 2576 τι
1216 2548 1290 2575 και
1316 2522 1543 2590 ἀδρανες
1532 2527 1680 2574 ιεΐσαν
1697 2548 1719 2572 a
1744 2539 1832 2574 308
1848 2538 1901 2573 A.

155 2720 184 2743 Ι.
209 2707 332 2761 πρέποι
349 2707 390 2742 ἂν
407 2720 474 2743 orn.
495 2710 537 2742 A.
587 2709 716 2753 ἔφημεν
735 2708 776 2741 Β.
921 2718 952 2741 2.
978 2707 1055 2740 λίαν
1073 2706 1116 2740 Α.
1135 2704 1214 2749 μαλ’
1233 2705 1324 2739 Edd.
1469 2715 1501 2750 3.
1530 2706 1568 2739 τὸ
1586 2706 1682 2750 prius

106 2755 226 2790 deest
219 2767 254 2788 1n
273 2755 364 2789 Edd.
637 2755 670 2789 6.
697 2755 817 2790 θυσίας
834 2754 892 2788 iid.
911 2754 1028 2787 invitis
1045 2755 1089 2787 A.
1095 2753 1136 2786 Β.
1420 2762 1450 2796 7.
1477 2753 1530 2785 καὶ
1548 2765 1616 2786 om.
1636 2752 1680 2786 A.

106 2802 211 2836 habet
230 2802 271 2835 B.
319 2802 450 2836 ἔνεστιν
468 2802 510 2836 Α.
1089 2811 1140 2833 10.
1164 2799 1297 2842 Ἰησοῦς
1314 2799 1357 2832 A.
1374 2798 1509 2842 Ἰησοῦν
1528 2799 1569 2832 Β.
1590 2798 1681 2833 Edd.

113 2859 164 2894 17.
191 2847 371 2894 χείμοῤῥος
388 2850 432 2882 A.
747 2859 800 2881 21.
827 2849 884 2891 τῆς
902 2859 964 2892 pro
981 2848 1050 2882 τοῖς
1067 2847 1111 2880 A.
1160 2847 1328 2889 δυνάμεως
1347 2857 1409 2890 pro
1428 2846 1572 2881 διανοίας
1590 2845 1681 2879 Edd.

109 2896 386 2941 repugnantibus
406 2894 494 2929 A.ss.
718 2905 771 2928 22.
799 2894 910 2938 ἀνίησι
928 2895 971 2928 A.
1187 2904 1242 2937 23.
1267 2893 1399 2927 πάντων
1418 2894 1574 2936 Δεσπότῃ
1593 2893 1682 2927 Α.Β.

111 2945 184 2988 Θεῷ
205 2942 295 2977 Edd.
520 2953 575 2984 24.
595 2941 816 2986 ἐξηυρημένας
835 2943 876 2975 Α.
896 2941 1003 2985 ἐξευρ.
1024 2939 1114 2974 Edd.
1337 2950 1391 2984 25.
1421 2939 1515 2974 Haec
1534 2940 1682 2985 καθάπερ

110 2989 196 3034 ἔφην
213 2989 333 3034 ἀρτίως
350 2996 530 3033 assumpta
545 3001 586 3023 ex
604 2988 694 3022 AB.
