2021 3434
304 155 387 194 306
698 156 747 196 Β.
790 154 1066 195 CYRILLI
1107 155 1488 198 ALEXANDR.
1670 158 1696 198 i.
1724 171 1789 210 14,
1817 169 1879 211 15.

302 268 396 316 τοῖς
432 262 559 317 ἰδίοις
594 267 844 330 ἱερουργοῖς
875 262 929 315 τὸ
967 268 1276 330 καθηγεῖσθαι
1310 267 1456 328 λιτῆς,
1484 265 1560 315 καὶ
1595 263 1884 330 προεστάναι

257 351 283 391 b
303 348 557 409 τληπαθῶς
590 350 685 396 τῶν
717 351 779 399 εἷς
812 345 1110 412 μετάγνωσιν
1141 347 1543 410 σπουδασμάτων,
1573 346 1626 397 ἵν’
1656 349 1809 397 εἰδεῖεν
1841 350 1885 398 οἱ

300 426 764 492 πεπλημμεληκότες,
797 430 859 482 ὡς
894 431 930 479 εἱ
968 426 1032 492 μὴ
1075 432 1184 498 Θεῷ
1221 433 1411 493 μᾶλλον
1449 426 1633 479 ἕλοιντο
1671 427 1729 479 τά
1763 427 1886 495 φίλα

302 508 463 574 ζητεῖν,
486 512 559 560 καὶ
587 511 713 579 αὐτῷ
736 511 1025 576 προσάγοιεν
1051 509 1134 564 τὰς
1159 509 1306 573 λιτὰς,
1335 512 1417 561 οὐκ
1443 509 1503 561 ἀν
1530 510 1887 577 διακρούσαιντο

300 590 386 654 τὴν
412 591 575 657 ὀργήν.
641 596 808 659 χρῆναι
834 592 890 656 δὴ
917 593 998 643 οὖν
1023 592 1115 661 ἔφη
1146 591 1253 646 τοὺς
1285 592 1612 659 ἱερατεύοντας,
1639 594 1886 660 μονονουχὶ
1906 619 1929 657 5

302 675 376 723 καὶ
408 673 622 739 δανείζειν
647 680 741 728 τοῖς
769 675 933 728 ἄλλοις
961 673 1068 728 τοὺς
1094 676 1167 726 ε’πὶ
1192 679 1292 728 ταῖς
1320 681 1470 728 λιταῖς
1495 678 1680 738 πόνους,
1710 677 1888 726 κόπετόν

299 778 349 806 τε
389 758 463 806 καὶ
499 755 626 824 θρῆνον
668 761 742 807 καὶ
782 757 957 808 σ-ἀκκου
994 755 1269 822 περιβολὴν,
1296 758 1349 808 δι’
1379 758 1433 808 οὗ
1463 758 1737 822 σημαίνεται
1775 779 1886 822 τρυ-

301 841 394 906 φῆς
417 861 466 889 τε
498 840 573 888 καὶ
608 838 882 902 ἀναπαύλης
917 838 1154 901 ἀπόθεσις,
1181 840 1524 905 σκληραγωγία
1550 862 1598 890 τε
1630 841 1704 890 καὶ
1731 838 1889 902 πόνος,

301 923 376 972 καὶ
403 921 517 988 ζωῆς
543 922 856 988 ἁγιοπρεποῦς
883 919 1000 988 ὀρθὴ
1037 924 1111 972 καὶ
1146 922 1398 986 ἀμώμητος
1424 921 1727 987 ἐπιτήδευσις.
1791 918 1890 971 εἶτα

261 1008 384 1054 cros)
421 1003 568 1054 πόνου
603 1002 689 1067 τὴν
723 1003 874 1053 αἰτίαν
912 1004 1083 1069 ἐναργῆ
1122 1002 1365 1066 καθιστὰς,
1394 1003 1699 1067 ἀπεσχηκένοιι
1738 1003 1890 1070 φησὶν
1911 1035 1959 1060 10
2008 1035 2012 1062 ρ

301 1086 346 1155 ἐξ
382 1087 496 1137 οἴκου
535 1087 647 1137 Θεοῧ
681 1085 828 1136 θυσίαν
870 1091 947 1136 καὶ
989 1083 1188 1146 σπονδήν·
1236 1085 1397 1152 δριμὺς
1435 1087 1461 1136 ὁ
1500 1084 1658 1152 λόγος·
1705 1086 1758 1136 οὐ
1795 1084 1890 1152 γὰρ

299 1168 538 1235 ἐνηνέχθαι
582 1166 701 1234 πρὸς
744 1167 798 1218 τὸ
843 1171 985 1230 μεῖον,
1027 1167 1173 1234 ἤγουν
1218 1169 1530 1231 ἠλαττῶσθαί
1570 1172 1696 1237 φησι
1741 1166 1890 1219 θυσίαν

305 1257 382 1301 καὶ
423 1247 619 1312 σπονδὴν,
657 1250 966 1313 ἀπεσχηκὲνοιι
1012 1251 1060 1300 δὲ
1098 1255 1301 1313 μᾶλλον,
1337 1250 1449 1317 ὅπερ
1488 1251 1591 1301 ἐστὶ
1628 1255 1890 1304 παντελοῦς

304 1334 566 1398 ἀνατροπῆς
602 1331 908 1396 σημαντικόν.
976 1331 1125 1383 δεινὸν
1166 1333 1214 1383 δὲ
1252 1331 1306 1383 τὸ
1345 1336 1504 1400 χρῆμα
1541 1334 1616 1384 καὶ
1654 1332 1889 1400 δυσαχθὲς

303 1417 491 1478 ἀληθῶς
535 1419 630 1467 τοῖς
671 1418 801 1464 λαῶν
844 1414 1208 1480 προεστηκόσιν,
1250 1417 1286 1465 εἷ
1332 1414 1451 1465 κατὰ
1477 1481 1482 1485 ¹
1493 1414 1671 1479 μηδένα
1713 1414 1889 1481 τρόπον
1912 1436 1957 1474 15

301 1495 431 1562 παρὰ
465 1500 558 1546 τῶν
590 1496 936 1563 ὑπεζευγμένων
971 1496 1270 1563 θεραπεύοιτο
1303 1496 1437 1550 Θεός.

233 1732 520 1782 ηἈΓιὰσατε
547 1733 758 1785 νΗστεὶαν,
780 1733 990 1790 κΗρύΞατε
1018 1731 1262 1788 Θεραπείαν,
1285 1733 1538 1779 συναΓάΓετε
1563 1734 1887 1790 Πρεσβυτέρουε,

253 1815 282 1857 d
366 1818 528 1858 Πάντας
565 1818 663 1859 τοὺς
702 1819 1003 1858 κατοικοῦντας
1039 1816 1116 1857 τήν
1154 1821 1226 1863 Γῆν
1265 1814 1326 1856 εἰς
1362 1811 1479 1857 οἶκον
1511 1815 1620 1856 Θεοῦ
1655 1816 1790 1869 ἡμῶν,
1818 1817 1886 1858 καὶ

232 1916 278 1951 15
367 1902 602 1958 κεκράὲατε
628 1901 735 1958 Πρὸς
764 1901 912 1958 Κύριον
938 1901 1134 1949 ὲντενώε,
1161 1897 1289 1951 οἴμοι,
1317 1897 1443 1950 οἶμοι,
1472 1898 1531 1941 εἰς
1559 1901 1733 1957 ἡμέραν.

371 2033 491 2082 Τίνα
534 2031 589 2095 δὴ
630 2030 805 2097 τρόπον
843 2031 1073 2097 προσήκει
1116 2035 1352 2082 ποιεῖσθαι
1393 2029 1447 2082 τὸ
1497 2030 1664 2085 πένθος
1708 2032 1885 2096 αὐτοὺς,
1907 2062 1957 2087 20

298 2117 541 2180 διατρανοῖ
568 2113 730 2175 πάλιν,
767 2115 841 2164 καὶ
879 2112 1131 2179 εἰσηγητὴς
1171 2115 1324 2167 αὐτοῖς
1363 2112 1519 2182 σοφὸς
1558 2115 1770 2182 φαίνεται
1804 2117 1887 2178 τῆς

298 2199 360 2249 εἷς
385 2195 684 2262 μετάγνωσιν
711 2197 833 2257 ὁδοῦ,
861 2198 935 2246 καὶ
969 2195 1027 2245 τὰ
1064 2197 1118 2246 δι’
1146 2193 1209 2246 ὧν
1245 2195 1301 2246 ἂν
1340 2196 1520 2261 γε’νοιτο
1551 2195 1701 2265 πρᾷός
1730 2219 1781 2248 τε
1811 2199 1888 2249 καὶ

298 2280 487 2344 εὐμενὴς
526 2281 551 2330 ὁ
588 2285 682 2331 τῶν
718 2280 843 2331 ὅλων
880 2278 1014 2342 Θεὸς,
1050 2280 1360 2330 καταδεικνύει
1399 2284 1589 2347 σαφῶςί
1654 2287 1792 2333 τοῦτο
1829 2281 1886 2346 δὴ

351 2469 379 2492 1.
405 2459 514 2493 λιταῖς
532 2456 623 2491 Edd.
674 2459 776 2499 τληπ.
795 2471 938 2500 πρωεστ.
957 2456 1027 2490 inv.
1047 2455 1121 2490 ord.
1141 2456 1200 2490 iid.
1335 2468 1369 2501 3.
1394 2456 1734 2502 πεπλημμεληκότες]
1751 2459 1883 2501 πεπλη-

298 2507 396 2550 γότες
407 2504 465 2538 iid.
516 2506 602 2538 Θεὸν
620 2504 678 2538 iid.
698 2511 776 2537 ante
793 2504 924 2547 Migne.
1069 2504 1100 2537 6.
1121 2503 1175 2537 ἐπὶ
1195 2503 1232 2537 Β.
1246 2503 1280 2537 b.
1297 2503 1331 2537 ἐν
1347 2503 1437 2538 Edd.
1487 2503 1644 2549 κοπετόν]
1661 2506 1807 2538 κωκυτόν
1822 2505 1882 2538 iid.

299 2554 332 2586 8.
348 2567 382 2586 τε
401 2559 622 2596 assumptum
642 2563 682 2584 ex
698 2551 737 2584 Β.
751 2551 784 2585 b.
826 2549 1043 2585 ἀναπαύσεως
1061 2562 1123 2594 pro
1140 2550 1332 2593 ἆναπαὺλης
1345 2550 1386 2583 Β.
1428 2565 1464 2584 τε
1483 2552 1541 2584 alt.
1559 2561 1779 2596 assumptum
1794 2563 1836 2585 ex
1847 2551 1883 2585 b.

304 2610 355 2633 11.
384 2601 471 2632 Θεοῦ
490 2599 531 2632 Β.
551 2598 676 2642 Κυρίου
695 2597 786 2631 Edd.
948 2608 1002 2631 12.
1029 2597 1202 2642 ἐνηνέχθαι
1221 2605 1298 2641 post
1314 2599 1408 2639 μεῖον
1424 2604 1556 2642 transp.
1575 2597 1634 2631 iid.
1652 2597 1770 2631 invitis
1790 2597 1832 2631 B.
1847 2598 1882 2633 b.

298 2660 380 2689 γ)υν
398 2651 619 2689 assumptum
638 2656 679 2678 ex
699 2644 739 2678 B.
871 2655 924 2688 13.
949 2646 1137 2680 παντελοῦς
1153 2644 1188 2678 b.
1207 2645 1378 2679 παντελῶς
1397 2643 1489 2678 Edd.
1612 2644 1664 2678 16.
1689 2643 1798 2690 παρὰ]
1818 2645 1882 2678 ὑπὸ

302 2691 392 2725 Edd.
412 2692 529 2726 invitis
549 2691 590 2724 Β.
607 2691 641 2725 b.
789 2692 840 2725 18.
867 2706 945 2726 τους
962 2699 1185 2735 assumptum
1203 2703 1244 2725 ex
1265 2690 1306 2724 B.
1327 2691 1398 2735 (51.
1415 2691 1476 2733 al.)
1525 2690 1584 2733 τὴν
1601 2697 1824 2735 assumptum
1841 2703 1883 2725 ex

301 2738 343 2770 B.
364 2747 434 2780 (22.
453 2739 518 2781 al.)¹
562 2738 654 2782 ἡμῶν
673 2738 714 2771 Β.
734 2738 773 2783 (2
760 2738 811 2772 6.
831 2739 874 2771 al.
879 2737 932 2781 )‘
914 2741 1005 2790 υμῷν
1023 2737 1115 2771 Edd.
1286 2749 1338 2783 19
1365 2738 1546 2781 κεκράξατε
1565 2737 1656 2772 Edd.
1676 2752 1694 2771 κ
1694 2738 1820 2783 ράξατε
1839 2738 1881 2772 Β.

301 2783 340 2827 (2
345 2796 377 2827 3,
400 2785 460 2818 13-
450 2787 533 2829 TQ)
519 2785 578 2818 sed
603 2785 646 2819 cf.
675 2785 797 2819 Pasch.
819 2785 927 2818 Hom.
947 2785 1013 2818 viii.
1035 2794 1098 2830 107
1117 2796 1146 2818 e.
1196 2799 1286 2828 οιμοι
1311 2783 1417 2830 οιμοι]
1437 2789 1474 2824 -1-
1491 2787 1579 2828 οἶμοι
1598 2784 1690 2818 Edd.
1709 2784 1819 2818 invito
1838 2784 1880 2818 B.

301 2834 377 2873 (42,
403 2844 459 2875 49,
484 2832 556 2865 106.
562 2832 578 2876 )
597 2832 639 2865 cf.
659 2832 695 2864 in
714 2832 774 2866 Es.
792 2843 860 2877 315
1232 2842 1286 2865 20.
1306 2831 1423 2867 αὐτοὺς
1440 2831 1612 2866 ποιεῖσθαι
1627 2845 1687 2876 πρ.
1705 2831 1743 2865 τὸ
1759 2831 1881 2866 πένθος

300 2877 358 2909 im
362 2888 414 2910 els
419 2890 437 2910 o
456 2878 576 2911 oldine
595 2877 686 2912 Edd.
1033 2889 1087 2911 21.
1114 2877 1289 2923 ὑφηγητὴς
1306 2878 1366 2912 iid.
1434 2878 1561 2912 Statim
1579 2878 1692 2912 αὐτοῖς
1708 2878 1794 2921 σοφ.
1813 2877 1880 2911 hoc

301 2922 420 2955 online
441 2923 481 2956 Β.
674 2936 727 2958 22.
754 2940 788 2958 τε
807 2945 825 2958 ι
808 2932 1027 2969 ssumpturn
1047 2937 1087 2958 ex
1108 2924 1149 2957 Β.
1343 2936 1395 2969 23·
1423 2926 1440 2958 ὁ
1458 2929 1522 2959 τῶν
1541 2926 1629 2959 ὅλων
1648 2926 1730 2959 Θεὸς
1747 2935 1816 2958 om.
1837 2924 1878 2959 Β.

301 2969 529 3003 κιιταδεῐκνι·σι
549 2970 637 3004 Edd.
690 2973 809 3016 σαφῶς
829 2980 1049 3016 assumptum
1068 2983 1108 3005 ex
1130 2971 1168 3006 Β.
