2021 3434
126 178 357 235 ix-13-15·
589 187 663 227 IN
704 190 895 233 AMOS.
956 193 1105 234 TOM.
1139 196 1216 237 IV.
1621 203 1704 241 543

202 286 330 338 Αὐτὸ
368 289 424 354 δὴ
462 298 634 362 σαφῶς
667 298 968 363 ἠρμήνευσεν,
1008 301 1122 369 ὅπερ
1160 305 1291 374 ἔφην.
1356 308 1431 357 καὶ
1463 311 1498 357 εὶ
1529 308 1613 369 μέν
1636 331 1705 362 τις

127 367 281 420 ἕλοιτο
315 374 514 440 παχεῖάν
557 400 606 428 τε
644 382 720 430 καὶ
760 383 998 448 ἱστορικὴν
1038 391 1271 438 ποιεῖσθαι
1309 387 1394 452 τὴν
1434 390 1699 457 ἀφήγησιν,

125 450 221 515 ε’ρεῖ
239 451 294 516 δὴ
319 454 465 505 πάλιν
491 459 650 522 ἐκεῖνο,
680 464 740 516 ὡς
776 463 1060 530 ἐπήγγελται
1094 473 1264 536 σαφῶς
1296 475 1391 524 τοῖς
1422 471 1508 534 τὴν
1534 475 1703 538 αἰχμα-

123 534 308 584 λωσίαν
353 537 725 606 ὑπομεμενηκόσι
764 545 847 609 τὴν
893 548 1134 612 ἐπάνοδον,
1179 554 1253 601 καὶ
1298 551 1366 602 ὅτι
1405 552 1490 616 τὴν
1528 555 1703 604 ἑαυτῶν

82 615 376 683 5καθέξουσι
413 623 515 685 γῆν,
553 623 714 678 πόλεις
748 649 797 676 τε
833 631 906 679 καὶ
950 630 1100 684 οἴκους
1139 633 1502 697 ἀναδειμάμενοι,
1536 638 1611 686 καὶ
1654 638 1702 685 ἐν

123 700 256 764 καλῷ
293 701 375 762 τῆς
413 703 651 769 εὐημερίας
691 707 858 759 λοιπὸν
899 711 1154 777 γεγονότες,
1195 714 1254 764 τὰ
1292 715 1348 783 ἐξ
1382 718 1540 781 ἀγρῶν
1570 726 1697 767 συλ-

121 777 346 846 λέξουσιν
380 784 547 848 ἀγαθᾶ,
587 789 662 838 καὶ
700 794 766 858 τῷ
806 798 1025 855 γηπονεῖν
1063 796 1349 859 ἐγκείσονται
1388 799 1482 859 μετ’
1524 799 1697 864 εὐφρο-

120 858 268 924 σύνης
293 864 368 913 καὶ
391 871 552 932 χαρᾶς,
580 871 641 922 ὡς
676 870 975 924 ἀδιάλειπτον
1001 877 1154 930 αὐτοῖς
1179 876 1262 927 τὸν
1294 880 1372 929 ε’πί
1392 902 1446 944 γε
1479 885 1577 933 ταῖς
1607 886 1700 931 τῶν
1717 892 1745 932 d

120 941 326 1004 ἡδίστων
347 952 654 1012 συγκομιδαῖς
681 953 900 1017 γενέσθαι
926 955 1084 1020 πόνον,
1105 963 1198 1008 τῶν
1223 959 1280 1027 ἐξ
1302 958 1483 1014 ἅλωνος
1510 964 1701 1026 ἀγαθῶν

55 1041 102 1066 10
120 1026 503 1092 συμποδιζόντων
533 1033 686 1087 αὐτοῖς
720 1034 786 1086 τὸν
823 1037 1035 1105 τρυγητέν,
1061 1042 1419 1105 παρατείνοντος
1451 1043 1498 1093 δὲ
1534 1045 1591 1093 αὖ
1625 1047 1701 1094 καὶ

118 1111 201 1156 τοῦ
228 1117 458 1174 τρυγητοῦ
484 1112 631 1164 πάλιν
657 1120 718 1169 εἷς
749 1117 830 1168 τὸν
863 1125 945 1169 τοῦ
984 1123 1152 1188 σπόρου
1190 1123 1363 1189 καιρὸν,
1391 1126 1452 1178 ὡς
1478 1127 1527 1176 ἐκ
1554 1132 1700 1190 ληνοῦ

118 1189 193 1238 καὶ
232 1190 461 1256 δρεπάνης
495 1196 570 1244 καὶ
607 1197 821 1262 βοτρύων
859 1201 1013 1251 αὐτῶν
1049 1209 1336 1270 μεταφοιτᾶν
1371 1204 1452 1256 τὸν
1491 1207 1700 1271 γηπόνον

117 1269 191 1319 ἐπὶ
229 1270 289 1320 τὰ
326 1277 419 1322 τῶν
453 1277 624 1327 πεδίων
658 1279 878 1344 ἀρόσιμα,
904 1284 978 1333 καὶ
1014 1287 1096 1347 τῆς
1129 1283 1232 1336 ἅλω
1266 1286 1350 1350 τὴν
1377 1288 1503 1339 κόνιν
1530 1291 1696 1341 ἀπονι-

116 1349 344 1419 ψάμενον,
370 1359 464 1406 τῶν
490 1358 563 1408 ε’πὶ
590 1366 748 1423 ληνοῖς
775 1362 965 1430 ἔχεσθαι
991 1368 1374 1432 φροντισμάτων.

52 1447 98 1486 15
179 1437 236 1484 Εἰ
263 1433 311 1485 δὲ
338 1435 394 1500 δὴ
415 1440 695 1507 λεπτότερον
715 1446 790 1494 καὶ
816 1449 1246 1514 πνευματικώτερον
1265 1455 1322 1518 τῇ
1342 1456 1436 1501 τῶν
1455 1455 1696 1518 προκειμέ-

117 1538 209 1566 νων
247 1520 414 1588 θεωρίᾳ
451 1527 750 1586 προσβαλεῖν
788 1526 1038 1591 ἐθέλοιμεν,
1065 1531 1234 1595 πρέποι
1261 1531 1318 1582 ἀν
1345 1533 1529 1588 εἰκότως
1555 1536 1697 1587 ἐκεῖνο
1714 1561 1736 1586 e

115 1602 247 1650 νοεῖν.
309 1601 463 1666 ἐπειδὴ
499 1603 603 1670 γὰρ,
629 1608 691 1660 ὡς
725 1608 857 1677 ἔφην,
886 1612 1056 1670 ἀνεβίω
1089 1614 1316 1678 Χριστός·
1364 1615 1515 1683 ἤγειρε
1547 1617 1640 1684 γὰρ
1673 1621 1697 1670 ὁ

117 1679 283 1747 Πατὴρ
319 1680 404 1746 τὴν
435 1685 616 1750 σκηνὴν
642 1695 725 1740 τοῦ
751 1695 939 1755 Δαυεὶδ,
967 1695 1041 1744 καὶ
1068 1695 1429 1763 ἀνῳκοδόμησεν
1463 1701 1603 1763 αὐτῆς
1639 1700 1697 1751 τὰ

115 1765 487 1830 κατεσκαμμένα,
513 1769 675 1834 πολλὴ
702 1774 776 1822 καὶ
803 1774 1088 1843 ἀμφιλαφὴς
1113 1781 1206 1826 τῶν
1231 1785 1551 1842 πνευματικῶν
1578 1784 1695 1848 ἀγα-

48 1861 97 1886 20
115 1845 211 1892 θῶν
242 1844 270 1908 ἡ
304 1847 486 1916 μέθεξις
521 1852 593 1901 ἐπὶ
627 1851 805 1907 πάντας
844 1856 1036 1921 γέγονεν
1067 1860 1340 1924 ἀνθρώπους
1368 1860 1615 1927 εΈλληνάς
1645 1889 1694 1916 τε

114 1929 189 1977 καὶ
214 1928 475 1986 Ἰουδαίους·
516 1942 542 1964 “
563 1935 644 1989 Εἷς
675 1937 768 2003 γὰρ
793 1940 816 1988 ὁ
846 1940 979 2003 Θεὸς,
1007 1941 1056 1996 ὃς
1083 1945 1341 1996 δεδικαίωκε
1366 1947 1619 2012 περιτομὴν
1644 1951 1693 2001 ἐκ
1753 1957 1849 2040 ξοῡῐᾙ·
1864 1960 1910 1992 iii.

113 2018 140 2040 “
166 2013 383 2079 πίστεως,
419 2021 493 2069 καὶ
528 2021 846 2086 ἀκροβυστίαν
875 2025 950 2076 διὰ
985 2028 1229 2082 πίστεως.”
1287 2033 1492 2097 πλείστη
1525 2033 1580 2098 δὴ
1611 2036 1692 2086 οὖν

113 2093 206 2158 ὅση
230 2100 324 2147 τῶν
347 2107 668 2163 πνευματικῶν
695 2110 885 2171 καρπῶν
909 2113 1005 2162 τοῖς
1029 2111 1396 2163 πεπιστευκόσιν
1423 2114 1450 2178 ἡ
1477 2118 1692 2182 χορηγία,
1710 2147 1731 2172 a
1759 2140 1843 2173 352
1860 2140 1909 2174 A.

112 2174 141 2239 ἢ
167 2176 242 2227 διὰ
268 2183 362 2229 τῶν
384 2182 594 2247 ἐπιγείων
618 2191 808 2251 καρπῶν
834 2190 883 2239 εὖ
907 2191 1037 2253 μάλα
1063 2195 1469 2257 κατασημαίνεται.
1509 2202 1693 2263 πλῆθος

47 2277 94 2315 25
114 2260 205 2326 γὰρ
230 2262 377 2327 ἔσται,
408 2269 545 2333 φησὶ,
570 2268 705 2319 σίτου
732 2273 805 2321 καὶ
834 2275 955 2325 οἴνου.
1019 2276 1377 2344 παραδεξόμεθα
1413 2278 1460 2328 δὲ
1494 2286 1574 2330 νῦν
1609 2280 1692 2332 τὸν

112 2343 196 2404 μὲν
234 2350 369 2396 σῖτον
407 2351 467 2400 εἷς
513 2349 665 2416 ἰσχὺν,
707 2353 852 2415 δῆλον
895 2354 942 2405 δέ
984 2355 1053 2406 ὅτι
1097 2356 1182 2420 τὴν
1222 2361 1549 2426 πνευματικήν·
1604 2365 1683 2428 γε’-

112 2447 319 2491 γΡαπΤαί
351 2428 443 2495 γὰρ
476 2430 546 2480 ὅῒί
579 2439 605 2461 “
628 2435 720 2483 Καὶ
759 2435 896 2500 ἄρτος
935 2438 1140 2504 στηρίξει
1179 2441 1369 2507 καρδίαν
1401 2444 1686 2510 ἀνθρώπου,”
1750 2442 1886 2476 Rebi·

1753 2496 1801 2526 15.

162 2574 191 2596 1.
217 2563 283 2607 ἔφη
305 2564 392 2598 Edd.
442 2563 518 2599 εἶπα
535 2567 585 2602 τίς
602 2579 664 2612 pro
683 2569 711 2602 εἶ
726 2569 787 2613 μέν
804 2585 852 2606 τις
870 2572 913 2606 Α.
930 2573 1039 2607 invito
1058 2573 1092 2608 b.
1194 2586 1225 2609 2.
1253 2591 1288 2610 τε
1306 2586 1526 2624 assumptum
1545 2593 1585 2615 ex
1604 2583 1686 2617 Ast».

111 2620 145 2653 3.
171 2609 211 2653 δὴ
229 2622 299 2643 om.
319 2611 352 2644 b.
371 2612 406 2644 δέ
424 2624 487 2656 pro
505 2613 543 2655 δὴ
562 2614 606 2648 A.
827 2631 858 2660 4.
885 2619 922 2661 ἐξ
939 2620 1046 2653 αὐτῶν
1064 2633 1126 2664 pro
1143 2623 1267 2656 ἑαυτῶν
1284 2624 1327 2658 A.
1562 2629 1594 2662 8.
1622 2634 1689 2664 τῶν

111 2655 258 2698 ἡδίστων
276 2656 317 2690 Β.
337 2657 487 2700 ἡδίσταις
506 2659 597 2694 Edd.
785 2675 817 2708 9.
845 2664 974 2701 ἅλωσις
992 2666 1080 2711 (sic)
1098 2669 1288 2703 Aubertus.
1307 2672 1417 2708 ἅλωος
1434 2685 1451 2706 e
1470 2685 1533 2707 suo
1553 2675 1685 2721 Migne.

114 2713 167 2736 10.
195 2704 374 2746 συμποδιζ.
391 2705 481 2739 A.B.
501 2709 676 2752 συγκομιζ.
697 2709 787 2744 Edd.
837 2714 927 2753 παρά
953 2728 1041 2748 τινος
1067 2726 1129 2758 pro
1154 2717 1412 2759 παρατείνοντος
1430 2720 1519 2765 (sic)
1538 2722 1581 2755 A.
1632 2725 1686 2757 καὶ

110 2761 180 2782 om.
200 2749 241 2783 B.
480 2763 532 2786 11.
558 2755 662 2787 πάλιν
678 2764 898 2801 assumptum
918 2770 957 2792 ex
977 2760 1066 2794 AB.
1307 2764 1359 2798 16.
1386 2769 1623 2810 προσβάλλειν
1644 2770 1684 2804 Β.

114 2805 167 2840 17.
193 2797 258 2840 γὰρ
276 2797 333 2830 alt.
352 2806 574 2843 assumptum
592 2813 632 2834 ex
652 2802 740 2836 AB.
754 2803 788 2837 b.
1093 2808 1144 2841 18.
1174 2809 1285 2844 αὐτοῖς
1303 2811 1394 2846 Edd.
1412 2813 1528 2848 invitis
1546 2816 1636 2849 AB.
1650 2817 1684 2851 b.

115 2853 168 2876 21.
195 2842 317 2887 Κύριος
335 2856 396 2888 pro
415 2846 499 2881 Θεὸς
516 2846 559 2880 Α.
784 2861 837 2895 23.
864 2850 929 2894 ὅση
947 2860 1167 2898 assumptum
1186 2868 1226 2888 ex
1245 2857 1288 2890 A.
1337 2858 1490 2903 ἐπιγείων
1507 2873 1569 2905 pro
1585 2878 1684 2898 πνευ-

110 2893 256 2931 ματικῶν
273 2891 350 2931 (Sic)
370 2891 412 2925 A.
534 2904 588 2935 24.
615 2893 650 2940 ἢ]
672 2895 728 2930 Sic
747 2898 879 2930 correxi
897 2906 974 2943 post
994 2900 1126 2944 Migne.
1145 2901 1164 2944 ἡ
1186 2902 1273 2936 Edd.
1400 2917 1453 2951 25.
1480 2909 1569 2951 φησὶ
1588 2911 1685 2945 σίτου

111 2935 177 2969 hoc
198 2936 318 2970 ordine
339 2937 379 2971 B.
431 2941 487 2972 νῦν
503 2952 570 2974 orn.
590 2941 633 2975 A.
824 2943 878 2978 26.
910 2945 944 2979 δέ
963 2954 1182 2992 assumptum
1201 2961 1241 2983 ex
1261 2950 1350 2984 AB.
1553 2966 1608 3001 27.
1635 2958 1685 2991 ὅτι

111 2991 330 3028 assumptum
349 2996 388 3018 ex
408 2986 450 3019 A.
