2021 3434
93 203 148 244 iii.
171 218 294 259 9-11.
570 207 643 248 IN
685 207 878 249 AMOS.
939 207 1089 248 TOM.
1123 207 1183 247 II.
1577 206 1660 243 4520

92 319 119 342 ‘⁶
145 336 248 376 σου,
273 317 348 365 καὶ
372 316 656 385 συναχθήσῃ
693 321 755 372 εἷς
793 317 874 368 τὸν
898 316 1049 385 τάφον
1075 341 1166 369 σου
1200 319 1247 368 ἐν
1279 316 1451 384 εἰρήνῃ,
1482 317 1554 365 καὶ
1582 315 1662 364 οὐκ

92 403 118 425 “
144 396 405 464 ὀφθήσεται
441 401 488 450 ἐν
523 404 616 453 τοῖς
653 402 919 469 ὀφθαλμοῖς
951 424 1040 451 σου
1072 403 1118 451 ἐν
1141 405 1261 452 πᾶσι
1293 404 1387 453 τοῖς
1420 403 1573 451 κακοῖς
1599 396 1664 451 οἷς

91 485 118 507 “
144 479 235 544 ἐγώ
267 484 356 543 εἰμι
391 483 576 547 ἐπάγων
608 484 681 533 ἐπὶ
717 482 798 534 τὸν
821 483 966 534 τόπον
992 489 1155 534 τοῦτον
1182 485 1255 534 καὶ
1281 484 1353 534 ἐπὶ
1381 481 1487 536 τοὺς
1513 504 1664 531 κατοι-

92 571 119 593 “
145 569 338 619 κοῦντας
363 566 543 619 αὐτόν.”

52 656 73 695 5
168 650 261 697 Καὶ
298 647 602 715 πεπλήρωται
639 648 723 712 μὲν
761 651 788 714 ἡ
829 650 1099 718 ὑπόσχεσις.
1165 649 1420 710 ἀνεβάλετο
1459 648 1549 715 γὰρ
1582 648 1666 712 τὴν

93 727 239 794 ὀργὴν
275 730 300 779 ὃ
333 735 427 780 τῶν
463 731 589 782 ὅλων
615 731 866 796 Δεσπότης
898 733 979 783 τὸν
1011 735 1093 795 τῆς
1121 732 1370 793 βασιλείας
1402 731 1542 781 αὐτοῦ
1568 753 1666 780 και-

1729 807 1847 856 4152}

1729 861 1871 893 XXIII-'29

94 896 238 962 καιρῷ
288 895 660 962 κατεστράτευσε
709 899 792 960 τῆς
843 896 1158 956 Βαβυλωνίων
1211 896 1235 945 ὃ
1275 893 1450 961 Φαραὼ
1494 892 1666 961 Νεχαὼ
1729 895 1859 970 2-”5‘3

92 810 190 877 ρόν·
233 810 358 875 ἦσαν
384 811 432 863 δὲ
457 813 702 878 τριάκοντά
734 836 780 864 τε
817 814 894 878 ε”τη
926 817 1000 865 καὶ
1034 814 1098 864 ἕν.
1165 816 1212 864 ἐν
1237 812 1292 862 δέ
1314 835 1366 878 γε
1393 816 1457 880 τῷ
1485 812 1666 880 λοίσθῳ

0 1018 1 1043 ἢ
92 977 174 1039 τῆς
202 977 471 1041 Αἰγυπτίων
495 979 519 1028 ὁ
546 978 814 1043 ἡγούμενος,
844 981 917 1028 καὶ
953 981 1034 1041 τῆς
1069 977 1347 1043 ἐνεγκούσης
1384 975 1526 1044 ἐξέθει
1550 999 1665 1026 παν-

0 1077 76 1153 .10
94 1063 308 1128 στρατιᾷ.
373 1059 527 1123 ἐπειδὴ
571 1059 619 1110 δὲ
656 1058 713 1124 ἧν
752 1059 938 1113 Ἰωσίας
981 1062 1029 1111 ἐν
1077 1058 1313 1128 ὑποψίαις,
1351 1061 1415 1123 μὴ
1456 1058 1547 1125 ἄρα
1585 1057 1708 1122 τὴυο

93 1141 322 1192 Ἰουδαίαν
366 1142 684 1211 καταδῃώσων
728 1143 931 1210 ἀφίκετο,
973 1141 1055 1193 τὸν
1092 1140 1302 1204 πολέμου
1341 1141 1482 1204 νόμον
1521 1142 1667 1191 ὡπλί-

95 1221 211 1288 ζετο,
263 1226 336 1275 καὶ
387 1224 673 1291 ὑπαντιάζειν
720 1224 901 1288 ἤθελεν.
971 1225 995 1275 ὁ
1045 1223 1093 1275 δὲ
1144 1225 1404 1291 ἀποχωρεῖν
1451 1223 1670 1291 ἐκέλευεν,

95 1305 360 1372 ἐπείγεσθαι
396 1307 556 1376 φήσας
590 1309 662 1358 ἐπὶ
702 1306 784 1357 τὸν
818 1305 1030 1369 ποταμὸν
1066 1305 1335 1374 Εὐφράτην,
1375 1308 1449 1357 καὶ
1487 1309 1548 1359 εἰς
1587 1305 1672 1370 τὴν

96 1393 189 1439 τῶν
213 1390 488 1456 Ἀσσυρίων
523 1387 886 1454 ἀποκομίζεσθαι
921 1388 1094 1456 χώραν.
1162 1387 1315 1453 ἐπειδὴ
1355 1388 1402 1439 δὲ
1442 1392 1515 1439 καὶ
1553 1387 1671 1451 μετὰ

33 1489 78 1528 15
96 1477 234 1522 τοῦτο
270 1476 494 1537 περιττῶς
529 1470 845 1533 ἀντετάττετο,
880 1469 1135 1535 πλήττεται
1172 1470 1257 1534 μὲν
1286 1472 1334 1521 ἐν
1367 1475 1432 1539 τῷ
1463 1470 1668 1539 πολέμῳ·

97 1552 289 1608 τεθνεὼς
314 1553 361 1605 δὲ
386 1552 555 1605 λοιπὸν
581 1553 693 1604 οἴκοι
718 1576 767 1604 τε
795 1555 868 1604 καὶ
895 1555 942 1604 ἐν
968 1557 1063 1607 τοῖς
1087 1552 1435 1619 Ἱεροσολύμοις
1463 1551 1551 1604 ὑπὸ
1578 1557 1671 1603 τῶν

98 1637 275 1687 οἰκείων
306 1636 636 1702 ἀνακομίζεται,
665 1637 739 1686 καὶ
767 1636 1006 1703 κέχρισται
1031 1635 1116 1698 μὲν
1150 1639 1211 1688 εἷς
1245 1634 1451 1696 βασιλέα
1476 1634 1673 1701 Ἰωοὶχας

99 1719 124 1769 ὁ
150 1717 244 1773 υἱὸς
271 1720 423 1771 αὑτοῦ.
484 1719 640 1784 τρίτον
665 1717 712 1769 δὲ
747 1718 883 1779 μόλις
910 1717 1245 1769 διατελέσαντα
1268 1721 1390 1781 μῆνα
1414 1717 1674 1781 μετέστησε

99 1805 193 1852 τῶν
237 1801 492 1868 σκήπτρων
534 1802 558 1851 ὁ
601 1799 775 1867 Φαραὼ
818 1800 1004 1869 Νεχαὼ,
1044 1803 1116 1851 καὶ
1158 1800 1423 1863 δεσμεύσας
1468 1798 1586 1867 εἶχεν
1626 1801 1718 1852 ἐνᾶ

35 1908 83 1934 20
102 1885 328 1956 Αἰγύπτῳ
368 1886 662 1953 τηρούμενον.
727 1888 800 1937 ἐπὶ
841 1891 1039 1939 πολλοῖς
1090 1885 1137 1936 δὲ
1182 1885 1392 1953 χρήμασι
1432 1885 1674 1936 κατένευσε

100 1968 236 2031 μόλις
270 1969 539 2028 βασιλεύειν
574 1970 622 2019 ἐν
659 1973 753 2021 τοῖς
777 1968 1124 2034 Ἰεροσολύμοις
1150 1967 1231 2018 τὸν
1256 1967 1500 2031 Ἐλιακεῖμ
1532 1968 1677 2033 ἤγουν

99 2051 322 2114 Ἰωακεῖμ,
350 2050 445 2101 υἱὸν
469 2050 581 2102 ὄντα
619 2052 692 2101 καὶ
731 2051 871 2100 αὐτὸν
896 2051 1096 2101 Ἰωσίου.
1164 2049 1456 2117 κατεβιάζετο
1484 2049 1530 2100 δὲ
1557 2052 1676 2101 οὕτω

99 2133 182 2185 τὸν
206 2133 423 2197 Ἰσραὴλ,
452 2134 558 2187 τούς
593 2156 639 2184 τε
674 2134 722 2183 ἐν
746 2135 804 2201 τῇ
832 2134 1058 2201 Σαμερείᾳ
1083 2135 1222 2201 φημὶ,
1253 2134 1327 2183 καὶ
1362 2131 1466 2186 τοὺς
1502 2134 1549 2182 ἐν
1582 2137 1676 2186 τοῖς

101 2215 461 2282 Ἱεροσολύμοις,
487 2218 546 2270 ὡς
579 2218 654 2267 καὶ
688 2214 896 2278 δασμοὺς
922 2217 1140 2266 ἐπιθεῖναι
1166 2220 1261 2269 τοῖς
1286 2213 1375 2265 ἀνὰ
1399 2218 1564 2266 πᾶσαν
1591 2213 1676 2277 τὴν

39 2317 84 2358 25
102 2299 273 2367 χώραν,
301 2301 375 2349 καὶ
409 2299 522 2363 τέλη
555 2297 684 2364 παρὰ
717 2297 905 2349 πάντων
938 2295 1098 2363 ζητεῖν.
1166 2295 1366 2364 ἐχόντων
1392 2295 1440 2347 δὲ
1470 2294 1557 2347 ὧδε
1582 2300 1675 2346 τῶν

103 2379 408 2448 πραγμάτων,
454 2382 529 2432 καὶ
571 2381 805 2433 διέποντος
847 2378 932 2444 τὴν
974 2379 1226 2440 βασιλείαν
1268 2378 1490 2442 Ἰωακεῖμ,
1531 2377 1673 2442 ἀνέβη
1692 2400 1713 2426 e

105 2465 551 2534 Ναβουχοδονόσορ.
614 2464 929 2530 κατεκράτησε
968 2463 1016 2515 δὲ
1050 2465 1169 2515 οὕτω
1199 2468 1292 2514 τῶν
1317 2462 1674 2530 Ἱεροσολύμων,

151 2652 184 2685 3.
210 2641 417 2676 ἐνοικοῦντας
434 2641 478 2674 A.
676 2649 708 2683 5.
735 2637 753 2681 ἡ
773 2637 866 2671 deest
884 2638 919 2671 in
940 2637 1028 2671 Edd.
1230 2648 1259 2682 7.
1286 2639 1341 2682 ἕτη
1360 2640 1536 2682 τριάκοντά
1552 2654 1588 2673 τε
1606 2640 1675 2674 inv.

105 2688 225 2722 ordine
243 2688 286 2721 A.
335 2702 374 2733 γε
393 2699 462 2721 om.
481 2687 524 2720 Α.
574 2685 704 2729 ὀλίσθῳ
723 2685 801 2727 (Sic)
816 2685 859 2717 A.
1002 2685 1034 2718 8.
1062 2685 1284 2724 Βαβυλωνίων
1301 2686 1344 2718 A.
1365 2688 1566 2725 Βαβυλῶνος
1584 2687 1675 2721 Edd.

107 2734 232 2769 Statim
250 2736 267 2767 ὁ
285 2740 505 2778 assumptum
523 2744 564 2766 ex
580 2733 624 2766 A.
674 2732 793 2775 Φαραὼ
811 2731 900 2765 ΑΒ.
920 2733 1058 2775 Φαραὼν
1076 2731 1167 2765 Edd.
1309 2744 1341 2777 9.
1369 2732 1568 2777 ἐνεγκούσης
1584 2734 1674 2767 ΑΒ.

105 2781 321 2827 ἐνεγκαμένης
339 2780 430 2814 Edd.
622 2789 674 2812 ΙΙ.
700 2777 809 2812 Ἰούδα
827 2777 917 2811 Edd.
1098 2789 1150 2822 15.
1176 2780 1331 2822 περιττὸς
1349 2779 1437 2823 (Sic)
1456 2780 1498 2813 A.
1551 2780 1676 2814 Statim

106 2828 320 2863 ἀντετάττετο
337 2826 427 2861 A.B.
445 2826 663 2861 συνετάττετο
683 2824 773 2858 Edd.
971 2835 1022 2868 17.
1048 2825 1277 2867 ἀνακομίζεται
1294 2827 1337 2859 Α.
1356 2825 1564 2870 ἀνεκομίζετο
1584 2827 1674 2861 Edd.

111 2876 164 2909 18.
191 2877 208 2908 ὁ
226 2886 295 2908 om.
314 2874 358 2908 A.
576 2884 628 2917 19.
653 2872 773 2916 Φαραὼ
793 2871 834 2905 Β.
852 2871 991 2914 Φαραὼν
1008 2872 1051 2905 A.
1070 2871 1162 2905 Edd.
1383 2883 1437 2906 20.
1464 2873 1613 2908 κατένευε
1632 2874 1675 2908 Α.

110 2932 165 2956 21.
190 2923 289 2966 μόλις
306 2932 375 2954 om.
393 2919 436 2953 A.
486 2921 556 2955 τοῖς
571 2925 792 2964 assumptum
810 2930 850 2952 ex
869 2918 910 2951 B.
1112 2929 1165 2963 23.
1192 2920 1231 2962 τῇ
1251 2924 1283 2952 et
1300 2920 1369 2954 τοῖς
1387 2919 1512 2953 desunt
1530 2921 1563 2954 in
1584 2920 1675 2955 Edd.

111 2980 165 3011 24.
191 2969 250 3012 τὴν
268 2967 364 3002 deest
380 2967 416 3000 in
435 2965 525 3000 Edd.
876 2973 930 3009 25.
956 2965 996 2998 τὰ
1014 2966 1139 3010 λιπαρὰ
1157 2977 1219 3010 pro
1237 2965 1424 3021 τέληηπαρὰ
1442 2966 1530 3011 (Sic)
1550 2967 1591 3002 Β.
1641 2968 1676 3002 δὲ

111 3021 330 3060 assumptum
348 3026 389 3048 ex
408 3013 497 3047 AB.
689 3012 741 3046 26.
766 3012 920 3056 πράξεων
939 3010 1027 3045 Edd.
1218 3022 1271 3057 27.
1299 3027 1384 3047 ουτω
1401 3025 1470 3048 om.
1491 3014 1533 3048 A.
