2021 3434
310 191 394 231 526
700 192 750 232 B.
788 190 1061 232 CYRILLI
1101 191 1486 233 ALEXANDR.
1769 191 1882 230 ix.1.

265 253 291 294 b

92 314 198 364 Κεφ.
222 310 269 353 θ’.
316 309 438 355 Εἶδον
488 313 560 355 τὸν
615 313 763 370 Κύριον
816 313 1042 369 ἐφεστῶτα
1093 314 1163 355 ἐπὶ
1209 317 1282 355 τοῦ
1331 312 1627 372 θυσιαστι-ιρῖου
1675 314 1743 355 καὶ
1791 309 1884 355 εἶπε

377 397 574 439 Πάταξον
612 397 681 438 ἐπὶ
719 397 767 439 τὸ
809 398 1105 454 θυσιαστήριον
1155 396 1223 438 καὶ
1262 397 1530 439 σεισθήσεται
1576 397 1626 438 τὰ
1674 398 1885 454 πρόπυλα,

379 478 447 520 καὶ
472 478 678 529 ὃιάκοψον
699 477 759 521 εἰς
786 479 978 535 κεφαλὰς
1005 480 1188 521 Πάντων·
1228 479 1297 520 καὶ
1321 479 1419 521 τοὺς
1441 478 1724 521 καταλοίπουε
1745 481 1885 522 αὐτῶν

378 562 422 604 ὲν
451 561 641 622 ῥομφαίᾳ
664 562 904 604 ἀποκτενῶ.

387 709 452 757 Οἱ
489 704 706 772 μακάριοι
743 708 984 773 προφῆται
1021 708 1080 772 τῇ
1117 711 1201 758 τοῦ
1241 706 1515 770 Πνεύματος
1554 707 1776 775 δᾳδουχίᾳ
1805 706 1887 758 τὸν
1907 727 1930 765 5

313 790 396 852 τῆς
429 789 630 841 διανοίας
669 787 1001 857 φαιδρύνοντες
1032 787 1302 857 ὀφθαλμὸν,
1342 789 1445 856 οὐχὶ
1483 787 1630 853 μόνην
1670 787 1755 852 τὴν
1795 794 1889 840 τῶν

314 870 550 934 ἐσομένων
595 870 885 937 εἰσδέχονται
919 875 1114 936 γνῶσιν,
1153 868 1284 921 ἀλλὰ
1327 869 1420 937 γὰρ
1468 872 1544 921 καὶ
1587 871 1740 921 αὐτῶν
1780 871 1886 922 ἔσθ’

274 973 296 1000 c
316 950 390 1003 ὅτε
415 956 509 1003 τῶν
546 951 839 1018 πραγμάτων
870 951 957 1017 τὴν
991 953 1101 1004 θέαν
1130 951 1292 1019 οἷάπερ
1318 954 1367 1003 ἐν
1403 951 1560 1003 πίνακι
1586 952 1890 1022 γραφομένην

315 1034 525 1100 ὁρῶντες,
566 1034 701 1085 αὐτοί
735 1057 784 1085 τε
825 1034 1193 1099 κατατεθήπασι,
1237 1035 1594 1087 συνδιακεῖσθαί
1624 1057 1674 1085 τε
1715 1037 1891 1104 σφισὶν

316 1116 470 1170 αὐτοῖς
518 1117 824 1168 ἀναπείθουσι
875 1115 982 1170 τοὺς
1033 1116 1367 1183 ἀκροωμένους,
1412 1116 1496 1171 τὰς
1539 1121 1632 1168 τῶν
1677 1117 1890 1184 ὀράσεων
1913 1139 1961 1165 10

316 1196 530 1261 δυνάμεις
568 1201 842 1263 διατρανοῦν
880 1199 929 1250 εὖ
966 1197 1099 1262 μάλα
1131 1198 1488 1265 σπουδάζοντες.
1550 1199 1641 1268 ε”φη
1678 1200 1833 1252 τοίνυν
1864 1202 1890 1252 ὁ

93 1302 198 1351 sygna
316 1278 542 1346 μακάριος
566 1281 728 1344 Ἀμώς
753 1287 781 1310 “
800 1282 894 1331 Καὶ
921 1278 1018 1332 εἶπε
1048 1281 1222 1347 Κύριος
1247 1281 1366 1347 πρὸς
1397 1281 1459 1344 με’
1480 1280 1622 1332 σΗκει
1655 1281 1709 1333 τὸ
1748 1283 1892 1349 περας

92 1353 252 1385 V¹²¹'²'3'
317 1368 344 1391 ‘⁶
369 1363 442 1413 ἐπὶ
482 1361 565 1413 τὸν
601 1361 721 1413 λαόν
759 1385 850 1426 μου
889 1362 1105 1429 Ἰσραὴλ,
1147 1364 1229 1414 οὐκ
1273 1364 1339 1414 ε”τι
1378 1364 1432 1415 οὐ
1473 1362 1538 1428 μὴ
1572 1368 1772 1430 προσθῶ
1809 1370 1891 1416 τοῦ

315 1449 343 1472 “
367 1448 619 1510 παρελθεῖν
644 1443 798 1507 αὐτὸν,
825 1446 901 1495 καὶ
926 1444 1147 1514 ὀλολύξει
1180 1444 1240 1496 τὰ
1272 1446 1564 1513 φατνώματα
1592 1451 1675 1497 τοῦ
1706 1452 1819 1498 ναοῦ
1844 1449 1892 1498 ἐν

315 1531 343 1554 “
369 1529 427 1593 τῇ
453 1525 602 1595 ἡμέρᾳ
627 1527 789 1595 ἐκείνῃ,
809 1526 936 1593 λέγει
958 1526 1147 1593 Κύριος·
1180 1527 1331 1583 πολὺς
1360 1529 1385 1580 ὁ
1405 1528 1662 1582 πεπτωκὼς
1682 1530 1730 1580 ἐν
1749 1532 1891 1581 παντὶ
1914 1545 1962 1584 15
2004 1586 2005 1594 ¹

317 1613 344 1637 “
369 1606 514 1678 τόπῳ,
549 1609 782 1677 ἐπιῤῥίψω
819 1607 1049 1673 σιωπήν.”
1108 1610 1219 1660 ἀλλ’
1249 1608 1359 1673 ἰδοὺ,
1387 1610 1598 1661 τεθέαται
1627 1609 1680 1662 τὸ
1710 1633 1891 1677 προηγ-

271 1705 299 1747 d
316 1690 544 1755 γελμένον
588 1694 664 1742 καὶ
705 1690 987 1758 πράγμασιν
1029 1691 1182 1746 αὐτοῖς
1219 1692 1560 1759 ἐνεργούμενον,
1599 1690 1763 1760 ὥσπερ
1800 1693 1892 1761 ἔχει

316 1769 402 1836 τὴν
447 1773 809 1840 προαγόρευσιν.
886 1773 1028 1825 αὐτὸν
1072 1773 1167 1841 γὰρ
1209 1774 1301 1843 ἔφη
1356 1776 1424 1827 τὶν
1465 1774 1608 1844 Κύριον
1658 1774 1893 1846 ἑφεστῶτοι

315 1857 567 1906 τεθεᾶσθαι
603 1859 670 1926 τῷ
708 1855 1009 1927 θυσιαστηρίῳ,
1039 1857 1115 1907 καὶ
1153 1858 1288 1908 οἱονεὶ
1324 1859 1407 1921 τῆς
1444 1861 1780 1927 καταστροφῆς
1809 1859 1891 1925 ἀρ-

315 1936 528 2004 χόμενον,
557 1936 696 1989 τοῦτό
729 1960 779 1989 τε
812 1937 926 1989 αὐτὸ
963 1938 1183 2005 γενέσθαι
1215 1938 1592 2005 προστάττοντα.
1653 1942 1891 2010 ἐφίσταται
1914 1962 1964 1988 20

315 2018 364 2070 δὲ
408 2024 474 2089 τῷ
510 2018 793 2091 θυσιαστηρίῳ
831 2020 972 2084 Θεὸς,
1018 2022 1072 2072 οὐ
1108 2019 1247 2086 τιμὴν
1289 2022 1549 2086 ἀπονέμων·
1603 2023 1760 2086 εὔηθες
1799 2021 1893 2090 γὰρ
2000 2010 2003 2021 f

315 2099 369 2152 τὸ
407 2103 515 2168 τῇδε
554 2106 690 2153 νοεῖν·
732 2102 861 2169 εἴπερ
890 2105 992 2154 ἐστὶ
1029 2107 1123 2154 τῶν
1161 2102 1478 2156 ἀτοπωτάτων
1514 2103 1699 2156 οἴεσθαί
1731 2127 1781 2155 τε
1818 2106 1894 2156 καὶ

315 2182 485 2249 λέγειν,
513 2186 574 2238 ὡς
611 2189 707 2238 τοῖς
743 2188 838 2235 τῶν
864 2184 1070 2236 εἰδώλων
1097 2190 1274 2250 βωμοῖς
1305 2187 1418 2236 αἰδῶ
1449 2187 1525 2237 καὶ
1557 2184 1696 2250 τιμὴν
1720 2187 1892 2238 ἀπονέ-

314 2288 389 2328 μει
416 2265 553 2320 Θεός”
593 2270 693 2320 πῶς
724 2264 781 2317 ἂν
815 2266 896 2318 οὖν
926 2268 1116 2332 ἐτίμησε
1141 2265 1195 2318 τὸ
1221 2271 1315 2318 τῶν
1349 2267 1598 2332 δαμάλεων
1623 2268 1890 2334 θυσιαστή-
1998 2330 1999 2333 ¹

313 2369 446 2413 ριον;
490 2346 744 2417 ἐφειστήκει
782 2347 830 2400 δὲ
866 2353 1056 2413 μᾶλλον
1095 2351 1156 2404 ὡς
1194 2353 1407 2401 καθελῶν
1445 2352 1520 2402 καὶ
1558 2350 1793 2402 κατοίσων
1830 2354 1893 2406 εἱς
1913 2370 1962 2408 25
1997 2349 2000 2384 ἶ

366 2541 395 2565 1.
422 2530 476 2565 ἐπὶ
493 2531 532 2565 τὸ
550 2530 792 2577 θυσιαστήριον
818 2532 855 2567 F.
875 2531 966 2567 Edd.
987 2532 1075 2577 (26.)
1416 2543 1447 2566 2.
1473 2532 1528 2567 ἐπὶ
1546 2544 1616 2567 om.
1635 2531 1673 2567 F.
1692 2531 1784 2567 Edd.
1803 2533 1892 2578 (42.)

314 2577 559 2623 θυσιαστήριον
576 2579 666 2613 Α.Β.
685 2580 801 2622 (Alex.
820 2579 924 2623 XII.)
944 2579 1142 2624 ἱλαστήριον
1159 2578 1251 2614 Edd.
1270 2579 1366 2625 (Vat.
1382 2579 1455 2614 XII
1474 2581 1564 2625 mg.)
1624 2581 1784 2624 πρόπυλα
1800 2580 1894 2615 Α.Β.

314 2623 510 2669 προπύλαια
528 2625 566 2660 F.
587 2625 677 2660 Edd.
696 2627 768 2669 (42,
788 2637 844 2672 91,
867 2629 960 2671 153.)
981 2627 1024 2661 cf.
1043 2626 1132 2661 infra
1148 2639 1166 2661 e
1183 2633 1216 2661 et
1233 2633 1353 2661 contra
1372 2637 1438 2672 342
1457 2638 1488 2661 c.
1669 2626 1702 2661 6.
1728 2626 1890 2673 διανοίας]

314 2671 483 2714 δυνάμεως
501 2671 593 2707 Edd.
794 2682 826 2718 7.
853 2674 1007 2718 δέχονται
1025 2673 1085 2709 iid.
1274 2674 1306 2708 8.
1331 2673 1487 2717 πράξεων
1503 2672 1563 2708 iid.
1752 2685 1786 2719 9.
1811 2689 1893 2708 συν-

315 2718 527 2753 διατίθεσθαι
543 2718 603 2752 iid.
655 2718 780 2753 Statim
798 2734 834 2754 τε
854 2720 895 2754 Β.
915 2721 951 2754 δέ
971 2720 1062 2755 Edd.
1337 2731 1390 2754 11.
1417 2720 1663 2763 σπουδάζοντες
1681 2719 1724 2755 Β.
1742 2721 1893 2755 σπουδά-

316 2766 430 2807 ζοντος
448 2766 527 2808 (Sic)
542 2767 586 2800 A.
605 2765 807 2802 σπεύδοντες
825 2766 917 2801 Edd.
1103 2777 1155 2801 12.
1181 2765 1358 2812 μακάριος]
1379 2767 1468 2803 θεῖος
1484 2767 1544 2802 iid.
1733 2778 1785 2812 13.
1810 2768 1894 2801 λαόν

315 2811 395 2857 μου]
420 2817 456 2852 -ὗ-
477 2813 536 2846 τὸν
555 2812 595 2847 Β.
615 2812 707 2847 Edd.
727 2813 816 2858 (86.)
995 2814 1048 2848 16.
1075 2812 1170 2858 ῥίψω
1190 2814 1231 2848 Β.
1251 2813 1356 2859 (Co.)
1513 2822 1566 2859 17.
1592 2814 1830 2858 ἐνεργουμένην
1848 2813 1893 2848 Β.

320 2869 372 2902 19.
398 2858 587 2903 ἀρχομένου
605 2860 649 2894 Α.
817 2871 872 2896 20.
897 2862 1170 2904 προστάττοντος
1189 2862 1230 2894 Α.
1398 2871 1453 2895 21.
1480 2862 1565 2897 Θεὸς
1581 2861 1724 2895 accessit
1741 2872 1781 2894 ex
1799 2860 1892 2895 A.B.

317 2915 372 2947 23.
398 2906 571 2949 ἀπονέμων
588 2908 632 2941 A.
887 2918 943 2951 24.
969 2906 1008 2943 ἂν
1024 2907 1082 2942 οὖν
1098 2907 1165 2941 hoc
1183 2907 1304 2941 ordine
1322 2907 1412 2942 Α.Β.
1431 2907 1465 2942 b.
1514 2911 1581 2942 τῶν
1597 2908 1771 2951 δαμάλεως
1788 2906 1891 2941 Pont.

316 2952 377 3031 τῆἓ
390 2951 563 3031 δλαχμάλεως
580 2953 674 2988 Aub.
1057 2964 1112 3001 25.
1139 2953 1306 3000 καθελῶν]
1328 2954 1385 2989 Sic
1402 2955 1536 2989 correxi
1552 2966 1594 2989 ex
1613 2953 1693 2989 B.b.
1713 2953 1892 2989 Edebatur

315 3010 354 3029 ΚΠ
379 3012 392 3030 Ε
419 3013 475 3033 wll.
