2021 3434
117 174 172 214 iii·
197 191 236 231 9.
590 182 664 223 IN
704 184 896 225 AMOS.
957 183 1107 224 TOM.
1141 183 1202 223 II.
1603 178 1684 218 425

118 288 277 347 Θεοῦς
318 288 435 341 Λέων
464 291 671 362 {pedis-rat
710 295 788 344 noa]
825 296 889 348 τίς
923 297 965 344 οὐ
1000 292 1294 362 φοβηθήσετοιι
1313 318 1323 352 3
1363 294 1400 340 εἰ
1425 287 1518 354 γὰρ
1550 288 1597 337 ἐν
1622 287 1688 354 τῷ

115 372 392 436 βρυχᾶσθαί
419 377 542 441 φησι
576 372 657 425 τὸν
683 376 864 439 λεόντα,
890 374 944 427 τὸ
969 373 1358 427 παναλκέστατον
1382 377 1476 423 τῶν
1502 368 1687 435 θηρίων,

116 451 197 502 οὐκ
223 449 282 502 ἂν
307 453 484 519 γένοιτό
509 478 577 510 τις
602 457 843 524 ἀτεράμων
878 459 1022 512 οὕτως
1049 459 1123 508 καὶ
1149 454 1372 522 σοβαρὸς,
1400 456 1460 507 ὡς
1495 450 1558 517 μὴ
1591 454 1687 501 εἶσ-

115 532 343 602 δέξασθαι
366 537 546 600 πτοίαν,
572 543 673 592 πῶς
709 538 766 589 ἂν
797 544 920 591 Θεοῦ
955 545 1217 593 λαλοῦντος
1250 543 1333 589 τοῦ
1366 534 1556 588 πάντων
1579 532 1683 585 ἕπε’-

75 628 98 668 5
117 637 252 678 κεινα,
273 619 348 667 καὶ
374 619 692 685 ἀπαγγέλλειν
719 623 869 676 αὐτοῖς
896 619 1274 689 προστάττοντος
1301 617 1331 670 ἃ
1355 616 1688 681 μανθάνουσιν,

116 698 198 749 οὐκ
231 696 288 748 ἀν
328 701 512 751 ἔδεισαν
549 701 631 753 τὸν
668 703 1056 771 προστεταχότα;
1097 704 1149 754 οὐ
1180 701 1272 768 γάρ
1309 704 1399 752 εἰσι
1438 700 1542 751 καθ’
1573 699 1689 761 ὑμᾶς

116 784 464 849 καταφρονηταὶ
499 786 572 835 καὶ
610 785 837 852 ἄτεγκτοι,
873 788 946 837 καὶ
983 787 1032 837 ἐν
1068 786 1227 850 μηδενὶ
1263 782 1527 846 ποιούμενοι
1557 780 1727 848 λόγῳθ

115 860 174 912 τὰ
221 866 286 932 τῷ
332 863 522 916 πάντων
583 870 808 918 δοκοῦντα
851 866 1095 935 Δεσπότῃ.
1173 867 1390 932 πανταχῆ
1442 867 1690 928 τοιγαροῦν

115 944 427 1014 ἀσφαλίζεται
461 948 566 1002 τοὺς
604 950 772 1016 ἁγίους,
801 949 875 1001 καὶ
913 951 1148 1009 ἀποσοβεῖ
1181 952 1275 999 τῶν
1312 949 1570 1015 προφητῶν
1606 942 1691 997 τὰς

50 1045 98 1071 10
115 1027 165 1078 ἐκ
191 1031 285 1078 τῶν
310 1030 712 1083 ἐθελοκακούντων
736 1032 942 1094 βλάβας.
997 1037 1134 1082 τοῦτο
1157 1030 1205 1081 δὲ
1230 1028 1288 1094 ἦν
1314 1028 1470 1095 ἕτερον
1497 1024 1629 1078 οὐδὲν
1659 1024 1688 1090 ἢ

114 1111 198 1173 τῆς
235 1112 530 1176 καθηκούσης
565 1114 811 1182 φροντίδος
849 1113 1024 1182 ἀξιοῦν.
1091 1111 1144 1164 τὸ
1170 1111 1262 1179 γὰρ
1297 1113 1345 1162 ἐκ
1375 1109 1523 1174 με’σου
1547 1113 1689 1160 ποιεῖ-

115 1196 231 1243 σθαι
268 1191 374 1248 τοῦς
418 1193 616 1261 ἰατροὺς,
663 1196 818 1263 ἕτερον
862 1195 992 1247 οὐδὲν
1036 1193 1093 1246 ἀν
1133 1195 1199 1260 ε’ίη
1238 1193 1266 1259 ἢ
1305 1189 1689 1257 ἀνεπικουρήτους

115 1276 359 1327 ἀποτελεῖν
391 1276 497 1332 τοὺς
531 1278 903 1345 ἠῤῥωστηκότας.
966 1276 1104 1329 τοῦτό
1129 1300 1200 1329 τοι
1225 1278 1300 1328 καὶ
1324 1274 1398 1327 διὰ
1424 1277 1583 1343 φωνῆς
1607 1277 1689 1325 τοῦ

115 1358 343 1424 μακαρίου
384 1361 559 1411 Δαυεὶδ
600 1364 934 1429 προαναφωνεῖ
971 1359 1126 1426 λε’γων
1168 1366 1196 1389 “
1217 1357 1303 1424 Μὴ
1347 1356 1555 1409 ἅπτεσθε
1595 1360 1689 1408 τῶν
1750 1375 1883 1407 Ps.oiv.

52 1461 98 1499 15
117 1446 143 1468 ‘⁶
170 1444 379 1507 χριστῶν
409 1464 500 1505 μου
534 1443 609 1492 καὶ
643 1443 690 1492 ἐν
715 1447 809 1496 τοῖς
839 1440 1104 1510 προφήταις
1131 1464 1221 1504 μου
1246 1440 1309 1505 μὴ
1335 1438 1687 1506 πονηρεύεσθε,”
1753 1428 1802 1460 ¹⁵⁶

117 1526 191 1573 καὶ
216 1521 334 1588 πρὸς
359 1524 522 1577 αὐτοὺς
548 1524 602 1575 δέ
621 1548 711 1576 που
737 1526 864 1593 φησί
886 1532 913 1554 “
936 1526 1029 1575 Καὶ
1055 1524 1188 1575 ἔσται
1214 1524 1238 1573 ὁ
1264 1522 1520 1585 ἁπτόμενος
1546 1523 1686 1584 ὑμῶν,
1748 1519 1845 1593 {affl-
1863 1518 1897 1548 ii·

118 1613 144 1635 ‘⁶
169 1608 230 1660 ὡς
257 1607 282 1657 ὁ
308 1607 565 1669 ἁπτόμενος
587 1610 668 1672 τῆς
695 1607 832 1674 κόρης
861 1613 943 1657 τοῦ
968 1608 1221 1676 ὀφθαλμοῦ
1247 1604 1434 1656 αὐτοῦ.”
1478 1604 1727 1668 ἀδικήσειέει
1752 1613 1841 1646 280
1857 1610 1908 1645 A·

116 1686 208 1754 γὰρ
235 1689 288 1739 οὐ
312 1690 505 1755 μετρίως
529 1688 613 1753 τὴν
633 1690 794 1740 ἑαυτοῦ
819 1689 982 1759 ψυχὴν
1006 1690 1030 1740 ὁ
1056 1693 1155 1742 ταῖς
1180 1692 1272 1739 τῶν
1298 1687 1443 1754 ἁγίων
1463 1691 1690 1755 κεφαλαῖς

117 1770 356 1838 ἐπιτρίζων
389 1771 494 1825 τοὺς
532 1769 723 1826 ὀδόντας
757 1774 831 1822 καὶ
867 1772 1068 1825 ἀνοσίως
1098 1769 1406 1839 ἐπιφυόμενος
1439 1771 1519 1820 καί
1545 1793 1588 1820 τι
1616 1771 1691 1820 καὶ

53 1873 101 1899 20
117 1857 210 1905 τῶν
235 1852 444 1905 ἐκτόπων
469 1852 656 1920 ἐπάγειν
681 1855 734 1905 οὐ
757 1853 1136 1920 παραιτούμενος.

113 2130 416 2179 ἈΠαΠ-είλατε
458 2130 615 2188 χώραις
658 2131 701 2172 ἐν
735 2131 973 2187 Ἀσσυρίοις
1016 2131 1084 2171 καὶ
1122 2130 1191 2171 ἐπὶ
1225 2130 1299 2171 τὰς
1337 2128 1477 2186 χώρας
1514 2132 1589 2170 τῆς
1625 2126 1734 2169 Αἰ-9

186 2217 341 2263 τύπτου
385 2215 453 2256 καὶ
497 2212 647 2257 εἴπατε
689 2215 931 2270 ΣυνάχΘΗτε
979 2214 1049 2256 ἐπὶ
1091 2214 1138 2256 τὸ
1178 2213 1279 2271 ὅρος
1321 2212 1579 2270 Σαμαρείας,
1625 2212 1693 2253 καὶ

187 2296 300 2341 ἴδετε
337 2300 554 2349 θαυμαστὰ
589 2299 727 2341 Πολλὰ
763 2300 807 2341 ὲν
838 2301 953 2353 μέσῳ
980 2299 1110 2340 αὐτῆς
1137 2298 1205 2339 καὶ
1231 2297 1306 2339 τὴν
1335 2296 1692 2339 καταδυναστείαν

168 2489 200 2513 2.
225 2480 315 2524 φησι
332 2483 412 2523 post
428 2478 548 2512 λέοντα
565 2484 607 2512 tr.
626 2478 670 2511 A.
830 2488 863 2521 3.
890 2475 994 2511 οὕτως
1011 2487 1080 2509 om.
1099 2475 1142 2508 A.
1192 2473 1355 2516 δέξασθαι
1375 2472 1416 2507 Β.
1575 2471 1607 2505 6.
1634 2472 1692 2505 οὐκ

119 2523 159 2560 ἂν
175 2525 326 2571 ἔδεισαν]
346 2526 463 2560 οὐκοῦν
478 2523 618 2569 ᾔδεισαν
635 2525 678 2558 A.
777 2533 808 2568 7.
833 2524 968 2557 ἄτακτοι
985 2534 1047 2567 pro
1064 2521 1218 2566 ἄτεγκτοι
1234 2521 1274 2554 Β.
1323 2518 1454 2564 μηδενὶ]
1474 2519 1582 2553 οὐδενὶ
1601 2518 1692 2553 Edd.

120 2572 154 2607 8.
179 2575 352 2617 πανταχοῦ
369 2572 427 2607 iid.
731 2581 782 2604 10.
813 2570 848 2603 ἐκ
866 2573 1087 2614 assumptum
1105 2580 1145 2602 ex
1167 2568 1207 2601 Β.
1502 2577 1553 2600 12.
1580 2565 1694 2610 ἕτερον

120 2620 218 2654 οὐδὲν
233 2618 273 2654 ἂν
290 2619 338 2663 εἴη
360 2620 402 2654 Β.
421 2618 469 2663 ε’ίη
486 2616 526 2653 ἂν
544 2618 657 2663 ἕτερον
674 2617 771 2651 οὐδέν
790 2618 830 2650 Α.
849 2617 962 2660 ἕτερον
980 2616 1075 2649 deest
1091 2615 1126 2648 in
1144 2614 1235 2649 Edd.
1532 2624 1584 2657 13.
1611 2612 1693 2646 ἀπο-

120 2668 231 2701 τελεῖν
247 2667 291 2701 Α.
310 2667 367 2700 ε’ᾶν
385 2667 427 2701 Β.
446 2667 611 2700 ἐπιτελεῖν
628 2664 719 2698 Edd.
779 2678 836 2697 ποι
854 2675 916 2708 pro
933 2677 985 2696 τοι
1002 2663 1045 2695 Α.
1113 2661 1209 2695 Haec
1233 2663 1292 2694 τοῦ
1316 2660 1479 2704 μακαρίου
1505 2658 1632 2693 desunt
1657 2660 1692 2693 in

121 2713 213 2748 Edd.
615 2723 668 2753 14.
693 2712 923 2755 προανεφώνει
941 2710 984 2743 Α.
1036 2708 1160 2743 Statim
1177 2707 1287 2753 λέγων
1304 2713 1524 2749 assumptum
1542 2718 1582 2739 ex
1602 2706 1692 2740 A.B.

125 2769 178 2806 15.
206 2761 303 2795 Haec
322 2760 375 2794 καὶ
393 2757 700 2803 ἐν-πονηρεὺεσθε
719 2757 845 2791 desunt
861 2757 896 2790 in
915 2755 1006 2789 Edd.
1246 2754 1297 2788 16.
1328 2752 1434 2799 φησι]
1459 2758 1496 2794 -1-
1516 2753 1593 2788 τοὺς
1609 2767 1692 2798 προ-

121 2806 232 2851 φήτας
249 2806 342 2841 Edd.
583 2814 635 2850 17.
661 2804 842 2849 ὀφθαλμοῦ
860 2801 977 2848 αὐτοῦ]
997 2801 1098 2836 αὐτοῦ
1116 2801 1210 2835 deest
1227 2801 1260 2835 in
1281 2801 1382 2835 Pont.
1429 2815 1494 2845 μου
1512 2812 1574 2845 pro
1591 2800 1693 2834 αὐτοῦ

122 2853 220 2888 addit
237 2853 331 2887 Aub.
740 2862 793 2894 19.
821 2851 874 2884 καί
891 2848 939 2895 τι]
959 2852 981 2893 ἤ
995 2864 1027 2882 τι
1044 2850 1088 2882 A.
1140 2848 1264 2882 Statim
1281 2848 1334 2881 καὶ
1352 2853 1571 2891 assumptum
1590 2859 1631 2881 ex
1650 2846 1692 2881 Β.

123 2911 178 2935 20.
205 2901 385 2945 ἐπαγαγεῖν
403 2899 444 2932 Α.
723 2909 778 2931 21.
805 2897 859 2931 ε’πὶ
876 2897 934 2932 τὰς
950 2894 1078 2941 Χώρας]
1099 2895 1152 2930 ε’πὶ
1169 2897 1240 2930 ταῖς
1258 2896 1382 2940 χώραις
1400 2894 1437 2928 F.
1456 2893 1547 2928 Edd.
1567 2893 1693 2938 (XII.)

123 2946 248 2982 Statim
266 2947 301 2981 ἐν
315 2949 358 2990 γῇ
376 2945 533 2992 Αἰγύπτῳ
552 2956 614 2989 pro
630 2946 688 2988 τῆς
701 2943 872 2989 Αἰγύπτου
886 2943 922 2977 F.
940 2943 1029 2977 Edd.
1049 2942 1124 2986 (42.
1144 2941 1208 2987 al.)
1420 2952 1475 2976 22.
1501 2940 1572 2986 ἐπὶ]
1592 2941 1636 2976 εἷς
1655 2941 1692 2975 F.

124 2993 213 3028 Edd.
234 2992 340 3039 (Co.)
529 3003 582 3037 23·
609 2992 668 3036 τὴν
685 2996 904 3036 assumptum
923 3002 964 3024 ex
984 2989 1025 3023 B.
1046 2989 1160 3032 (Alex.
1181 2988 1282 3032 XII).

178 3065 270 3095 vm..
294 3065 321 3092 1.
855 3062 878 3104 3
903 3062 916 3088 1
