2021 3434
123 203 176 243 xi.

554 210 628 251 IN
668 212 905 254 OSEAM.
967 214 1117 255 TOM.
1160 216 1235 257 VI.
1608 218 1691 258 233

202 214 238 255 ῗΪ

121 403 194 444 Καὶ
233 405 255 446 ὁ
296 407 401 448 λαός
445 408 571 450 αὐτοῦ
610 411 946 468 ἐπικρεμάμενος
989 414 1035 455 ἐκ
1077 420 1150 456 τιῖιο
1189 416 1406 458 κατοικίας
1443 416 1579 457 αὐτοῦ·
1620 417 1729 470 καὶ7

182 489 204 528 ὁ
243 488 351 531 Θεὸς
391 492 459 533 ἐπὶ
502 494 552 534 τὰ
589 494 703 543 τίμια
744 497 871 538 αὐτοῦ
907 501 1215 551 θυμωθήσεται,
1251 501 1319 541 καὶ
1355 500 1402 542 οὐ
1440 501 1496 549 μή
1534 499 1726 559 ὑψώσῌθ

182 571 322 614 αὐτόν.

175 690 554 760 Δυσέκφραστος
579 699 744 765 κομιδῇ
772 703 865 749 τῶν
884 700 1195 765 προκειμένων
1215 703 1239 751 ὁ
1261 706 1378 763 νοῦς,
1399 703 1473 752 καὶ
1497 706 1688 769 τραχεῖα

74 794 96 832 5
114 775 206 822 τῶν
232 773 405 841 λέξεων
430 776 458 840 ἡ
485 779 713 843 συνθήκη,
744 782 818 831 καὶ
841 785 1027 846 πολλῆς
1053 781 1110 833 ἂν
1135 783 1282 834 δέοιτο
1305 786 1387 847 τῆς
1412 785 1685 852 σαφηνείας,

112 858 206 908 τοῖς
231 856 445 907 ἐθέλουσι
471 863 603 910 νοεῖν.
659 861 761 911 ε”στι
785 861 833 912 δὲ
860 862 884 913 ὃ
907 864 1129 924 βούλεται
1156 868 1330 929 δηλοῦν
1358 868 1419 919 ὡς
1449 866 1498 915 ἐν
1523 866 1684 935 ὀλίγῳ,

111 942 332 988 τοιοῦτον.
397 940 624 1009 ἀπῴχετο,
664 947 828 1011 φησὶν,
863 947 887 996 ὁ
921 945 1132 1015 Ἐφραὶμ
1168 952 1229 1001 εἷς
1269 949 1566 1015 Αἰγυπτίους,
1601 949 1680 1014 γέ-

110 1040 218 1084 γονε
251 1019 299 1070 δὲ
336 1022 411 1071 καὶ
452 1023 541 1074 ὑπὸ
586 1026 805 1090 βασιλέα,
847 1027 930 1079 τὸν
971 1030 1148 1096 Ασούρ.
1213 1029 1325 1089 εἶτα,
1366 1030 1528 1098 ὥσπερ
1562 1030 1685 1085 τινος

109 1102 454 1165 πυνθανομένου
488 1128 537 1156 τε
578 1110 652 1158 καὶ
683 1108 904 1173 λέγοντος
935 1111 1071 1162 Ἀνθ’
1109 1112 1217 1163 ὅτου
1254 1114 1330 1164 καὶ
1367 1114 1470 1164 τίνα
1508 1112 1685 1180 τρόπον

46 1208 92 1233 10
110 1184 462 1251 συγκεχώρηται
511 1193 687 1252 παθεῖν,
739 1190 767 1256 ἢ
815 1197 914 1246 πῶς
965 1195 1261 1263 ἀλλοφύλοις
1311 1195 1607 1247 δεδούλευκεν
1658 1198 1683 1247 ὁ

109 1264 332 1331 Ἰσραήλ,
376 1269 562 1334 τίθησιν
592 1273 761 1341 ἐφεξῆς
795 1273 878 1329 τὰς
917 1278 1190 1342 ἀπολογίας,
1218 1278 1298 1329 καί
1332 1283 1468 1348 φησι,
1494 1283 1683 1346 πρῶτον

109 1344 205 1409 μὲν,
256 1347 325 1399 ὅτι
376 1357 402 1379 “
421 1352 503 1403 οὐκ
550 1354 782 1418 ἠθέλησεν
836 1357 1165 1426 ἐπιστρέψαι·”
1238 1359 1537 1426 προκειμένης
1589 1360 1681 1429 γὰρ
1699 1370 1848 1445 dggfra

109 1427 398 1495 ἡμερότητος,
423 1434 539 1498 ἥλω,
567 1439 702 1504 φησὶ,
730 1440 805 1489 καὶ
828 1439 945 1505 πρὸς
979 1447 1116 1492 τοῦτο
1141 1440 1347 1510 ῥᾴθυμος
1373 1445 1447 1494 καὶ
1473 1443 1678 1509 ἀπειθής·
1801 1424 1855 1455 ’δ’

130 1507 149 1526 ‘³
258 1512 279 1529 et
469 1518 483 1535 x
537 1519 546 1532 ν
635 1520 648 1536 t
811 1523 821 1536 ε
969 1523 980 1538 r
1055 1525 1065 1539 ι
1189 1529 1208 1537 Α
1309 1523 1319 1538 ’
1541 1527 1551 1541 ³
1618 1528 1677 1543 ⁶⁹⁹
1740 1523 1784 1554 Su
1808 1535 1845 1555 ra,

108 1532 216 1573 ειτα,
255 1536 324 1564 οτι
364 1522 390 1544 ‘⁵
409 1539 483 1567 και
522 1523 758 1583 ησθενησε
796 1525 1006 1590 ρομφαια
1043 1547 1090 1574 εν
1128 1547 1227 1578 ταις
1258 1533 1459 1576 πολεσιν
1498 1549 1651 1579 αυτου.
1739 1535 1807 1598 vm?
1824 1568 1854 1599 6.

1654 1609 1672 1626 ’Χ

43 1614 88 1652 15
108 1594 160 1642 οὐ
197 1592 289 1661 γὰρ
326 1595 395 1661 ἧν,
430 1601 491 1653 ὡς
524 1600 657 1667 ἔφην,
689 1603 714 1652 ὁ
754 1609 848 1657 τοῖς
881 1604 1158 1672 Ἀσσυρίοις
1201 1607 1608 1671 ἀντανιστάμενος,
1649 1634 1677 1674 η

107 1678 182 1727 καὶ
221 1679 456 1743 εὐδόκιμος
495 1682 553 1734 τοὶ
590 1684 794 1749 τακτικὰ,
839 1690 962 1738 Θεοῦ
1002 1687 1055 1739 τὸ
1094 1688 1300 1756 μάχιμον
1338 1691 1676 1757 παραλύοντος,

106 1760 181 1809 καὶ
219 1763 366 1831 δειλίᾳ
397 1786 487 1815 που
519 1766 642 1834 τάχα
674 1771 1097 1834 προκατασείοντος
1123 1774 1198 1822 καὶ
1235 1771 1318 1823 τὸν
1348 1774 1543 1837 εὐσθενῆ
1569 1773 1678 1825 λίαν

107 1841 155 1890 ἐν
191 1840 374 1910 μάχαις.
434 1847 555 1899 αἰτία
593 1848 641 1900 δὲ
683 1853 759 1902 καὶ
803 1852 935 1919 ἑτέρα
975 1859 1058 1905 τοῦ
1093 1859 1256 1905 πεσεῖν
1293 1854 1433 1906 αὐτὸν
1472 1854 1561 1906 ὑπὸ
1595 1855 1678 1907 τὸν

105 1922 302 1991 Ἀσούρ.
367 1929 477 1980 ποία
512 1929 560 1981 δὲ
593 1933 740 1998 αὕτη;
782 1940 800 1985 ὁ
835 1933 928 2001 γὰρ
961 1937 1092 1994 Aah,
1126 1936 1367 1988 τουτέστιν
1401 1938 1426 1988 ὁ
1449 1937 1674 2006 Ἐφραὶμ,

38 2032 86 2057 20
103 2011 350 2076 μονονουχὶ
381 2012 455 2061 καὶ
489 2013 749 2084 ἑξεκρέμοιτο
778 2019 919 2079 αὐτοῦ,
947 2023 1029 2068 τοῦ
1055 2017 1237 2084 Ἀσοὺρ
1263 2018 1494 2083 δηλονότι,
1522 2022 1596 2071 καὶ
1623 2022 1671 2072 ἐκ
1691 2049 1712 2075 e

102 2086 177 2147 τῆς
215 2093 345 2142 αὐτοῦ
384 2098 618 2151 κατοικίαις
653 2097 864 2164 ἀπαίρειν
901 2099 1135 2164 ἠθέλησεν
1173 2105 1234 2155 εἷς
1266 2100 1352 2165 τὴν
1387 2106 1591 2168 Περσῶν
1624 2126 1674 2155 τε

100 2172 174 2221 καὶ
210 2171 405 2237 Μήδων.
471 2179 546 2228 καὶ
581 2179 633 2229 οὐ
671 2179 820 2244 δήπου
859 2181 1025 2248 φαμὲν,
1066 2182 1135 2234 ὅτι
1169 2189 1306 2234 τοῦτο
1339 2189 1504 2236 παθεῖν
1538 2186 1676 2241 αὐτὸς

99 2249 157 2302 ὀὶν
181 2253 410 2320 ἠθέλησεν
435 2259 460 2308 ὁ
479 2257 702 2328 Ἐφραὶμ,
730 2262 840 2313 ἀλλ’
868 2263 984 2315 ὅσον
1007 2265 1114 2329 ἧκεν
1139 2268 1200 2319 εἷς
1226 2265 1285 2316 τοὶ
1310 2267 1435 2336 αὐτῷ
1453 2275 1673 2332 πεπλημ-

98 2335 345 2400 μελημένα,
371 2344 619 2410 μονονουχὶ
645 2346 720 2394 καὶ
750 2344 942 2411 ἐζήτησε
967 2351 1132 2398 παθεῖν
1157 2347 1216 2399 τὰ
1239 2350 1359 2399 οὕτω
1384 2348 1520 2412 δεινὰ,
1547 2350 1671 2418 εἴπερ

34 2440 81 2478 25
101 2417 207 2486 ἐξὸν
251 2422 488 2488 διαδράναι
537 2423 622 2489 τὴν
672 2427 818 2492 ὀργὴν
858 2432 1145 2497 μεταφοιτᾶν
1194 2430 1408 2500 ᾑρημένῳ
1451 2431 1568 2498 πρὸς
1612 2432 1672 2484 τὰ

100 2501 268 2563 ἀμείνω
318 2506 394 2555 καὶ
442 2508 818 2573 πρεπωδέστερα,
860 2514 1106 2578 μονονουχὶ
1156 2514 1230 2562 καὶ
1280 2511 1540 2581 ἑξεκρέμσιτο
1588 2521 1670 2566 τοῦ

98 2581 289 2651 Ἀσοῦρ,
328 2588 403 2637 καὶ
444 2587 529 2651 τὴν
565 2589 847 2654 ἐνεγκοῦσαν
885 2593 1034 2660 ἀφεὶς,
1081 2593 1294 2644 τουτέστι
1329 2593 1398 2654 τὴν
1439 2599 1709 2649 κατοικίανει
1739 2616 1817 2651 162
1833 2616 1886 2651 Α.

98 2668 237 2728 αὑτοῦ,
272 2667 389 2735 πρὸς
427 2668 512 2734 τὴν
545 2671 715 2722 ἐκείνου
753 2672 955 2738 βαδίζειν
993 2675 1228 2728 ἀσυνέτως
1259 2677 1485 2744 ἐγλίχετο,
1521 2679 1668 2731 καίτοι

97 2750 220 2799 Θεοῦ
257 2749 409 2815 πάντη
447 2773 497 2802 τε
533 2754 608 2803 καὶ
644 2752 829 2807 πάντως
857 2753 1044 2823 ἐπάξειν
1068 2757 1192 2826 αὐτῷ
1224 2756 1283 2807 τὰ
1315 2758 1467 2810 τοιάδε
1492 2763 1662 2828 διειρη-

145 2894 177 2918 2.
203 2886 221 2917 ὁ
239 2884 333 2920 deest
349 2887 385 2920 in
403 2887 494 2922 Edd.
683 2900 716 2933 3.
742 2889 860 2925 αὐτούς
877 2901 940 2934 pro
957 2891 1057 2926 αὐτόν
1076 2891 1113 2926 F.
1312 2903 1345 2939 5.
1370 2896 1428 2939 τῆς
1445 2903 1665 2944 assumptum

97 2975 138 2996 ex
159 2963 250 2998 B.D.
544 2980 596 3014 19.
621 2957 730 3014 ‹ig-obp
750 2970 795 3004 D.
1077 2983 1132 3007 20.
1157 2976 1216 3008 τοῦ
1232 2974 1341 3021 ἇσοὺρ
1357 2976 1511 3021 δηλονότι
1528 2991 1598 3017 om.
1617 2981 1664 3015 D.

99 3019 154 3054 27.
180 3009 314 3056 ἅσσοὺρ
333 3012 380 3048 D.
398 3014 588 3050 Aubertus.
638 3017 739 3051 αὐτοῦ
756 3017 922 3052 κατοικίαν
938 3018 1076 3054 inverso
1093 3020 1214 3056 ordine
1232 3022 1277 3056 D.

155 3081 246 3111 τοι.
269 3083 296 3110 1.
830 3089 859 3116 H
880 3076 909 3117 h
