2021 3434
0 232 5 335 ἲ

0 337 4 502 ξ

113 227 137 268 i.
161 228 200 278 6,
225 240 260 280 7.
591 231 661 271 IN
704 232 937 272 OSEAM.
998 232 1145 272 TOM.
1181 231 1214 270 I.
1630 233 1683 271 33

112 343 267 391 θοιντο
303 340 362 392 τὰ
396 341 565 404 ἀμείνω
599 344 674 392 καὶ
707 342 1081 409 πρεπωδέστερα,
1113 341 1283 393 λοιπόν
1312 364 1361 392 τε
1393 340 1680 409 μεταφοιτή-

111 444 246 473 σειαν
279 421 396 489 πρὸς
430 422 483 474 τὸ
519 424 710 475 ἑλέσθαι
744 423 1018 493 σωφρόνως,
1055 423 1142 476 κᾶν
1174 431 1288 491 γοῦν
1326 429 1420 477 τοῖς
1459 422 1683 488 δευτέροις

110 504 418 555 ἀποσείεσθαι
441 504 526 569 τὴν
551 504 710 571 ὀργὴν,
736 507 898 569 εὐμενῆ
934 509 1010 556 καὶ
1043 509 1193 574 πρᾷον
1225 507 1299 573 ἐφ’
1326 506 1499 557 ἑαυτοῖς
1534 527 1677 554 κατα-

111 584 376 649 στήσαντες
426 588 748 651 λελυπημένον
807 587 890 637 τὸν
937 592 1031 637 τῶν
1075 587 1200 637 ὅλων
1250 587 1389 638 Θεόν.
1469 586 1583 637 ἔοικε
1635 586 1682 637 δὲ

70 666 258 721 5πάλιν
293 669 317 718 ὁ
351 669 639 737 προφητικὸς
672 669 780 733 ἡμῖν
813 670 861 719 ἐν
896 668 1073 722 τούτοις
1113 671 1382 732 ὑποδηλοῦν
1420 668 1563 734 λόγος
1601 668 1684 722 τὰς

112 750 418 814 γεγενημένας
453 751 781 817 αἰχμαλωσίας
811 756 894 800 τοῦ
918 749 1133 816 Ἰσραὴλ,
1171 750 1259 801 ὑπό
1299 774 1347 802 τε
1387 758 1468 802 τοῦ
1496 755 1684 817 Θεγλα-

113 832 360 900 φαλασάρ,
405 835 479 883 καὶ
529 832 685 895 μέντοι
728 831 1057 898 Σαλμανασάρ
1107 833 1349 893 βασιλέων
1392 833 1682 898 Ἀσσυρίων,

113 913 156 964 οἳ
181 914 443 982 μετῴκισαν
479 916 528 964 ἐκ
564 915 826 979 Σαμαρείας
850 912 932 964 τὸν
951 913 1152 981 Ἰσραὴλ
1179 918 1240 968 εἷς
1265 913 1323 964 τὰ
1350 914 1452 981 ὅρια
1479 919 1683 981 Περσῶν
1703 937 1724 960 a
1762 928 1818 961 24
1837 926 1887 960 A·

113 998 188 1046 καὶ
230 995 423 1060 Μήδων,
469 995 552 1050 τὰς
593 998 640 1046 ἐν
687 1000 744 1064 τῇ
787 997 1025 1065 Σαμαρείᾳ
1074 996 1462 1064 καταδῃώσαντες
1503 996 1677 1052 πόλεις.

48 1099 94 1124 10
113 1078 221 1127 ἀλλ’
263 1079 343 1128 οὐκ
382 1078 438 1129 ἂν
473 1083 572 1132 ταῖς
615 1079 734 1128 οὕτω
777 1080 940 1132 δειναῖς
978 1078 1363 1144 περιπεπτώκασι
1400 1084 1684 1147 συμφοραῖς,

111 1159 353 1222 ἐπαμύνειν
387 1161 540 1214 αὐτοῖς
574 1162 816 1213 ἐθέλοντος
851 1164 990 1211 Θεοῦ·
1033 1165 1222 1224 μᾶλλον
1250 1159 1312 1224 δὲ,
1336 1160 1401 1225 μὴ
1426 1163 1567 1213 οἱονεί
1584 1186 1683 1215 πως

111 1243 185 1292 καὶ
235 1241 573 1311 ἀντεξάγοντος
622 1244 695 1292 καὶ
752 1243 799 1292 ἐν
857 1241 985 1310 τάξει
1035 1244 1273 1307 πολεμίων
1322 1244 1678 1308 ἀνθεστηκότος.

111 1326 200 1394 ἔφη
262 1323 354 1390 γὰρ
413 1325 632 1390 ἐναργῶς,
693 1323 762 1375 ὅτι
816 1327 1204 1394 Ἄπι-τασσόμενος
1258 1325 1550 1396 ἀντιτάξομαι
1603 1331 1683 1377 αὐ-

110 1410 211 1462 τοῖς.
294 1405 505 1470 ἐλεήσειν
567 1404 613 1457 δὲ
675 1406 783 1460 τοὺς
845 1406 967 1460 υἱοὺς
1018 1408 1173 1458 Ἰούδα
1235 1409 1683 1474 κατεπαγγέλλεται,

44 1508 90 1546 15
110 1491 185 1540 καὶ
217 1488 394 1540 σώσειν
427 1488 605 1551 αὐτοὺς,
634 1490 687 1540 οὐ
719 1490 929 1553 πολέμου
956 1489 1094 1559 νόμῳ·
1153 1497 1290 1541 τοῦτο
1316 1490 1408 1557 γὰρ
1435 1490 1502 1554 τὸ,
1539 1495 1614 1543 οὐκ
1647 1493 1683 1542 ἐν
1702 1496 1728 1535 b

109 1569 315 1640 δέρμασιν,
360 1568 451 1622 οὐδὲ
494 1571 531 1622 ἐν
571 1572 748 1626 ἵπποις·
805 1571 829 1623 ὃ
875 1572 930 1637 δὴ
973 1576 1047 1623 καὶ
1090 1572 1372 1635 τετέλεσται,
1411 1579 1494 1624 τοῦ
1540 1577 1684 1624 Σενα-

109 1656 275 1721 χηρεῖμ
313 1653 605 1721 περιέχοντος
649 1654 806 1725 κύκλῳ
848 1653 933 1719 τὴν
975 1654 1304 1722 Ἰερουσαλὴμ,
1362 1655 1437 1706 ὅτε
1483 1658 1557 1707 καὶ
1602 1659 1684 1720 τῆς

108 1737 232 1789 θείας
273 1736 414 1804 δόξης
457 1736 769 1804 κατεφλυοῖρει
807 1736 1066 1805 Ῥαψάκης,
1107 1740 1168 1791 ὡς
1213 1740 1295 1788 οὐκ
1342 1737 1398 1788 ἂν
1445 1738 1684 1806 ἱσχύσειεν

107 1817 247 1869 εἰπὼν
273 1819 522 1869 ἀνασῶσαι
548 1818 668 1872 Θεὸς
693 1818 779 1883 τήν
804 1842 852 1869 τε
870 1819 1199 1885 Ἰερουσαλὴμ,
1228 1822 1302 1871 καὶ
1337 1819 1441 1874 τοὺς
1476 1823 1524 1871 ἐν
1548 1822 1680 1888 αὐτῇ·

43 1924 89 1949 20
106 1899 376 1967 προεκόμιζε
411 1899 459 1951 δὲ
494 1905 555 1953 εἱς
593 1899 831 1969 ἀπόδειξιν
865 1907 947 1952 τοῦ
984 1900 1187 1965 πάντητε
1226 1905 1300 1952 καὶ
1338 1902 1524 1957 πάντως
1556 1905 1682 1955 ἁλώ-

107 1986 280 2033 σεσθαι
324 1985 399 2033 καὶ
444 1980 622 2045 αὐτοὺς,
667 1981 720 2033 τὸ
762 1982 826 2046 μὴ
871 1985 1151 2047 δεδυνῆσθαι
1193 1982 1300 2038 τοὺς
1343 1986 1391 2035 ἐν
1443 1987 1682 2054 Σαμαρείᾳ

107 2062 236 2119 θεοὺς
285 2065 532 2133 ἐξελέσθαι
574 2064 680 2118 τοὺς
722 2066 909 2127 ἑαυτῶν,
956 2067 1066 2116 ἀλλ’
1101 2066 1297 2133 ἐσώζετο
1338 2067 1617 2136 παραδόξως
1656 2070 1680 2119 ὁ

105 2147 295 2210 Ἰούδας,
323 2147 565 2199 τουτέστιν
598 2151 645 2198 αἱ
681 2146 766 2211 τὴν
789 2147 1103 2215 Ἰερουσαλὴμ
1142 2153 1352 2200 οἰκοῦσαι
1391 2150 1472 2200 δύο
1510 2150 1675 2218 φυλαί.

107 2235 133 2258 “
158 2227 365 2297 Ἐξῆλθε
402 2228 494 2296 γὰρ
530 2229 735 2295 ἄγγελος
770 2231 960 2297 Κυρίου,
997 2233 1159 2299 φησιν,
1195 2233 1270 2281 καὶ
1305 2233 1485 2283 ἀνεῖλεν
1515 2234 1563 2282 ἐκ
1598 2235 1719 2296 τῆςο
1741 2256 1860 2297 4Reg.

41 2336 87 2374 25
106 2317 132 2338 ‘⁶
156 2314 464 2376 παρεμβολῆς
484 2311 863 2378 τῶνἈσσυρίων
882 2314 930 2363 ἐν
948 2316 1032 2381 μιᾷ
1052 2314 1191 2374 νυκτὶ,
1209 2312 1372 2363 ἑκατὸν
1393 2313 1679 2379 ὀγδοήκοντα
1739 2311 1802 2332 m.
1820 2310 1871 2341 35-

107 2399 133 2421 ⁶⁶
156 2392 290 2444 πέντε
328 2393 590 2460 χιλιάδας.”
654 2392 770 2461 ᾗδόν
803 2417 851 2445 τε
890 2396 1036 2448 οὕτως
1063 2399 1103 2445 οὶ
1130 2395 1443 2457 σεσωσμένοι·
1486 2399 1561 2447 καὶ
1596 2400 1679 2461 τῆς

105 2475 173 2525 ἐπ’
220 2475 374 2529 αὐτοῖς
416 2476 723 2540 γεγενημένης
765 2477 1110 2542 μεγαλουργίας
1152 2476 1258 2530 τοὺς
1304 2477 1501 2543 τρόπους
1546 2481 1675 2547 ἀφη-

104 2562 288 2621 γοῦντο,
325 2557 541 2622 λέγοντες
581 2565 606 2586 “
624 2558 770 2608 Οὗτοι
808 2559 855 2608 ἐν
894 2556 1090 2623 ἅρμασι,
1134 2561 1208 2609 καὶ
1249 2559 1374 2610 οὗτοι
1411 2562 1459 2611 ἐν
1497 2561 1672 2616 ἵπποις·
1739 2577 1873 2633 1ῗε.Χί-*ι-

106 2644 132 2666 “
157 2638 285 2701 ἡμεῖς
324 2638 370 2689 δὲ
409 2641 456 2689 ἐν
481 2638 673 2702 ὀνόματι
695 2639 870 2705 Κυρίου
897 2643 1021 2690 Θεοῦ
1048 2640 1178 2704 ἡμῶν
1203 2644 1674 2708 μεγαλυνθησόμεθα.
1740 2622 1768 2660 δ’
1787 2631 1816 2663 9-

40 2727 133 2790 30“
158 2722 287 2771 αὐτοὶ
325 2721 756 2784 συνεποδίσθησαν,
796 2723 870 2772 καὶ
909 2722 1095 2772 ἔπεσον
1150 2723 1277 2786 ἡμεῖς
1316 2723 1364 2774 δὲ
1403 2725 1675 2792 ἀνέστημεν,

104 2809 132 2831 “
159 2805 231 2853 καὶ
258 2803 643 2869 ἀνωρθώθημεν.”

151 2987 184 3017 4.
210 2977 275 3009 τῶν
300 2981 520 3020 assumptum
539 2987 579 3008 ex
600 2975 641 3008 B.
868 2986 898 3022 7.
924 2976 1094 3017 βασιλέως
1114 2977 1154 3011 Β.
1411 2980 1444 3014 8.
1469 2980 1674 3026 μετῴκισαν]

104 3022 299 3068 μετῴκησαν
318 3021 409 3056 Edd.
429 3022 514 3056 Mox
533 3022 608 3067 ὅρια
628 3022 667 3056 Β.
687 3022 761 3067 ὅρια
780 3023 870 3057 Edd.
1061 3034 1115 3069 25.
1143 3025 1177 3059 ἐν
1194 3032 1414 3071 assumptum
1433 3039 1474 3060 ex
1497 3028 1535 3061 Β.

166 3090 253 3118 voh.
278 3092 304 3117 I.
854 3095 874 3121 F
