2021 3434
102 791 179 826 271
194 790 245 824 A.

102 1039 135 1070 S.
150 1040 232 1071 Luc.

101 1094 130 1114 x.
154 1094 202 1124 19.

98 1195 220 1245 Ephes-

97 1249 140 1269 Vl.
162 1248 174 1269 1
183 1250 210 1270 2.

323 176 407 214 410
712 177 763 217 B.
807 177 1085 219 CYRILLI
1126 179 1506 220 ALEXANDR.
1764 179 1806 219 ii.
1834 192 1896 220 10.

321 283 404 335 τὸν
442 286 638 351 καρπόν.
705 287 859 352 ἐπειδὴ
897 288 990 355 γὰρ
1029 291 1090 342 ὡς
1124 291 1228 354 περὶ
1267 289 1456 356 δένδρου
1491 288 1768 353 λελάληκεν,
1794 291 1894 340 ε’πι-

321 366 444 429 μένει
484 371 691 422 πιθανῶς
733 371 757 419 ὁ
802 370 947 436 λόγος
989 374 1048 438 τῇ
1091 375 1256 439 τροπῇ,
1299 373 1373 421 καὶ
1423 374 1484 424 εἰς
1527 371 1643 440 ῥίζαν
1681 372 1806 438 αὐτῷ
1842 369 1897 420 τὸ

321 447 509 508 βλάβος
540 451 758 513 γενέσθαι
793 454 954 519 φησὶν,
983 453 1242 521 ἠφανίσθαι
1274 452 1322 503 δὲ
1352 453 1471 503 οὕτω
1504 455 1578 503 καὶ
1611 453 1678 504 τὶν
1719 452 1896 518 καρπόν.

322 529 549 581 ἀποθάνοι
583 532 675 597 γὰρ
711 532 769 583 ἂν
804 536 889 602 οὐχ
915 535 1078 600 ἑτέρως
1103 534 1157 585 τὸ
1191 537 1238 586 ἐν
1270 539 1457 601 δρυμοῖς
1488 534 1648 603 ξύλον,
1675 534 1803 598 πλὴν
1827 534 1897 585 ὅτι

320 609 441 661 κατὰ
465 618 630 664 τοῦτον
650 612 732 665 τὸν
751 615 937 681 τρόπον.
978 616 1048 667 ὅτι
1075 617 1167 684 γὰρ
1195 618 1546 681 δεδαπάνηνται,
1564 615 1897 680 πολεμούντων
1915 628 1937 667 5

319 693 473 747 αὐτοῖς
499 701 592 746 τῶν
618 696 675 765 ἐξ
694 697 909 764 Ἰσραὴλ,
935 699 1214 766 Ἀμοῤῥαῖοί
1238 722 1288 750 τε
1320 701 1393 750 καὶ
1422 700 1595 759 Εὐαῖοι,
1623 702 1898 764 Γεργεσαῖοι

282 777 394 825 εικαὶ
431 778 664 844 Φερεζαῖοι
703 782 776 830 καὶ
810 779 1101 844 Ἰεβουσαῖοι,
1141 782 1512 848 συνασπίζοντος
1555 780 1702 845 δήλον
1739 780 1788 830 δὲ
1827 780 1898 831 ὅτι

323 861 460 921 Θεοῦ,
489 859 766 912 ἐνδοιάσειεν
792 862 849 912 ἂν
875 863 1034 917 οὐδείς.

397 941 576 1008 Πικρὸν
615 944 695 994 οὖν
736 945 827 1010 ἄρα
867 944 920 996 τὸ
964 948 1323 1014 καταφρονῆσαι
1360 949 1576 1012 Χριστοῦ
1618 950 1701 996 τοῦ
1738 943 1898 998 δόντος

321 1022 429 1086 ἡμῖν
447 1030 473 1053 “
494 1028 669 1076 Πατεΐν
695 1027 847 1078 ἐπάνω
879 1027 1034 1095 ὄφεων
1059 1032 1133 1079 καὶ
1159 1029 1400 1095 σκορπίων
1425 1031 1501 1078 καὶ
1525 1029 1599 1078 ἐπὶ
1624 1031 1788 1079 πᾶσαν
1812 1028 1897 1091 τὴν
1918 1050 1964 1075 10
2017 1029 2021 1038 ⁴

322 1111 348 1133 “
376 1105 570 1169 δύναμιν
605 1114 686 1159 τοῦ
721 1110 928 1177 ἐχθροῦ,”
961 1116 1044 1161 τοῦ
1079 1111 1486 1179 καταστρέφοντος
1525 1109 1631 1163 τοὺς
1669 1112 1898 1173 ἀνθεστη-

321 1185 472 1250 κότας,
500 1191 574 1239 καὶ
602 1191 915 1259 ὑποφέροντος
937 1192 1044 1247 τοὺς
1070 1192 1466 1258 εὐσθενεστέρους’
1503 1200 1529 1222 “
1550 1193 1625 1243 Οὐ
1650 1192 1743 1257 γάρ
1767 1194 1897 1243 ἐστιν

321 1277 348 1299 “
372 1269 481 1333 ἡμῖν
504 1271 531 1334 ἡ
558 1271 689 1335 πάλη
716 1273 834 1339 πρὸς
868 1273 982 1337 αἷμα
1016 1277 1091 1325 καὶ
1129 1275 1298 1341 σάρκα,
1326 1273 1456 1324 ἀλλὰ
1481 1273 1599 1340 πρὸς
1629 1273 1710 1328 τὰς
1735 1271 1896 1341 ἀρχὰς,

321 1358 348 1381 “
370 1351 488 1418 πρὸς
524 1353 607 1406 τὰς
640 1354 871 1423 ἐξουσίας,
898 1356 1015 1423 πρὸς
1041 1356 1147 1411 τοὺς
1173 1356 1557 1423 κοσμοκράτορας
1588 1362 1671 1407 τοῦ
1696 1355 1896 1410 σκότους

321 1440 348 1462 “
374 1439 456 1484 τοῦ
491 1439 654 1489 αἰῶνος
691 1438 870 1499 τούτου,
907 1438 1025 1503 πρὸς
1059 1438 1117 1489 τὰ
1150 1438 1436 1502 πνευματικὰ
1473 1441 1555 1502 τῆς
1592 1439 1815 1504 πονηρίας
1847 1440 1896 1489 ἐν
1916 1460 1962 1500 15

321 1521 348 1544 ‘⁶
373 1520 469 1569 τοῖς
493 1517 820 1583 ἐπουρανίοις.”
886 1522 960 1570 καὶ
987 1519 1161 1570 τούτων
1189 1520 1408 1571 ἁπάντων
1433 1522 1480 1570 ἐν
1512 1524 1711 1589 Χριστῷ
1734 1543 1896 1586 κεκρα-

319 1595 538 1661 τήκαμεν.
600 1602 675 1650 καὶ
701 1605 736 1651 εἷ
763 1600 1001 1663 μέλλομεν
1025 1607 1204 1664 λυπεῖν,
1231 1603 1562 1655 ἀποκλίνοντες
1588 1605 1649 1655 εἰς
1674 1602 1896 1672 τορᾴθυ-

274 1690 301 1730 b
319 1703 422 1743 μον,
457 1679 539 1731 τὸν
577 1682 752 1733 ἑαυτῶν
792 1686 989 1750 Σωτῆρα
1030 1687 1104 1735 καὶ
1145 1683 1414 1751 Λυτρωτὴν,
1454 1683 1770 1749 ἀπορήσομεν,
1805 1683 1892 1736 οἷδ’

319 1761 402 1826 ὅτι,
431 1765 506 1814 καὶ
540 1763 688 1831 λόγου
722 1767 797 1816 καὶ
831 1768 1048 1835 ἀφορμῆς
1081 1767 1327 1836 ἐξελέσθαι
1365 1767 1618 1831 δυναμένης
1653 1766 1896 1822 κολάσεως

318 1847 392 1896 καὶ
418 1845 578 1913 πυρός.
1914 1869 1962 1894 20

252 2074 299 2099 10
322 2074 395 2116 Καὶ
434 2075 519 2123 {fob
558 2076 768 2124 dw'ususov
795 2078 902 2126 ὑμᾶς
938 2077 985 2118 ἐκ
1028 2083 1099 2125 Γῆς
1131 2075 1349 2130 Αἰγύπτου,
1389 2078 1457 2120 καὶ
1494 2079 1748 2136 ΠεριύΓοιΓον
1786 2081 1893 2128 ὑμᾶς

383 2159 428 2200 ὲν
454 2163 504 2216 τῷ
532 2159 680 2216 ἐρήμῳ
709 2162 1026 2219 τεσσαράκοντα
1053 2163 1126 2203 ἓτΗ
1161 2165 1233 2203 τοῦ
1266 2168 1693 2219 κατακλΗρονομέισαι
1718 2163 1794 2204 τήν
1820 2168 1892 2210 Γῆν

382 2244 467 2284 τῶν
495 2244 778 2302 Ἀμοῤῥοιίων.

389 2360 660 2426 Ἑρμηνεύει
694 2366 865 2426 σαφῶς
900 2361 1014 2428 ὅπερ
1048 2362 1151 2431 ἔφη,
1191 2364 1266 2413 καὶ
1299 2360 1465 2413 ἀνόπιν
1492 2360 1654 2429 ὥσπερ
1689 2364 1714 2413 ὁ
1750 2364 1893 2428 λόγος

317 2440 411 2504 ἰὼν,
446 2441 504 2493 τὰ
537 2444 614 2494 ἀπ’
649 2446 794 2512 ἀρχῆς
828 2444 963 2513 μέχρι
993 2445 1158 2498 τέλους
1197 2447 1258 2499 ὡς
1296 2446 1344 2495 ἐν
1376 2445 1581 2513 βραχέσι
1618 2449 1887 2509 καταδηλοῖ.
1911 2459 1956 2498 25

366 2620 395 2643 1.
423 2608 561 2654 δένδρου
580 2609 622 2644 Β.
641 2609 786 2654 δένδρων
804 2609 895 2644 Edd.
1170 2622 1201 2645 2.
1228 2611 1336 2644 αὐτῶν
1352 2610 1396 2645 Α.
1445 2611 1483 2645 τὸ
1500 2611 1634 2652 βλάβος
1650 2611 1808 2657 γενέσθαι
1824 2611 1892 2647 hoc

316 2655 437 2690 ordine
455 2656 544 2690 A.B.
687 2670 720 2699 4.
739 2658 876 2701 δρυμοῖς
894 2657 936 2691 Β.
950 2657 1117 2702 (Migne.)
1137 2657 1243 2702 δρυμῇ
1258 2659 1301 2691 A.
1321 2658 1450 2702 δριμοῖς
1468 2657 1560 2692 Edd.
1705 2667 1735 2703 7.
1762 2659 1815 2692 καὶ
1831 2660 1889 2693 alt.

317 2713 385 2736 om.
404 2703 447 2736 A.
498 2703 534 2737 δέ
552 2710 770 2748 assumptum
790 2716 831 2738 ex
849 2705 891 2738 A.
1011 2706 1042 2738 8.
1068 2703 1109 2738 ἂν
1125 2711 1346 2749 assumptum
1364 2716 1404 2738 ex
1425 2704 1466 2738 Β.
1590 2716 1643 2739 10.
1668 2707 1891 2740 πατεῖν-τοῦ

317 2749 440 2793 ἐχθροῦ
458 2750 501 2783 A.
508 2750 548 2784 Β.
568 2751 676 2784 ἐπάνω
694 2750 807 2795 ὄφεων
822 2753 938 2785 πατεῖν
956 2751 1047 2785 Edd.
1321 2763 1373 2786 11.
1399 2754 1459 2786 τοῦ
1476 2752 1533 2785 alt.
1552 2759 1772 2796 assumptum
1790 2764 1831 2786 ex
1844 2753 1888 2786 A.

317 2796 628 2852 καταστρέφοντος]
653 2802 689 2838 -1-
710 2812 744 2831 τε
765 2798 807 2831 Β.
1081 2809 1133 2843 13.
1161 2797 1251 2841 ἡμῶν
1270 2798 1311 2832 A.
1584 2798 1707 2843 13—16.
1732 2799 1816 2843 πρὸς
1832 2799 1890 2834 τὰς

316 2841 745 2887 ἀρχὰς-κοσμοκράτορας
768 2847 828 2878 τοῦ
854 2846 996 2880 σκότους
1017 2844 1093 2891 [τοῦ
1118 2847 1262 2881 σκότους
1279 2857 1349 2880 om.
1369 2842 1429 2890 Β.]
1449 2847 1509 2879 τοῦ
1534 2845 1651 2880 αῖῶνος
1667 2844 1787 2880 τούτου
1805 2852 1838 2879 et
1855 2845 1890 2879 ἐν

316 2890 384 2922 τοῖς
402 2889 609 2933 ἐπουρανίοις
625 2898 844 2925 accesserunt
862 2904 903 2925 ex
921 2893 964 2925 A.
972 2892 1011 2925 Β.
1447 2902 1497 2936 17.
1525 2892 1571 2927 εἷς
1588 2891 1677 2925 Α.Β.
1695 2893 1780 2935 πρὸς
1797 2891 1888 2926 Edd.

318 2944 373 2967 22.
389 2935 431 2972 ἐν
447 2938 486 2978 τῇ
504 2936 613 2983 ἐρήμῳ
631 2950 700 2972 om.
721 2938 763 2972 B.
813 2939 1142 2983 κατακληροδοτῆσαι
1161 2938 1199 2974 F.
1520 2949 1574 2981 24.
1602 2940 1620 2972 ὁ
1637 2940 1742 2984 λόγος
1757 2950 1825 2973 om.
1845 2938 1887 2973 Β.

319 2990 374 3023 25.
401 2982 435 3015 ἐν
452 2994 521 3016 om.
541 2972 631 3018 Edd.
