2021 3434
79 675 172 706 Hier.

80 720 124 750 iii.
144 731 174 758 4.

105 2030 136 2059 8.

301 221 384 259 ffi4
693 203 1495 256 B.CYR1LL1ALEXANDR.
1715 210 1880 248 w1,L

298 329 347 380 δὲ
385 329 496 388 νυνὶ,
535 330 635 379 ταῖς
685 329 779 376 τῶν
823 322 1144 385 πλανωμένων
1182 317 1420 370 ἀπονοίαις
1463 308 1879 379 παρωτρυμμένου.

299 409 396 461 εἶτα
430 409 500 463 τίς
544 409 569 459 ὁ
610 409 783 474 ἐγερῶν
821 404 904 458 τὸν
943 409 1039 458 τοῖς
1085 402 1222 454 θείοις
1262 398 1458 460 νεύμασι
1502 392 1883 448 καταπίπτοντας

301 493 501 560 ἔσφαλεν
544 516 565 551 η
606 487 828 558 παρθένος,
864 489 967 538 ἀντὶ
1004 491 1088 537 τοῦ
1125 480 1424 547 πεπόρνευκε.
1490 477 1602 529 ποία
1645 474 1692 525 δὲ
1732 473 1881 534 αὕτης

261 578 488 630 οπάντως
536 595 628 624 που
688 570 836 623 πάλιν
886 570 911 619 ὁ
962 565 1178 634 Ἰσραὴλ,
1229 563 1375 629 ἠ’γουν
1426 561 1454 625 ἡ
1507 563 1601 609 τῶν
1649 553 1889 606 Ἰουδαίων

303 653 579 722 Συναγωγὴ,
624 651 742 720 πρὸς
786 651 844 716 ἢν
889 651 1062 716 ε’ίρηται
1106 645 1235 713 παρὰ
1280 649 1405 696 Θεοῦ
1450 649 1477 672 “
1498 641 1607 707 Οὐχ
1657 640 1718 691 ὡς
1765 634 1932 690 οἷκόν5

302 747 330 770 “
355 762 412 804 με
439 738 670 790 ἐκάλεσας
696 737 770 786 καὶ
804 732 981 799 πατέρα
1012 733 1088 783 καὶ
1120 727 1330 797 ἀρχηγὸν
1355 729 1437 790 τῆς
1467 720 1720 790 παρθενίας
1744 741 1835 769 σου
1850 715 1888 775 ;”

304 823 470 874 οὐκοῦν
507 819 534 883 ἡ
576 821 659 882 τῆς
695 816 947 884 παρθενίας
989 812 1201 881 ἀρχηγὸν
1244 814 1466 877 λαχοῦσα
1505 803 1649 865 Θεὸν,
1695 801 1892 869 ἔσφαλεν

306 906 377 956 ἐπὶ
418 901 491 962 τῆς
529 900 614 968 ’γῆς
652 898 797 962 αὐτῆς,
831 896 1059 959 τουτέστι,
1094 892 1375 958 πεπόρνευκε
1409 889 1483 940 καὶ
1523 882 1896 952 ἀπροφάσιστον

307 986 399 1054 ε”χει
432 983 518 1048 τὴν
553 982 800 1048 ἁμαρτίαν.
864 977 1147 1045 πεπόρνευκε
1183 974 1269 1039 μὲν
1303 972 1396 1039 γὰρ
1427 972 1475 1022 ἐν
1503 967 1732 1035 Αἰγύπτῳ
1767 962 1894 1016 ποτέ·

309 1066 420 1119 ἀλλ’
448 1065 506 1131 ἦν
532 1067 580 1116 ἐν
603 1068 665 1133 γῇ
693 1065 775 1115 οὐκ
808 1064 912 1132 ἰδίᾳ,
940 1063 1015 1112 καὶ
1049 1064 1144 1113 τοῖς
1173 1062 1267 1109 τῶν
1300 1052 1594 1122 κρατούντων
1624 1048 1898 1113 ὑπέστρωτο
1921 1069 1967 1094 10

311 1150 482 1215 νόμοις,
507 1147 631 1215 τάχα
655 1168 748 1198 που
781 1148 857 1196 καὶ
892 1141 1170 1206 ἀβουλήτως
1197 1143 1258 1193 εἰς
1284 1137 1343 1189 τά
1370 1135 1552 1188 ἐκείνων
1578 1132 1658 1196 ε”θη
1684 1124 1901 1188 κατεβιά-

267 1233 426 1300 ᾱζετο,
459 1233 542 1294 τῆς
576 1229 858 1295 προγονικῆς
893 1225 1131 1286 εὐσεβείας
1167 1224 1229 1276 ὡς
1265 1220 1322 1289 ἐξ
1352 1215 1556 1283 ἀνάγκης
1594 1209 1900 1282 ἐξωθουμένη·
1959 1245 1963 1249 -

314 1317 412 1367 νυνὶ
441 1313 487 1365 δὲ
512 1310 700 1379 μαχλάς
729 1313 1047 1361 κατωθοῦντος
1073 1302 1270 1357 οὐδενός·
1314 1302 1416 1353 ἔστι
1441 1297 1534 1366 γὰρ
1565 1299 1639 1348 ἐπὶ
1665 1298 1745 1358 τῆς
1773 1294 1904 1354 ἰδίας,

314 1397 425 1448 ἔνθα
459 1393 598 1457 νόμος
639 1395 663 1444 ὁ
700 1389 1017 1457 παιδαγωγὸς,
1045 1386 1338 1452 ἀποκομίζων
1372 1381 1517 1446 αὐτὴν
1551 1384 1612 1433 εἰς
1649 1378 1906 1443 ἐπίγνωσιν

314 1485 397 1532 τοῦ
434 1478 578 1546 φύσει
613 1499 662 1527 τε
697 1476 770 1526 καὶ
810 1476 999 1538 ἀληθῶς
1035 1470 1166 1524 ὄντος
1193 1473 1331 1530 Θεοῦ,
1360 1462 1570 1528 ἀνειμένη
1598 1460 1645 1513 δὲ
1678 1462 1752 1512 καὶ
1777 1459 1906 1509 ε’λευ-
1929 1479 1974 1518 15
2010 1509 2014 1531 ἶ

319 1561 430 1629 θέρα
473 1562 549 1611 καὶ
593 1558 940 1620 ἀνεπίπληκτος
991 1556 1235 1606 παντελῶς
1282 1550 1310 1614 ἡ
1358 1551 1420 1601 εἷς
1469 1550 1566 1598 πᾶν
1616 1544 1770 1595 ὁτιοῦν
1814 1544 1909 1592 τῶν

319 1646 529 1711 ἀρίστων
571 1640 692 1695 ὁδός.
765 1640 835 1693 τίς
887 1639 969 1689 οῦν
1012 1636 1130 1703 αὐτῇ
1183 1636 1265 1697 τῆς
1305 1630 1567 1695 ἀπολογίας
1611 1623 1907 1692 ἐκπορισθείη

321 1725 490 1778 λοιπὸν
519 1726 543 1776 ὁ
570 1723 774 1791 τρόπος;
820 1719 1103 1786 πεπόρνευκε
1137 1716 1244 1783 γὰρ,
1283 1715 1336 1765 οὐ
1373 1708 1683 1774 βεβιασμένη·
1729 1705 1907 1763 πόθεν;

322 1810 432 1860 ἀλλ’
474 1808 650 1859 ἑκοῦσα
688 1803 875 1857 λοιπόν.
942 1800 1167 1869 ταύτῃτοί
1203 1793 1565 1864 κατεῤῥαγμένη·
1616 1794 1690 1843 οὐκ
1733 1790 1844 1842 ἔστιν
1891 1794 1909 1840 ὁ

323 1894 512 1958 ἐγερῶν.
578 1887 781 1956 εἰρήσθω
817 1885 874 1950 δὴ
906 1885 987 1936 οῦν
1012 1884 1061 1934 εὖ
1094 1881 1226 1946 μάλα
1253 1881 1327 1930 καὶ
1359 1876 1477 1944 πρός
1515 1899 1569 1942 γε
1601 1875 1733 1939 ἡμῶν
1759 1872 1911 1923 αὐτῶν
1934 1892 1981 1917 20

946 1970 966 1979 Α

105 1985 132 2015 P
176 1983 186 2014 1
368 1979 387 1987 .-
483 1972 495 1986 t
624 1975 633 1989 ,
723 1970 733 1985 Ι
993 1973 1020 1995 44
1091 1963 1103 1979 x
1300 1962 1312 1975 x
1407 1957 1426 1979 ς
1532 1961 1546 1976 x
1624 1958 1634 1973 ι
1707 1958 1717 1972 ‚
1875 1952 1887 1968 l

135 1995 159 2015 ⁵³·
190 1993 265 2014 xxv.
287 1998 390 2044 θτῳ
427 1995 583 2026 παντα
622 1992 833 2038 ισχυοντι
861 1971 968 2036 Θεω
1041 1969 1109 2017 Συ
1141 1968 1346 2032 φοβερος
1386 1984 1442 2023 ει,
1473 1982 1547 2010 και
1585 1980 1653 2011 τις
1691 1977 1914 2018 αντιστη-

327 2064 354 2086 “
379 2056 519 2107 σεταί
541 2077 620 2105 σοι
647 2052 740 2104 ἀπὸ
766 2054 848 2116 τῆς
875 2051 1018 2116 ὀργῆς
1044 2047 1176 2099 σου.”

404 2137 629 2190 Πέπτωκε
665 2134 712 2186 δὲ
748 2135 823 2185 καὶ
862 2132 1027 2198 ἑτέρως
1056 2130 1083 2194 ἡ
1119 2132 1212 2180 τῶν
1236 2125 1476 2178 Ἰουδαίων
1499 2119 1698 2187 πληθὺς,
1725 2119 1800 2172 διὰ
1834 2121 1917 2184 τῆς

329 2226 391 2276 εἰς
439 2218 656 2287 Χριστὸν
705 2215 948 2284 παροινίας
998 2208 1366 2277 καταβιαζομένη
1410 2207 1528 2274 πρὸς
1581 2203 1799 2269 ὅλεθρον,
1841 2203 1917 2252 καὶ

331 2309 474 2356 κεῖται
518 2301 685 2353 λοιπὸν
731 2297 1045 2362 ἐπαμύνοντος
1089 2292 1285 2354 οὐδενὸς,
1327 2289 1642 2355 περιμένουσα
1679 2284 1728 2336 δὲ
1771 2284 1917 2336 πάλιν
1940 2294 2010 2343 25‘

334 2385 419 2452 τὴν
457 2390 538 2437 τοῦ
577 2381 966 2448 κατοικτείροντος
1005 2374 1154 2446 χάριν,
1191 2374 1312 2443 φημὶ
1351 2369 1407 2436 δὴ
1447 2374 1676 2438 Χριστοῦ.
1741 2364 1918 2432 κληθῇ·

388 2572 417 2594 Ι.
443 2556 733 2603 παροτρυνομένου
752 2556 795 2589 A.
1033 2561 1064 2585 2.
1092 2548 1229 2595 ἐγείρων
1246 2547 1290 2581 A.
1514 2555 1546 2588 3.
1574 2542 1711 2586 ἐσφάλη
1730 2539 1921 2574 Aubertus.

340 2608 466 2642 Statim
483 2607 548 2651 γὰρ
567 2604 647 2639 add.
664 2604 705 2637 B.
723 2602 813 2637 Edd.
833 2600 941 2634 invito
960 2598 1002 2632 A.
1051 2596 1218 2643 παρθένος
1234 2593 1363 2629 A.B.b.
1380 2591 1541 2636 παρθενία
1561 2589 1652 2624 Edd.
1703 2587 1829 2621 Statim
1845 2600 1923 2620 του-

339 2655 435 2689 τέστι
452 2665 514 2699 pro
531 2652 604 2686 ἀντὶ
621 2654 680 2685 τοῦ
698 2649 757 2684 iid.
776 2648 894 2682 invitis
913 2645 1003 2679 A.B.
1016 2644 1052 2679 b.
1161 2642 1194 2678 6.
1221 2643 1273 2676 καὶ
1291 2641 1349 2674 alt.
1368 2651 1439 2673 om.
1458 2639 1500 2671 A.
1520 2638 1610 2682 (23.)
1723 2645 1755 2679 7.
1782 2633 1921 2678 ἐσφάλη

341 2701 433 2736 Edd.
634 2699 668 2731 8.
695 2697 879 2740 ἐπόρνευσε
899 2693 941 2727 Β.
1151 2703 1184 2735 9.
1209 2690 1415 2733 πεπόρνευκε
1431 2686 1492 2729 μὲν
1507 2685 1573 2729 γὰρ
1591 2684 1626 2717 ἐν
1643 2680 1801 2726 Αἰγύπτῳ
1819 2678 1920 2724 ποτέ]

340 2750 446 2782 πάλαι
462 2747 524 2792 μὲν
539 2746 605 2791 γὰρ
622 2746 762 2788 πεπόρν.
781 2743 816 2776 ἐν
834 2739 992 2786 Αἰγύπτῳ
1009 2738 1045 2773 b.
1481 2743 1533 2776 13.
1564 2733 1622 2764 νῦν
1639 2730 1683 2763 Α.
1701 2728 1820 2762 invitis
1839 2726 1921 2760 B.b.

344 2796 424 2830 Hoc
441 2795 576 2838 μαχλὰς
601 2791 745 2825 accessit
762 2802 803 2824 ex
823 2789 857 2822 b.
875 2789 966 2831 μάλα
984 2791 1064 2832 post
1081 2784 1117 2819 δὲ
1135 2783 1215 2818 add.
1235 2782 1279 2817 A.
1327 2779 1402 2825 τῆς]
1432 2778 1489 2813 Sic
1515 2777 1607 2812 edidi
1632 2788 1674 2810 ex
1693 2775 1735 2809 B.
1751 2776 1814 2820 γῆς
1830 2771 1922 2808 Edd.

347 2852 399 2886 15.
425 2841 571 2884 ἀληθοῦς
589 2837 680 2873 Edd.
698 2837 817 2871 invitis
836 2833 965 2869 A.B.b.
1214 2830 1268 2864 18.
1297 2828 1393 2862 Haec
1410 2826 1530 2860 λοιπὸν
1547 2826 1564 2858 ὁ
1582 2828 1802 2859 accesserunt
1819 2832 1861 2854 ex
1878 2819 1923 2852 A.

342 2887 564 2930 βεβιασμένη·
590 2883 711 2929 πόθεν]
733 2883 790 2917 Sic
808 2881 952 2916 correxi.
970 2877 1179 2922 βεβιασμένη
1197 2877 1301 2912 ποθὲν
1318 2874 1409 2909 Α.Β.
1428 2871 1521 2908 Edd.
1730 2880 1782 2914 19.
1808 2864 1924 2911 κατεῤ-

343 2933 501 2979 ῥαγμένη·
522 2934 580 2967 οὐκ
598 2933 642 2966 Α.
661 2928 930 2976 κατεῤῥαγμένην
947 2927 1005 2961 οὐκ
1023 2925 1116 2960 Edd.
1645 2927 1699 2952 20.
1726 2914 1864 2960 ἐγείρων
1880 2913 1926 2946 Α.

344 2994 389 3037 γε]
401 2981 544 3060 οτηΕιέἔ]
692 2989 746 3020 24.
776 2978 922 3021 ἔλεγχον
938 2985 1001 3020 pro
1019 2972 1162 3017 ὄλεθρον
1180 2969 1273 3006 Edd.
1290 2968 1408 3004 invitis
1426 2965 1515 3001 A.B.
1682 2972 1736 3005 25.
1761 2961 1864 2995 πάλιν
1881 2959 1926 2993 A.

346 3041 449 3070 μονην
551 3052 557 3059 .
