2021 3434
289 188 370 228 168
687 189 735 228 B.
779 186 1050 227 CYRILLI
1092 186 1465 228 ALEXANDR.
1649 187 1733 227 viii.
1759 199 1796 235 2,
1820 200 1859 241 3.

288 296 712 363 ἀποστραφήσεται
736 294 790 346 τὸ
815 296 1078 363 ἐγχείρημα,
1105 297 1180 346 καὶ
1209 298 1292 358 τῆς
1325 295 1500 346 ἑαυτῶν
1523 295 1862 356 εἶκαιοβουλίας

290 380 372 430 οὐκ
406 377 586 443 ἀγαθὰς
619 377 901 442 εὑρήσουσιν
933 376 1146 440 ἀμοιβάς.
1210 376 1545 446 ἀπολήψονται
1574 375 1622 426 δὲ
1654 375 1863 442 καθάπερ

293 467 351 516 εἰς
391 462 555 512 κόλπον
593 458 676 513 τὰς
708 460 851 513 δίκας.
920 459 1019 528 ἥξει
1045 459 1138 525 γὰρ
1163 459 1278 528 ἥξει,
1303 461 1465 528 φησὶν,
1495 460 1520 509 ὁ
1545 458 1864 527 καταδῃώσων

292 540 470 604 αὐτοὺς,
505 545 598 592 τῶν
631 541 906 607 Ἀσσυρίων
944 543 968 592 ὁ
1010 541 1232 608 τύραννος
1266 543 1464 607 ἀριθμοῦ
1508 542 1744 608 κρείττονα
1780 539 1865 604 τὴν

292 629 384 675 τῶν
418 625 636 692 μαχίμων
667 624 787 691 ἔχων
822 624 1024 688 πληθύν.
1090 624 1191 693 ἥξει
1224 647 1274 675 τε
1304 625 1458 678 αὐτοῖς
1491 626 1548 678 ὡς
1581 623 1671 688 ὅλη
1704 621 1763 689 ’γῆ
1789 624 1864 673 καὶ
1884 642 1906 679 5

247 718 273 758 d
291 707 424 774 χώρα
465 709 540 757 καὶ
580 708 760 773 πατρὶς,
798 706 873 757 ἵνα
910 729 979 761 τις
1017 706 1164 771 οἴηται
1201 705 1286 770 τὴν
1326 710 1530 773 Περσῶν
1568 707 1644 756 καὶ
1684 703 1865 770 Μήδων

292 789 410 853 ὅλην
444 790 500 858 ἐξ
531 788 646 840 ὅλου
683 792 970 853 μεταστῆναι
996 789 1168 858 χώραν,
1196 791 1270 840 καὶ
1304 793 1366 844 εἷς
1399 787 1664 855 Σαμάρειαν
1697 789 1864 838 ἐλθεῖν·

291 871 428 923 τοῦτό
453 873 555 923 ε’στι
583 871 637 923 τὸ
664 875 721 927 ὡς
751 871 823 938 'stl-
887 872 987 941 ἥξει
1021 872 1069 923 δὲ
1102 875 1177 923 καὶ
1212 875 1269 928 ὡς
1303 872 1430 928 αετὶς
1463 877 1522 927 εἰς
1557 870 1666 922 οἷκον
1695 872 1864 941 Κυρίου,

292 954 545 1017 τουτέστιν,
577 953 894 1018 ἀναπτήσεται
938 956 1012 1005 καὶ
1055 956 1123 1006 ἐπ’
1164 954 1303 1006 αὑτὸν
1341 954 1451 1024 ὀξὺς
1489 956 1565 1005 καὶ
1603 951 1747 1006 δεινὸς
1784 951 1867 1003 τὸν

295 1036 405 1087 ναὸν
455 1042 538 1087 τοῦ
588 1040 726 1099 Θεοῦ,
773 1039 847 1088 καὶ
899 1040 1255 1103 καταδραμεῖται
1296 1041 1377 1101 τῆς
1417 1036 1571 1088 Ἰούδα
1618 1034 1867 1098 βασιλείας
1890 1061 1936 1086 10

294 1121 369 1170 καὶ
413 1123 508 1169 τῶν
546 1118 904 1185 Ἱεροσολύμων,
945 1119 1162 1186 ἁρπάζων
1200 1122 1415 1187 ἀμογητὶ,
1458 1124 1533 1171 καὶ
1576 1118 1868 1185 ἀποκομίζων

294 1205 356 1255 εἷς
386 1201 470 1265 τὴν
501 1202 681 1252 ἑαυτοῦ.
746 1202 909 1268 πρώτη
947 1201 1031 1265 μὲν
1064 1201 1155 1269 γὰρ
1186 1203 1213 1266 ἡ
1241 1206 1542 1268 Σαμαρειτῶν
1579 1200 1869 1267 πεπόρθηται

294 1283 440 1350 χώρα,
466 1284 540 1333 καὶ
575 1285 623 1334 ἐν
657 1284 773 1351 αὐτῇ
806 1307 898 1335 που
930 1284 1117 1338 πάντως
1151 1285 1175 1334 ὁ
1213 1283 1429 1351 Ἰσραὴλ,
1472 1286 1668 1351 ὕστερον
1706 1282 1755 1334 δὲ
1793 1284 1870 1333 καὶ

296 1363 410 1429 αὐτὴ
444 1363 612 1416 λοιπὸν
651 1365 679 1429 ἡ
715 1365 960 1429 διαβόητος
995 1365 1182 1434 ἐλήφθη
1220 1366 1371 1428 πόλις,
1403 1367 1476 1435 ἐφ’
1506 1365 1535 1435 ᾗ
1570 1389 1645 1417 και
1683 1366 1708 1416 ὁ
1745 1388 1864 1432 προ-

73 1458 193 1489 Thren.
212 1458 232 1489 i.
257 1469 278 1495 e
298 1447 449 1516 φήτης
474 1448 694 1512 Ιερεμίας
720 1446 897 1514 ἐθρήνει
923 1447 1095 1513 λεγων·
1134 1456 1160 1478 “
1177 1452 1289 1502 Πῶς
1321 1448 1508 1499 ἐκάθισε
1532 1447 1650 1513 μόνη
1677 1449 1703 1513 ἡ
1730 1447 1868 1502 πόλις
1891 1468 1937 1505 15

296 1528 375 1592 “ἡ
412 1530 783 1594 πεπληθυσμένη
820 1534 981 1590 λαῶν;
1022 1529 1237 1597 ἀρχουσα
1277 1531 1324 1580 ἐν
1366 1530 1538 1598 χώραις
1575 1530 1769 1597 ἐγενηθη
1807 1554 1870 1584 εις

295 1617 322 1640 “
348 1609 536 1679 φόρον.”
578 1611 648 1662 ὅτι
684 1611 777 1679 γὰρ
814 1611 1121 1678 συνεπρήσθη
1152 1616 1210 1680 τῇ
1240 1610 1377 1663 πόλει
1410 1635 1484 1663 και
1517 1614 1541 1663 ὁ
1574 1612 1695 1676 ναὸς,
1726 1614 1863 1665 οὐδα-

295 1691 438 1757 μόθεν
471 1692 758 1763 ἀμφίλογον.
800 1699 947 1745 ταῦτα
986 1693 1035 1745 δὲ
1072 1695 1224 1748 αὐτοῖς
1261 1694 1568 1759 συμβήσεταί
1604 1700 1767 1764 φησιν,
1800 1697 1870 1747 ὅτι

296 1775 381 1840 τὴν
424 1777 551 1828 θείαν
590 1778 950 1847 παραβεβήκασι
1001 1774 1212 1840 διαθήκην,
1256 1779 1334 1829 καὶ
1375 1777 1598 1839 ’ἦα-ἔβησαν
1638 1776 1762 1830 κατα
1800 1780 1871 1830 τοῦ

296 1857 586 1923 λαληθέντος
612 1860 748 1928 νόμον.
799 1859 964 1925 ὀλίγου
988 1857 1081 1926 γὰρ
1105 1863 1348 1914 παντελῶς
1380 1859 1614 1928 ἀξιοῦντες
1640 1859 1787 1927 λόγου
1812 1859 1872 1912 τὰ
1892 1884 1940 1910 20

297 1939 373 1992 διὰ
397 1946 479 1991 τοῦ
503 1940 758 2010 πανσόφου
786 1940 1028 1995 Μωυσέως
1055 1942 1415 2005 τεθεσπισμένα,
1442 1947 1538 1996 τοῖς
1573 1941 1698 1996 ἰδίοις
1731 1941 1872 2008 θελή-

75 2043 147 2077 118
168 2041 220 2076 A.
257 2052 279 2076 a
297 2045 417 2085 μασι
451 2022 610 2090 διαζῆν
646 2022 946 2089 ἐσπούδαζον,
981 2025 1056 2074 καὶ
1087 2024 1283 2077 ἕκαστος
1317 2022 1371 2074 τὸ
1406 2027 1571 2076 δοκοῦν
1608 2030 1683 2076 καὶ
1714 2029 1865 2092 θρησ-

297 2107 419 2160 κείας
443 2104 619 2173 τρόπον
644 2107 882 2156 ἐποιοῦντο
908 2107 983 2156 καὶ
1010 2104 1167 2169 νόμον.

204 2348 235 2381 2,
255 2349 275 2384 3
292 2335 300 2347 '
315 2334 398 2383 Εμὲ
426 2335 704 2392 κεκράξονται
723 2333 777 2375 ‘O
795 2333 902 2375 Θεὸς
929 2332 1175 2382 ὲΓνώκαμέν
1201 2349 1258 2376 σε·
1298 2334 1362 2376 ὅτι
1377 2333 1387 2346 ’
1401 2333 1553 2392 Ισραὴλ
1569 2334 1870 2393 ἀπεστρέψατο

364 2417 513 2469 ᾶΓαΘὰ,
539 2417 689 2475 ἐχθρὸν
717 2417 996 2459 κατεδίωξαν.
1892 2421 1939 2461 25

122 2531 226 2572 Supra

121 2575 174 2605 vii.
199 2585 245 2613 14·
372 2534 435 2582 Οἱ
460 2534 533 2583 ἐπὶ
557 2533 676 2603 σίτῳ
703 2535 777 2583 καὶ
803 2532 910 2602 οἴνῳ
935 2532 1334 2597 κατατεμνόμενοι,
1361 2535 1436 2585 καὶ
1469 2538 1564 2588 τοῖς
1595 2532 1872 2599 ἀκαθάρτοις

299 2612 488 2676 δαίμοσι
523 2621 764 2669 τελοῦντες
805 2614 888 2669 τὰς
925 2614 1103 2680 ἑορτὰς,
1148 2619 1189 2666 οἱ
1227 2621 1327 2671 ταῖς
1365 2619 1540 2668 ἑαυτῶν
1577 2617 1783 2683 καρδίαις
1818 2616 1872 2667 οὑ

297 2694 575 2760 βεβοηκότες
608 2696 726 2764 πρὸς
766 2697 904 2761 Θεὸν,
945 2697 1049 2748 οὐδὲ
1079 2697 1173 2763 μὴν
1216 2699 1524 2765 ἐπεγνωκότες
1560 2698 1643 2750 τὸν
1681 2697 1871 2763 ἁπάσης

347 2855 378 2879 2.
403 2846 618 2892 ἀπολήψεται
639 2850 684 2884 D.
825 2863 857 2897 3.
885 2853 1102 2896 καταδῃώσας
1119 2853 1211 2888 Edd.
1229 2854 1345 2889 invitis
1364 2854 1406 2889 B.
1412 2855 1457 2889 D.
1460 2855 1495 2890 b.
1638 2869 1671 2898 4.
1698 2857 1716 2890 ὁ
1733 2868 1802 2891 om.
1823 2856 1871 2891 D.

299 2891 332 2925 8.
350 2892 393 2927 ὡς
410 2894 466 2926 alt.
471 2893 486 2938 ]
505 2902 540 2935 ψ
557 2898 574 2928 ὁ
595 2896 684 2931 Edd.
825 2911 857 2943 9.
876 2901 928 2933 καὶ
946 2901 1043 2945 plius
1061 2908 1282 2946 assumptum
1299 2914 1340 2935 ex
1361 2902 1402 2935 B.
1408 2902 1453 2936 D.
1471 2902 1548 2948 Syr.
1598 2903 1652 2937 ἐπὶ
1669 2910 1747 2948 post
1765 2904 1871 2938 δεινὸς

299 2937 378 2971 add.
399 2939 444 2973 D.
590 2944 640 2976 18.
667 2944 863 2987 ιιμφίβυλον
881 2947 928 2980 D.
1083 2959 1138 2990 24.
1164 2948 1406 2994 ἀπεστρέψατε
1425 2949 1470 2983 Ι).
1632 2961 1686 2995 27.
1713 2949 1867 2995 δαίμοσι]

298 2985 463 3029 πνεύμασι
485 2986 530 3021 D.
697 2994 751 3024 28.
777 2991 927 3038 ἁπάσης]
947 2996 1059 3037 πάσης
1079 2994 1170 3028 Edd-
