2021 3434
289 140 373 179 294
689 140 737 180 Β.
780 139 1053 181 CYRILLI
1092 141 1467 182 ALEXANDR.
1768 146 1793 187 i.
1817 157 1855 199 5.

251 322 532 413 ἓἘκνιίψατε
559 331 597 374 οἷ
623 336 849 382 μεθύοντες
880 336 924 379 ἐξ
951 333 1067 378 οἷ’νου
1098 337 1238 379 αὐτῶν
1266 340 1334 379 καὶ
1361 339 1581 380 κλαύσατε·
1621 341 1858 396 θρΗνήσατε

359 418 512 457 Πάντες
551 415 589 457 οἷ
624 417 817 460 Πίνοντεο
846 415 960 461 οἶνον
998 418 1057 462 εἷο
1094 423 1238 471 μέθΗν,
1266 422 1330 464 ὅτι
1361 422 1533 479 ἐξῆρται
1568 423 1614 462 ὲκ
1652 424 1858 472 στόματος

358 499 475 548 ὑμῶν
502 500 740 558 εὐφροσύνΗ
770 503 837 544 καὶ
864 505 981 560 χαρά.

363 608 592 675 Ἀμογητὶ
652 610 707 675 δὴ
769 611 915 663 πάλιν
970 615 1214 665 κάντεῦθεν
1264 612 1394 676 οἶμαί
1439 637 1507 668 τις
1556 613 1862 680 καταθρήσειε

290 693 474 757 σαφῶς,
515 693 576 745 ὡς
618 693 774 762 σοφὸς
810 693 866 759 ἦν
901 695 1022 761 ἄγαν
1061 697 1085 746 ὁ
1125 696 1374 749 θεσπέσιος
1415 699 1619 759 Παῦλος,
1655 701 1749 750 τοῖς
1788 695 1901 747 διὰ5

289 773 494 826 πίστεως
543 777 623 838 τῆς
675 780 735 830 εἷς
786 777 1000 843 Χριστὸν
1050 778 1467 844 σεσαγηνευμένοις
1518 782 1577 832 εἷς
1626 779 1863 844 σωτηρίαν

290 856 538 923 ἐπιφωνῶν
571 880 620 907 τε
659 862 732 909 καὶ
770 859 938 924 λέγων,
972 860 1084 911 ποτὲ
1120 861 1203 924 μὲν
1243 861 1312 912 ὅτι
1346 859 1598 927 (ι”Εγειραι
1637 862 1661 911 ὁ
1700 860 1862 911 καθεύ-

292 944 318 966 “
345 940 438 988 δων
480 943 554 989 καὶ
597 939 781 992 ἀνάστα
831 944 881 993 ἐκ
930 948 1023 993 τῶν
1070 948 1241 1009 νεκρῶν
1291 945 1366 994 καὶ
1418 943 1666 1011 ἐπιφαύσει
1707 966 1787 993 σοι
1837 943 1861 993 ὁ

71 1039 158 1073 202
179 1038 229 1072 A.
255 1026 320 1071 a“
345 1021 603 1087 Χριστός·”
646 1023 758 1074 ποτε
794 1024 841 1075 δὲ
873 1025 930 1075 αῦ
963 1027 1037 1076 καὶ
1067 1024 1121 1077 τὸ
1153 1025 1387 1090 τληπαθὲς
1420 1027 1467 1076 ἐν
1491 1026 1648 1078 πόνοις
1674 1026 1864 1090 ἀγαπᾶν

71 1104 230 1188 {ffb-³5³·
292 1104 565 1167 ἀναπείθων,
592 1105 808 1174 ταύτῃτοι
843 1110 917 1157 καὶ
952 1108 1106 1173 λέγων
1135 1116 1160 1137 “
1180 1112 1237 1158 Εἰ
1270 1108 1479 1158 παιδείαν
1512 1107 1771 1171 ὑπομένετε,
1801 1109 1863 1160 ὡς
1887 1127 1931 1152 10

95 1174 101 1180 ¹
292 1191 317 1214 ‘⁶
342 1187 452 1239 υἱοῖς
488 1187 593 1250 ὑμῖν
623 1189 941 1256 προσφέρεται
966 1190 990 1240 ὁ
1017 1188 1152 1243 Θεός·
1196 1191 1263 1243 τίς
1298 1189 1388 1256 γάρ
1420 1192 1548 1240 ἐστιν
1581 1188 1687 1251 υἱὸς,
1721 1187 1773 1240 ὃν
1811 1190 1863 1239 οὐ

290 1272 318 1295 “
340 1267 541 1318 παιδεύει
571 1268 724 1336 πατήρ
745 1271 782 1330 ;”
824 1271 1064 1322 καταπαίει
1103 1271 1194 1338 γὰρ
1228 1270 1392 1338 ὥσπερ
1425 1272 1530 1324 τοῦς
1565 1270 1856 1336 ἁμαρτάνον-

287 1371 371 1402 τας
405 1350 552 1400 καίτοι
591 1351 925 1420 φιλάνθρωπος
958 1353 1021 1404 ὧν
1056 1355 1080 1405 ὁ
1116 1353 1249 1417 Θεὸς,
1281 1355 1367 1422 οὐχ
1405 1353 1538 1417 ἑκὼν,
1575 1356 1682 1404 ἀλλ’
1711 1355 1772 1407 ὡς
1810 1354 1866 1423 ἐξ

287 1430 493 1497 ἀνάγκης
519 1433 829 1502 ἐπιστρέφων,
856 1437 930 1486 καὶ
961 1434 1135 1502 τρόπον
1160 1437 1312 1490 αὐτοῖς
1344 1437 1601 1502 ἐπικουρίας
1626 1435 1679 1486 τὸ
1705 1439 1862 1504 χρῆμα

287 1512 574 1577 ποιούμενος.
641 1515 850 1583 καθάπερ
892 1516 1050 1581 ἀμέλει
1094 1519 1167 1569 καὶ
1212 1522 1254 1569 οἱ
1295 1521 1376 1582 τῆς
1419 1521 1622 1585 ἰατρικῆς
1662 1519 1857 1583 ἐπιστή-
1884 1535 1930 1573 15

289 1618 426 1658 μονες
463 1601 558 1651 τοῖς
591 1599 892 1665 ἀῤῥωστοῦσι
926 1600 1228 1667 προσάγουσι
1267 1603 1342 1651 καὶ
1383 1600 1441 1652 τὰ
1479 1600 1672 1669 σφόδρα
1714 1624 1857 1652 κατα-

245 1683 272 1724 b
291 1679 519 1732 δάκνοντα
556 1686 649 1733 τῶν
684 1682 957 1752 φαρμάκων,
997 1684 1159 1735 ἄκεσιν
1190 1686 1342 1738 αὐτοῖς
1368 1690 1451 1736 τοῦ
1487 1684 1665 1738 πάθους
1689 1683 1743 1736 τὸ
1771 1688 1864 1736 δεῖν

289 1764 503 1829 ἀλγῆσαι
536 1764 814 1829 ποιούμενοι.
880 1766 962 1817 θέα
984 1765 1076 1834 γὰρ
1110 1766 1235 1821 ὅπως
1263 1767 1603 1836 προυποδείξας
1629 1766 1712 1821 τάς
1737 1765 1864 1831 μάσ-

70 1865 229 1896 Ps.xxxi.
288 1868 422 1911 τιγας
466 1848 541 1898 καὶ
577 1846 913 1916 προαναφήνας
950 1847 1009 1899 τὰ
1048 1849 1104 1918 ἐξ
1139 1851 1294 1916 ὀργῆς,
1333 1851 1580 1918 μονονουχὶ
1616 1857 1642 1879 “
1665 1853 1864 1919 Χαλινῷ

70 1918 100 1950 9·
288 1934 316 1957 cc

71 858 154 898 Eph.
174 869 204 890 V.

74 911 121 941 14.

344 1930 418 1979 καὶ
462 1932 594 1998 κημῲ
631 1928 714 1983 τὰς
752 1929 978 1994 σιαγόνας
1017 1932 1168 1982 αὐτῶν
1206 1931 1371 1999 ἄγχει”
1400 1931 1519 1983 κατὰ
1556 1931 1610 1982 τὸ
1647 1954 1858 1998 γεγραμ-
1883 1949 1931 1974 20

285 2012 438 2077 μένον,
479 2015 554 2063 καὶ
598 2015 899 2080 ἀνθρωπίνως
940 2015 1147 2082 προϊέναι
1185 2016 1374 2080 κελεύει,
1413 2014 1738 2080 μετατιθέντας
1780 2014 1863 2067 τὸν

286 2100 394 2146 νοῦν
432 2097 505 2146 ἐπὶ
539 2094 593 2146 τὸ
631 2096 822 2148 ἑλέσθαι
861 2099 976 2163 δρᾶν
1014 2096 1131 2165 ἅπερ
1171 2096 1227 2163 ἧν
1263 2098 1448 2161 ἄμεινόν
1478 2122 1527 2149 τε
1561 2100 1636 2150 καὶ
1669 2120 1859 2165 πρεπω-

287 2176 527 2229 δέστατον.
594 2178 813 2247 ἐκνήψατε
848 2178 942 2246 γάρ
977 2183 1126 2249 φησιν
1167 2187 1200 2232 οἱ
1233 2180 1451 2250 μεθύοντες
1489 2181 1535 2251 ἐξ
1574 2182 1674 2232 οἴνου
1709 2179 1860 2233 αὑτοῖν.

285 2258 473 2323 ἀκούεις,
502 2259 626 2314 ὅπως
659 2262 722 2315 ὡς
755 2261 928 2315 τέκνοις
962 2261 1242 2331 ἐξεστηκόσι
1275 2265 1350 2314 καὶ
1382 2264 1470 2328 ἤδη
1496 2286 1596 2317 πως
1619 2266 1856 2327 μεμεθυσ-

282 2340 434 2404 μένοις
495 2342 765 2407 ἐπιπλήττει
827 2343 1011 2403 λοιπόν,
1064 2347 1126 2399 ὡς
1178 2345 1302 2413 εἴπερ
1358 2345 1540 2414 ε”νηψαν
1589 2346 1637 2396 ἐν
1684 2345 1859 2412 ἀρχαῖς,
1882 2364 1930 2403 25

284 2422 492 2490 ἤρκεσαν
530 2422 588 2475 ἄν
625 2429 688 2479 εἷς
725 2426 855 2491 δίκην
893 2427 1047 2481 αὐτοῖς
1078 2429 1154 2479 καὶ
1192 2427 1250 2479 τὰ
1289 2429 1338 2479 ἐκ
1374 2426 1518 2492 μόνης
1548 2431 1630 2492 τῆς
1654 2427 1856 2492 κάμπης·

332 2581 363 2605 2.
383 2570 517 2616 ἐξῆρται
532 2572 666 2608 B.D.F.
681 2573 800 2618 (Alex.
815 2573 922 2619 XII.)
934 2574 1055 2619 ἐξήρθη
1069 2575 1160 2610 Edd.
1304 2589 1337 2619 4.
1356 2575 1575 2621 καταθρὴσειε
1594 2576 1636 2612 Β.
1651 2577 1855 2622 καταθρὴσει
1991 2583 1993 2622 ]
2012 2460 2021 2597 1

286 2616 332 2650 D.
348 2617 406 2652 iid.
495 2628 529 2664 5.
555 2619 644 2655 θεῖος
662 2632 724 2665 pro
741 2621 925 2657 θεσπέσιος
940 2622 1001 2656 iid.
1083 2632 1114 2667 7.
1140 2623 1191 2657 ὅτι
1209 2629 1430 2668 assumptum
1447 2636 1488 2658 ex
1509 2624 1550 2658 B.
1627 2625 1660 2658 8.
1689 2624 1784 2659 Haec
1801 2626 1855 2659 καὶ

284 2663 608 2710 ἀνάστα-Χριστός
625 2673 806 2712 assumpta
821 2680 863 2702 ex
882 2668 929 2702 D.
1025 2680 1057 2714 9.
1084 2670 1251 2713 τληπαθὲς
1268 2669 1302 2704 ἐν
1317 2685 1354 2705 π.
1372 2670 1438 2705 hoc
1456 2670 1577 2705 ordine
1596 2670 1638 2705 B.
1749 2682 1801 2706 10.
1827 2672 1857 2706 εἷ

286 2708 391 2745 habet
410 2711 454 2745 D.
474 2713 520 2747 εἰς
537 2724 555 2747 e
572 2725 636 2747 suo
656 2714 789 2759 Migne.
920 2726 973 2750 11.
999 2715 1093 2750 ἐστιν
1109 2728 1178 2751 om.
1200 2717 1241 2750 B.
1399 2728 1451 2762 13.
1478 2718 1541 2762 οὐχ
1559 2719 1640 2751 ἑκὼν
1656 2723 1734 2752 ante
1751 2718 1858 2753 καίτοι

287 2756 328 2800 φ.
347 2762 389 2790 tr.
410 2757 500 2793 Edd.
611 2761 664 2795 18.
688 2762 746 2797 τὰς
761 2776 797 2805 μ.
814 2776 873 2807 πρ.
891 2762 1028 2797 inverso
1045 2762 1166 2797 ordine
1183 2763 1241 2798 iid.
1339 2775 1393 2798 20.
1419 2764 1517 2810 ἄγχει
1535 2771 1614 2809 post
1629 2764 1859 2811 γεγραμμένον

287 2807 418 2846 transp.
438 2804 496 2839 iid.
641 2818 695 2841 21.
721 2808 934 2852 ἀνθρωπίνως
950 2808 1116 2855 προϊέναι]
1136 2810 1253 2845 ἀνόπιν
1270 2811 1386 2855 ὥσπερ
1404 2810 1485 2845 ι’έναι
1502 2811 1563 2846 iid.
1721 2823 1775 2846 22.
1803 2812 1858 2846 ἐπὶ

288 2848 326 2881 τὸ
344 2849 482 2928 ἓέσθαι
500 2852 582 2895 δρᾶν
598 2851 701 2899 ἅπερ]
721 2855 776 2888 ἐπὶ
793 2856 868 2889 τόδε
885 2855 1066 2890 ἀνελέσθαι
1083 2857 1165 2902 ὅπερ
1184 2857 1243 2891 iid.
1434 2868 1487 2902 23.
1513 2859 1622 2903 φησιν
1637 2864 1859 2903 assumptum

289 2905 330 2927 ex
385 2921 392 2928 .

504 2909 558 2940 24.
584 2914 654 2935 πως
671 2908 892 2947 assumptum
910 2914 951 2936 ex
971 2903 1058 2937 B.b.
1108 2903 1343 2949 μεμεθυμένοις
1360 2904 1448 2949 (sic)
1468 2904 1559 2938 Edd.
1656 2914 1710 2950 25.
1728 2905 1858 2949 ἕνηψαν

291 2940 333 2975 Β.
347 2940 381 2975 b.
400 2941 578 2988 ἐκνὴψειαν
596 2946 687 2983 Edd.
830 2949 885 2984 26.
911 2951 1051 2994 ἤρκεσεν
1068 2950 1127 2985 iid.
1176 2951 1222 2987 εἷς
1239 2952 1332 2995 δίκην
1351 2951 1392 2986 Β.
1405 2951 1439 2986 b.
1456 2951 1527 2995 δίκη
1542 2950 1633 2986 Edd.
