2021 3434
46 1075 92 1098 10

51 1904 100 1927 20

58 2733 107 2769 30

104 195 274 246 ix.1-4.
562 194 634 234 IN
675 194 909 235 OSEAM.
970 193 1118 235 TOM.
1151 193 1204 232 V.
1595 188 1675 228 183

101 330 236 357 σεται
271 306 327 371 δὴ
359 308 439 359 οῦν
477 307 676 362 πολλάς·
716 313 798 359 τοῦ
835 306 899 371 μὴ
933 305 1118 369 εἰδότος,
1153 304 1250 357 εἶτα
1284 303 1348 368 μὴ
1388 298 1674 369 δεδρακότος,

103 390 268 455 ὀλίγας
294 391 628 456 δαρησομένου,
655 389 773 442 κατὰ
796 389 882 454 τὴν
905 395 988 440 τοῦ
1013 391 1232 454 Σωτῆρος
1259 387 1438 455 φωνήν.

176 474 251 536 Μῖ]
294 480 422 548 χαῖρε
458 476 514 540 δὴ
559 477 639 527 οῦν
679 475 823 531 καθεὶς
863 483 895 527 οἱ
933 478 1041 527 λαοί
1073 480 1240 545 φησιν.
1301 476 1341 524 οἱ
1380 471 1464 536 μὲν
1500 469 1593 536 γὰρ
1629 470 1678 519 ἐκ
1738 474 1862 558 fisi-112³·-

103 557 281 625 μήτρας
318 558 654 620 πεπλάνηνται·
695 559 758 610 σὺ
797 558 845 608 δὲ
885 557 1011 627 νόμῳ
1045 556 1431 622 παιδαγωγηθείς,
1467 550 1681 621 ἐκπεπορ-

107 665 259 696 νευκας
293 644 386 694 amb
412 644 536 693 Θεοῦ.
604 643 679 692 καὶ
716 642 784 695 τίς
818 641 942 710 αὐτῷ
976 640 1139 705 γέγονε
1172 642 1254 703 τῆς
1284 637 1498 704 πορνείας
1524 637 1548 686 ὁ
1575 634 1681 700 τρό-

106 747 222 784 πος;
264 723 474 790 ἧγοίπησε
510 721 689 791 δόματα
722 729 884 791 φησιν,
916 723 969 772 οὐ
1006 720 1135 787 παρὰ
1166 724 1290 771 Θεοῦ
1327 723 1527 782 μᾶλλον,
1553 715 1683 768 ἀλλὰ

108 805 168 857 τὰ
194 808 243 857 ἐκ
268 811 361 857 τῶν
387 806 633 869 δαμάλεων
661 807 734 855 καὶ
756 803 907 855 Βάαλ·
947 804 1094 854 καίτοι
1120 800 1341 853 διδόντων
1360 805 1454 854 τοῖς
1474 804 1683 850 αἰτοῦσιν
1703 805 1730 845 d

110 889 253 940 οὐδέν.
318 890 391 939 ἐπὶ
417 891 514 939 τίσι
540 887 587 939 δὲ
613 887 670 938 τὰ
695 888 803 953 παρ’
832 887 986 936 αὐτῶν
1013 884 1155 952 ἐζήτει
1182 882 1391 951 δόματα,
1433 884 1504 934 ἐπὶ
1532 881 1687 933 πάντα

111 970 265 1022 σ’ίλωνα
297 973 432 1022 σίτου.
499 969 641 1020 ἐδόκει
677 967 769 1035 γὰρ
805 969 1006 1021 ἀνοσίως
1045 969 1199 1021 αὐτοῖς
1234 968 1308 1017 καὶ
1351 965 1568 1025 ἀβούλως
1606 961 1689 1017 τὰς

111 1054 167 1122 ἐξ
201 1056 359 1119 ἀγρῶν
394 1056 534 1103 αἰτεῖν
572 1052 833 1118 εὐκαρπίας,
873 1053 935 1105 ὡς
973 1050 1104 1118 ἔφην,
1132 1052 1181 1100 ἐκ
1218 1053 1312 1100 τῶν
1350 1046 1569 1098 διακένων
1602 1069 1686 1096 σε-

110 1135 391 1199 βασμάτων.
451 1135 521 1200 ἄρ’
550 1134 630 1184 οὖν
657 1134 797 1200 ἐζήτει
825 1133 908 1196 μὲν
933 1134 957 1183 ό
983 1130 1185 1198 Ἰσραὴλ
1211 1130 1339 1198 παρὰ
1365 1135 1459 1181 τῶν
1485 1129 1690 1180 εἰδώλων

112 1218 172 1268 τὰ
213 1215 410 1286 δόματα·
470 1217 693 1281 ἐκβέβηκε
739 1215 785 1266 δὲ
829 1217 953 1285 αὐτῷ
998 1216 1095 1265 κατ’
1141 1214 1279 1282 εὐχὴν
1322 1213 1382 1264 τὰ
1422 1212 1685 1278 αἰτήματα;

115 1302 350 1364 οὐμενοῦν·
392 1297 511 1350 α’λων
543 1297 636 1365 γὰρ
674 1304 751 1350 καὶ
791 1299 914 1358 ληνὸς
954 1301 1029 1349 οὐκ
1069 1297 1176 1363 ἔγνω
1211 1295 1381 1354 αὐτους,
1421 1301 1498 1347 καὶ
1536 1301 1554 1347 ὁ
1589 1293 1692 1349 οἶνος

115 1380 344 1453 ἐψεύσατο
373 1380 540 1436 αὐτούς.
599 1380 702 1431 ε”στι
729 1380 775 1431 δὲ
803 1382 949 1431 οὐδενὶ
974 1384 1066 1431 τῶν
1093 1378 1512 1449 φιλομαθεστέρων
1537 1378 1687 1445 ἀμφί-

115 1473 276 1531 λογον,
303 1464 372 1515 ὅτι
406 1465 535 1526 λιμοὶ
573 1463 829 1529 γεγόνασιν
864 1464 912 1513 ἐν
946 1466 1002 1530 τῇ
1031 1463 1281 1530 Σαμαρείᾳ,
1314 1462 1504 1530 ἀφορίαι
1534 1482 1584 1510 τε
1616 1461 1689 1510 καί
1709 1482 1730 1508 e

115 1548 332 1615 ἀβροχίαι
358 1547 546 1613 μακραί.
613 1545 849 1611 ἡμάρτηκε
883 1543 939 1609 δὴ
976 1546 1056 1596 οῦν
1091 1547 1172 1608 τῆς
1207 1544 1407 1605 ἐλπίδος,
1434 1544 1488 1594 οὐ
1526 1542 1692 1603 λαβὼν

114 1629 174 1681 τὰ
208 1630 452 1694 αἰτήματα·
494 1631 568 1680 καὶ
605 1629 802 1695 προσέτι
839 1627 1001 1697 τούτω,
1034 1629 1109 1678 καὶ
1147 1627 1288 1690 αὐτῆς
1325 1624 1573 1695 ἀπῴχοντο
1611 1628 1693 1688 τῆς

117 1713 250 1779 ἁγίας
284 1715 385 1778 γῆς,
418 1714 491 1763 καί
527 1715 748 1775 εἰσηλθον
788 1716 846 1766 εἷς
882 1713 1122 1777 Αιγυπτον,
1155 1711 1216 1763 ὡς
1255 1712 1316 1762 εἰς
1353 1709 1512 1776 χώραν
1546 1731 1689 1758 τετει-

118 1795 346 1862 χισμένην
365 1817 439 1845 και
466 1798 560 1848 τοῖς
586 1794 650 1845 ε’τι
675 1794 866 1845 πλειοσι
894 1797 1025 1846 θεοῖς
1053 1793 1193 1858 μυρία
1213 1814 1305 1857 γαρ
1325 1788 1381 1854 ἧν
1402 1792 1448 1841 ἐν
1467 1791 1693 1859 Αἰγύπτω

119 1879 177 1931 τὰ
213 1879 513 1942 σεβάσματα,
548 1903 622 1930 και
663 1884 756 1931 τῶν
796 1879 1144 1946 θεραπευόντων
1184 1876 1301 1927 αὐτα
1339 1876 1588 1941 θαυμαστή
1626 1899 1694 1930 τις

120 1961 360 2030 ὑπόληψις
387 1964 458 2014 ἐπὶ
485 1963 787 2025 δυναστείαις,
813 1964 874 2014 ὡς
901 1965 998 2014 ταῖς
1022 1964 1239 2026 μαγικαῖς
1266 1960 1515 2026 ἐμπειρίαις
1540 1959 1695 2010 πάντα
1713 1979 1735 2003 a
1760 1970 1840 2004 128
1862 1969 1912 2003 Α.

119 2049 376 2112 κατορθοῦν
409 2045 610 2099 εὐκόλως
649 2045 977 2109 δεδυνημένων.
1044 2043 1321 2109 ἀπειρήκασι
1346 2041 1402 2106 δὴ
1435 2042 1514 2093 οῦν
1541 2040 1695 2092 καὶτὸ

121 2132 337 2182 κατοικεῖν
377 2129 413 2180 ἐν
451 2134 500 2200 τῇ
539 2128 784 2197 ἀπολέκτῳ
820 2126 950 2193 παρὰ
976 2129 1084 2195 Θεῷ
1117 2131 1191 2199 «γῇ,
1218 2127 1293 2175 καί
1330 2123 1414 2189 τὴν
1444 2129 1537 2175 τῶν
1568 2124 1697 2174 εἰδώ-

120 2219 219 2262 λων
266 2210 542 2279 ἠλλάξαντο
591 2210 764 2278 χώραν.
845 2208 953 2260 ἀλλ’
1005 2212 1043 2259 εἰ
1106 2210 1182 2259 καὶ
1243 2212 1380 2258 τοῦτο
1431 2206 1696 2273 δεδράκασι,

121 2297 389 2356 βαδιοῦνται
426 2293 542 2359 πρὸς
580 2295 843 2362 Ἀσσυρίους.

197 2379 298 2428 Οὐκ
326 2373 523 2427 ἔσπενδον
550 2381 609 2426 τῶ
637 2378 773 2446 Κυρίῳ
801 2373 910 2425 οἶνον.
977 2371 1329 2439 συνενεγκόντες
1355 2371 1448 2437 γὰρ
1483 2373 1532 2422 ἐν
1563 2374 1699 2431 ληνοῖς

123 2457 205 2510 τὸν
230 2459 285 2528 ἐξ
306 2458 518 2522 ἀμπέλου
549 2456 743 2524 καρπὸν,
772 2453 967 2508 ἔσπενδον
1001 2461 1096 2509 τοῖς
1131 2457 1319 2518 δαίμοσι
1353 2453 1436 2508 τὰς
1471 2453 1699 2522 ἀπαρχὰς,

125 2543 200 2592 καὶ
238 2542 338 2608 οὐχὶ
379 2543 445 2609 τῷ
489 2541 615 2591 δόντι
659 2543 784 2608 Θεῷ.
846 2539 1070 2607 ἀνέφερον
1114 2537 1161 2588 δὲ
1206 2539 1280 2587 καὶ
1326 2536 1507 2602 ἄρτους,
1549 2539 1610 2590 ὡς
1651 2538 1700 2587 ἐν

125 2624 316 2690 ἀπαρχῇ
355 2627 595 2689 θερισμοῦ.
661 2620 789 2684 πλὴν
830 2623 892 2673 εἰς
929 2618 1180 2681 μολυσμὸν
1220 2621 1293 2669 καὶ
1331 2617 1608 2682 βεβήλωσιν
1644 2618 1744 2669 τὸὶ)

126 2708 284 2773 χρῆμα
322 2706 476 2758 αὐτοῖς
514 2703 765 2769 γενήσεταί
799 2707 935 2771 φησι,
963 2704 1037 2753 καὶ
1073 2704 1128 2756 ὡς
1167 2705 1318 2769 αρτους
1350 2700 1520 2756 πένθους
1551 2724 1696 2752 κατα-

178 2887 211 2922 5.
238 2877 325 2922 αὐτῷ
344 2877 390 2909 D.
409 2876 516 2909 αὐτῶν
534 2874 626 2909 Edd.
784 2873 816 2907 6.
842 2871 1018 2918 ἠγάπησας
1037 2872 1082 2906 D.
1240 2872 1272 2905 8.
1298 2871 1339 2905 τὰ
1356 2874 1577 2917 assumptum
1595 2883 1636 2905 ex
1655 2871 1702 2906 D.

136 2935 188 2965 14.
208 2912 334 2967 οὐδενί]
355 2923 451 2956 οὐδέν
467 2921 558 2956 Edd.
762 2931 815 2963 15.
841 2921 934 2963 λιμοὶ
954 2920 999 2953 D.
1018 2919 1131 2962 λοιμοὶ
1151 2917 1241 2952 Edd.
1445 2929 1498 2964 19.
1524 2918 1704 2963 ελάτρευον

134 2978 214 3015 post
231 2970 318 3004 θεοῖς
334 2968 414 3002 add.
432 2968 492 3002 iid.
510 2969 626 3002 invitis
645 2967 686 3001 B.
692 2967 737 3001 D.
862 2966 916 3000 26.
947 2966 1023 3000 Hoc
1041 2968 1130 2999 οἰνον
1146 2965 1288 2999 accessit
1305 2977 1346 2998 ex
1365 2965 1407 2999 B.
1412 2965 1458 3000 D.
1576 2968 1630 3000 28.
1656 2979 1702 3010 τῳ

137 3018 226 3051 δόντι
245 3015 334 3061 Θεῷ]
355 3018 401 3061 τῷ
420 3017 493 3060 Θεῷ
511 3017 556 3062 τῷ
575 3015 664 3049 δόντι
682 3014 716 3048 b.
736 3014 824 3048 δόντι
843 3025 911 3048 om.
933 3013 977 3046 D.
1027 3030 1045 3046 (ι
1032 3011 1163 3057 ἰ’ρτους]
1184 3017 1219 3052 -ὶ-
1237 3015 1302 3046 τῶν
1320 3013 1354 3046 b.
