2021 3434
101 352 113 374 1
132 343 205 375 Cor.

95 397 137 417 μ’.
160 396 209 418 20.

96 438 255 488 SlMatth.

95 492 150 513 vu.
172 492 186 512 2
196 491 221 512 1.

101 2463 174 2498 411
189 2463 238 2498 A.

313 226 397 266 634
715 223 763 264 B.
807 220 1080 263 CYRILLI
1122 216 1498 260 ALEXANDR.
1782 212 1823 252 ii.
1848 210 1886 250 8.

316 344 343 368 ‘⁶
369 338 472 389 Οὐκ
513 338 561 387 ἐν
598 334 731 406 λόγω
774 336 802 400 ἠ
845 333 1069 397 ,Βασιλεία
1111 338 1193 384 τοῦ
1238 334 1378 393 Θεου,
1426 329 1534 380 ἀλλ’
1574 329 1622 378 ἐν
1659 322 1886 387 δυνάμει,”

316 421 390 471 καὶ
434 417 572 472 αὐτὸς
616 419 671 469 δε
707 442 800 470 που
842 415 1056 484 Χριστὸς
1105 411 1376 482 ἀναφανδὸν
1424 411 1515 480 ἔφη
1566 410 1685 459 “Oh
1734 410 1826 458 πᾶς
1866 405 1892 454 ὁ

317 509 343 531 “
369 500 523 565 λεγων
557 523 635 564 μοι
676 499 818 567 Κύριε
862 500 1019 564 Κύριε,
1064 496 1381 548 εἰσελεύσεται
1418 496 1481 546 εἶς
1519 489 1604 555 τὴν
1642 487 1892 549 βασιλείαν

315 590 343 613 “
367 587 461 634 τῶν
502 584 723 649 οὐρανῶν,
766 583 875 633 ἀλλ’
910 583 935 632 ὁ
966 584 1114 632 ποιῶν
1147 577 1202 629 τὸ
1233 578 1416 642 θέλημα
1449 580 1533 625 τοῦ
1577 570 1765 637 Πατρός
1803 591 1892 632 μου

315 672 342 694 “
369 670 452 716 τοῦ
498 666 546 715 ἐν
589 669 684 718 τοῖς
728 663 980 730 οὐρανοῖς.”
1046 665 1213 712 εἰκαῖον
1257 659 1336 709 οὖν
1379 657 1483 723 ἄρα,
1525 653 1735 719 καθάπερ
1773 650 1892 718 ε”φην
1912 666 1933 705 5

273 757 298 797 d
316 748 494 813 ἀρτίως,
537 745 591 797 τὸ
642 744 832 814 χρηστὰ
875 745 1029 810 λέγειν
1080 745 1184 808 περὶ
1235 745 1373 802 Θεοῦ,
1423 739 1499 790 ὅτε
1548 737 1602 789 τὸ
1646 737 1694 786 ἐν
1741 733 1894 800 ἔργοις

315 830 555 893 εὐδόκιμον
593 830 645 880 οὐ
682 832 983 895 παρομαρτεῖ.

317 1076 405 1117 Τέιν
449 1075 580 1132 δορὰν
617 1075 746 1116 αὐτοῦ
785 1072 1019 1129 ἐξέὃειραν,
1057 1075 1130 1112 τοῦ
1175 1070 1410 1125 ἀφελέσθαι
1448 1064 1601 1107 ἐλπίδα
1639 1061 1894 1119 συντριμμὸν

385 1160 586 1208 Πολέμου.

408 1295 651 1365 Ἐπιφέρει
701 1293 848 1346 πάλιν
901 1297 996 1347 τοῖς
1052 1295 1359 1358 καθηγεῖσθαι
1410 1293 1616 1356 λαχοῦσι
1667 1287 1750 1349 τῆς
1802 1287 1896 1333 τῶν
1917 1299 1964 1325 10
2015 1304 2019 1307 ’

318 1380 553 1444 ἀγελαιων
603 1378 838 1430 ἀπωλείας
888 1400 947 1427 τα
997 1373 1427 1440 ἐγκλήματα.οὐ
1477 1393 1570 1436 γαρ
1621 1367 1680 1419 ἂν
1732 1369 1896 1419 ικανῶς

318 1464 501 1532 ἔχοντες
537 1462 599 1516 εἵς
643 1486 696 1528 γε
734 1461 788 1513 τὸ
830 1461 1061 1512 δύνασθαι
1101 1458 1330 1511 παιδεύειν
1374 1454 1553 1517 αὐτοὺς,
1598 1477 1672 1504 και
1712 1455 1775 1506 εἰς
1811 1473 1898 1514 την

318 1546 463 1612 ὀρθήν
502 1569 551 1596 τε
597 1568 672 1595 και
722 1542 1045 1611 ἀδιάστροφον
1090 1539 1382 1605 ἀποκομίζειν
1422 1538 1597 1604 τριβον,
1643 1537 1718 1586 καὶ
1767 1531 1898 1584 ἀντε-

317 1633 489 1696 χεσθαι
528 1627 612 1691 μὲν
651 1627 721 1677 ὅτι
759 1625 971 1689 μάλιστα
1003 1628 1160 1692 φιλεῖν
1190 1625 1272 1686 τῆς
1305 1626 1366 1675 εἷς
1398 1619 1520 1671 Θεὸν
1554 1618 1804 1679 εὐσεβείας,
1837 1618 1899 1670 ὡς

319 1713 506 1778 ἀχρεῖον
541 1709 588 1760 δὲ
627 1710 701 1760 καὶ
734 1706 932 1774 ὀλέθρου
966 1705 1196 1774 πρόξενον
1230 1705 1529 1771 ἀπορῥῖπτειν
1560 1702 1635 1751 καὶ
1668 1698 1898 1750 ἀπωτάτω
1920 1706 1966 1745 15

281 1797 567 1854 θποιεῖσθαι,
604 1790 658 1842 τὸ
689 1793 1005 1858 προσκεῖσθαι
1049 1791 1289 1853 γλυπτοῖς,
1329 1787 1459 1836 αὐτοὶ
1501 1782 1756 1850 γεγόνασιν
1793 1782 1899 1832 ὀλε-

321 1879 454 1942 τῆρες
489 1877 564 1926 καὶ
603 1878 805 1943 φθορεῖς,
829 1871 947 1937 πρὸς
985 1875 1080 1921 πᾶν
1114 1869 1380 1920 τούναντίον
1412 1866 1496 1920 τὰς
1530 1870 1624 1916 τῶν
1648 1863 1737 1916 ὑπὸ
1768 1868 1900 1931 χεῖρα
1956 1912 1961 1916 .
1994 1923 1998 1937 ⁴

318 1957 682 2024 μετατρέποντες
729 1955 934 2021 γνώμας,
978 1956 1051 2004 καὶ
1104 1956 1228 2003 Θεοῦ
1277 1949 1361 2015 μὲν
1406 1951 1670 2017 ἀποφοιτᾶν
1712 1947 1901 1998 ἀναπεί-

320 2046 493 2103 θοντες,
519 2037 880 2105 ἐπαγάλλεσθαι
918 2035 966 2087 δὲ
1003 2040 1194 2100 μᾶλλον
1225 2038 1320 2087 τοῖς
1359 2035 1440 2096 τῆς
1478 2029 1760 2094 πλανήσεως
1794 2029 1900 2095 τρὸ-
1996 2096 1997 2102 1

319 2147 438 2177 ποις.
516 2121 733 2189 ταύτῃτοι
784 2124 893 2189 Θεῷ
949 2116 1335 2184 προσκρούοντες,
1386 2116 1462 2165 καὶ
1514 2116 1595 2178 τῆς
1649 2115 1711 2166 εἰς
1761 2109 1901 2162 αὐτὸν
1920 2124 1996 2154 20

321 2202 506 2258 ἐλπίδος
551 2204 845 2260 ἀπώλισθον,
891 2200 949 2265 ἣν
993 2200 1120 2266 ε’ίπερ
1163 2198 1346 2266 ἔχοντες
1390 2195 1635 2258 διετέλουν,
1680 2193 1810 2244 οὐδὲν
1847 2191 1901 2244 τὸ
1996 2180 1999 2190 ¹

320 2289 543 2354 ἀπεῖργον
586 2285 644 2349 ἧν
682 2288 933 2336 καταθλεῖν
978 2282 1207 2333 δύνασθαι
1245 2284 1338 2331 τῶν
1375 2281 1571 2347 ἐχθρῶν.
1638 2278 1804 2328 οὐκοῦν
1840 2278 1902 2329 ὡς
1955 2311 1959 2316 «

320 2370 393 2421 ἐπὶ
443 2367 687 2435 προβάτου
738 2367 903 2435 φησὶν,
958 2364 1026 2415 ὅτι
1090 2362 1157 2423 τῆν
1209 2359 1330 2433 δορὰν
1383 2362 1509 2412 αὐτοῦ
1560 2357 1781 2431 ἑξέὸειραν,
1832 2360 1903 2410 τοῧ

284 2451 574 2521 ἃσὶφελέσθοιι
617 2446 788 2502 ἐλπίδα
825 2446 1080 2517 συντριμμὶν
1120 2444 1334 2512 πολέμου.
1399 2443 1559 2505 ὅμοιον
1597 2444 1658 2495 ὡς
1696 2445 1734 2492 εἰ
1771 2441 1903 2507 λε’γοι

323 2534 509 2596 Γυμνὸν
541 2532 867 2601 ἀποφήναντες
902 2534 995 2581 τῶν
1030 2529 1086 2597 ἐξ
1116 2529 1304 2580 ἐλπίδος
1337 2524 1717 2593 περιβλημάτων,
1741 2522 1897 2587 οἰπαμ-Υ
1921 2532 1965 2572 25

369 2724 401 2753 4.
369 2709 524 2756 4ἀλλἼ
544 2710 635 2744 ἀλλὰ
651 2711 715 2744 πᾶς
734 2707 825 2766 Edfi.
843 2705 1123 2752 repugnantibus
1142 2704 1185 2738 A.
1191 2704 1233 2738 B.
1520 2712 1573 2736 11.
1593 2700 1632 2735 οὗ
1649 2699 1714 2744 γὰρ
1730 2698 1771 2734 ἂν
1788 2701 1905 2737 ἱκανῶς

322 2758 458 2802 ἔχοντες
477 2757 616 2803 [ἔχοντα
635 2754 744 2801 Edd.]
773 2754 820 2790 εἵς
843 2769 882 2800 γε
910 2753 962 2799 [τε
980 2751 1042 2797 Α.]
1070 2753 1108 2786 τὸ
1134 2750 1297 2786 δυνασθαι
1316 2749 1360 2784 A.
1379 2748 1471 2783 Edd.
1496 2749 1527 2782 οἱ
1551 2748 1617 2793 γὰρ
1643 2747 1842 2792 ὀφείλοντες
1859 2746 1902 2781 Β.

328 2815 381 2838 12.
408 2805 454 2839 εἷς
472 2805 530 2838 alt.
550 2816 619 2838 om.
639 2804 682 2836 A.
957 2811 1009 2842 14.
1035 2800 1133 2845 φιλεῖ
1151 2798 1243 2833 Edd.
1503 2794 1556 2829 16.
1581 2793 1693 2840 αὐτοὶ]
1713 2795 1842 2829 ἑαυτοῖς
1857 2794 1902 2828 A.

327 2860 379 2895 17.
405 2851 546 2896 φθοραι,
566 2851 612 2885 εἷς
629 2862 691 2894 pro
709 2849 861 2894 φθορεῖς,
879 2848 964 2891 πρὸς
982 2848 1024 2880 A.
1388 2854 1440 2886 19.
1467 2840 1742 2886 επαγγέλλεσθαι
1760 2841 1840 2884 (sic)
1857 2839 1900 2874 A.

324 2908 379 2931 20.
407 2899 493 2931 Θεὸν
510 2898 641 2943 ἀγάπης
658 2909 720 2941 pro
738 2896 778 2929 αι’
781 2897 838 2929 τὸν
851 2894 989 2929 ἐλπιδος
1007 2894 1050 2927 A
1194 2903 1249 2925 22.
1274 2891 1332 2925 τὸν
1349 2889 1473 2934 ἐχθρόν
1491 2888 1582 2922 Edd.
1738 2898 1793 2932 23.
1818 2901 1901 2932 προ-

320 2944 427 2983 βάτου
445 2943 488 2978 A.
507 2945 688 2996 προβάτων
707 2942 797 2977 Edd.
847 2941 955 2976 auram
972 2940 1032 2974 iid.
1051 2939 1167 2974 invitis
1186 2939 1228 2972 A.
1235 2938 1276 2972 B.
1529 2946 1583 2977 24.
1612 2933 1837 2978 συντριμμὸν]
1860 2937 1898 3014 -ἆ-

321 2992 380 3022 τοῦ
400 2990 489 3023 Edd.
509 2991 617 3026 invito
635 2991 677 3023 A.
1067 2996 1120 3031 25.
1146 2986 1270 3031 γυμνὸς
1288 2984 1381 3019 Aub.
1433 2982 1557 3017 Statim
1575 2980 1790 3027 ἀπεφήναντο
1811 2979 1886 3015 Edd

324 3034 558 3081 [ἀποφῆναντο
578 3034 697 3081 Pont.]

1982 2865 2009 3234 Ξ

1982 3247 2021 3434 Ξ
