<?xml version="1.0" encoding="UTF-8"?>
<!DOCTYPE html PUBLIC "-//W3C//DTD XHTML 1.0 Transitional//EN"
    "http://www.w3.org/TR/xhtml1/DTD/xhtml1-transitional.dtd">
<html xmlns="http://www.w3.org/1999/xhtml" xml:lang="en" lang="en">
 <head>
  <title>
</title>
<meta http-equiv="Content-Type" content="text/html;charset=utf-8" />
  <meta name='ocr-system' content='tesseract 3.04.00' />
  <meta name='ocr-capabilities' content='ocr_page ocr_carea ocr_par ocr_line ocrx_word'/>
</head>
<body>
  <div class='ocr_page' id='page_1' title='image "./operacyrilli01cyriuoft/operacyrilli01cyriuoft_0495.png"; bbox 0 0 2021 3434; ppageno 0'>
   <div class='ocr_carea' id='block_1_1' title="bbox 137 213 1715 256">
    <p class='ocr_par' dir='ltr' id='par_1_1' title="bbox 137 213 1715 256">
     <span class='ocr_line' id='line_1_1' title="bbox 137 213 1715 256; baseline -0.001 -3"><span class='ocrx_word' id='word_1_1' title='bbox 137 214 189 254; x_wconf 87' lang='lat' dir='ltr'>iv.</span> <span class='ocrx_word' id='word_1_2' title='bbox 220 228 281 254; x_wconf 89' lang='lat'>11.</span> <span class='ocrx_word' id='word_1_3' title='bbox 603 215 680 256; x_wconf 94' lang='lat' dir='ltr'>IN</span> <span class='ocrx_word' id='word_1_4' title='bbox 720 215 918 256; x_wconf 81' lang='lat' dir='ltr'>AMOS.</span> <span class='ocrx_word' id='word_1_5' title='bbox 978 215 1131 255; x_wconf 83' lang='lat' dir='ltr'>TOM.</span> <span class='ocrx_word' id='word_1_6' title='bbox 1176 214 1238 254; x_wconf 90' lang='grc' dir='ltr'>ΙΙ.</span> <span class='ocrx_word' id='word_1_7' title='bbox 1631 213 1715 251; x_wconf 76' lang='lat'>449</span> 
     </span>
    </p>
   </div>
   <div class='ocr_carea' id='block_1_2' title="bbox 137 396 1781 541">
    <p class='ocr_par' dir='ltr' id='par_1_2' title="bbox 137 396 1781 541">
     <span class='ocr_line' id='line_1_2' title="bbox 137 396 1781 459; baseline -0.003 -17"><span class='ocrx_word' id='word_1_8' title='bbox 137 400 408 458; x_wconf 75' lang='grc' dir='ltr'>Κατεστρεψα</span> <span class='ocrx_word' id='word_1_9' title='bbox 457 404 563 451; x_wconf 72' lang='grc' dir='ltr'>ὑμᾶς</span> <span class='ocrx_word' id='word_1_10' title='bbox 625 403 767 444; x_wconf 74' lang='grc' dir='ltr'>καθὼς</span> <span class='ocrx_word' id='word_1_11' title='bbox 828 404 1111 459; x_wconf 76' lang='grc' dir='ltr'>κατέστρεψεν</span> <span class='ocrx_word' id='word_1_12' title='bbox 1171 401 1194 442; x_wconf 78' lang='grc' dir='ltr'>ὁ</span> <span class='ocrx_word' id='word_1_13' title='bbox 1255 401 1363 442; x_wconf 70' lang='grc' dir='ltr'>Θεὸς</span> <span class='ocrx_word' id='word_1_14' title='bbox 1412 398 1584 446; x_wconf 71' lang='grc' dir='ltr'>Σόδομα</span> <span class='ocrx_word' id='word_1_15' title='bbox 1646 396 1714 437; x_wconf 77' lang='grc' dir='ltr'>καὶ</span> <span class='ocrx_word' id='word_1_16' title='bbox 1739 408 1781 432; x_wconf 90' lang='lat'>11</span> 
     </span>
     <span class='ocr_line' id='line_1_3' title="bbox 204 480 1715 541; baseline -0.002 -18"><span class='ocrx_word' id='word_1_17' title='bbox 204 482 407 541; x_wconf 71' lang='grc' dir='ltr'>Γόμορῥα,</span> <span class='ocrx_word' id='word_1_18' title='bbox 434 485 502 526; x_wconf 80' lang='grc' dir='ltr'>καὶ</span> <span class='ocrx_word' id='word_1_19' title='bbox 539 486 732 533; x_wconf 73' lang='grc' dir='ltr'>ὲι-ἐνεσθε</span> <span class='ocrx_word' id='word_1_20' title='bbox 770 486 830 527; x_wconf 71' lang='grc' dir='ltr'>ὡς</span> <span class='ocrx_word' id='word_1_21' title='bbox 868 486 999 527; x_wconf 66' lang='grc' dir='ltr'>δαλὸς</span> <span class='ocrx_word' id='word_1_22' title='bbox 1036 486 1350 532; x_wconf 74' lang='grc' dir='ltr'>ὲΞεσΠασμὲνοε</span> <span class='ocrx_word' id='word_1_23' title='bbox 1389 484 1434 524; x_wconf 78' lang='grc' dir='ltr'>ἐκ</span> <span class='ocrx_word' id='word_1_24' title='bbox 1472 480 1618 538; x_wconf 74' lang='grc' dir='ltr'>Πυρὸε,</span> <span class='ocrx_word' id='word_1_25' title='bbox 1647 480 1715 521; x_wconf 78' lang='grc' dir='ltr'>καὶ</span> 
     </span>
    </p>
   </div>
   <div class='ocr_carea' id='block_1_3' title="bbox 201 567 1300 625">
    <p class='ocr_par' dir='ltr' id='par_1_3' title="bbox 201 567 1300 625">
     <span class='ocr_line' id='line_1_4' title="bbox 201 567 1300 625; baseline 0.001 -19"><span class='ocrx_word' id='word_1_26' title='bbox 201 567 288 607; x_wconf 70' lang='grc' dir='ltr'>οὐδ’</span> <span class='ocrx_word' id='word_1_27' title='bbox 329 568 388 608; x_wconf 71' lang='grc' dir='ltr'>ὣς</span> <span class='ocrx_word' id='word_1_28' title='bbox 426 569 716 625; x_wconf 70' lang='grc' dir='ltr'>ἐπεστρέψατε</span> <span class='ocrx_word' id='word_1_29' title='bbox 755 568 861 625; x_wconf 71' lang='grc' dir='ltr'>Πρὸς</span> <span class='ocrx_word' id='word_1_30' title='bbox 898 570 962 620; x_wconf 77' lang='grc' dir='ltr'>μὲ,</span> <span class='ocrx_word' id='word_1_31' title='bbox 999 570 1111 615; x_wconf 77' lang='grc' dir='ltr'>λέΓει</span> <span class='ocrx_word' id='word_1_32' title='bbox 1141 568 1300 624; x_wconf 71' lang='grc' dir='ltr'>Κύριος.</span> 
     </span>
    </p>
   </div>
   <div class='ocr_carea' id='block_1_4' title="bbox 73 689 1769 2486">
    <p class='ocr_par' dir='ltr' id='par_1_4' title="bbox 73 689 1769 2486">
     <span class='ocr_line' id='line_1_5' title="bbox 188 689 1718 761; baseline -0.001 -21"><span class='ocrx_word' id='word_1_33' title='bbox 188 691 440 754; x_wconf 77' lang='grc' dir='ltr'>Οὐδεμίαν,</span> <span class='ocrx_word' id='word_1_34' title='bbox 467 693 631 761; x_wconf 75' lang='grc' dir='ltr'>φησὶν,</span> <span class='ocrx_word' id='word_1_35' title='bbox 659 694 707 742; x_wconf 83' lang='grc' dir='ltr'>ἐν</span> <span class='ocrx_word' id='word_1_36' title='bbox 731 693 837 755; x_wconf 79' lang='grc' dir='ltr'>ὑμῖν</span> <span class='ocrx_word' id='word_1_37' title='bbox 861 691 947 755; x_wconf 84' lang='grc' dir='ltr'>τὴν</span> <span class='ocrx_word' id='word_1_38' title='bbox 973 690 1298 758; x_wconf 80' lang='grc' dir='ltr'>ἐπανόρθωσιν</span> <span class='ocrx_word' id='word_1_39' title='bbox 1328 689 1538 751; x_wconf 76' lang='grc' dir='ltr'>βλέπων,</span> <span class='ocrx_word' id='word_1_40' title='bbox 1562 710 1718 753; x_wconf 91' lang='grc' dir='ltr'>προσ-</span> 
     </span>
     <span class='ocr_line' id='line_1_6' title="bbox 92 771 1718 836; baseline -0.001 -16"><span class='ocrx_word' id='word_1_41' title='bbox 92 782 114 819; x_wconf 94' lang='grc'>5</span> <span class='ocrx_word' id='word_1_42' title='bbox 135 771 314 823; x_wconf 77' lang='grc' dir='ltr'>τέθεικα</span> <span class='ocrx_word' id='word_1_43' title='bbox 364 778 464 827; x_wconf 79' lang='grc' dir='ltr'>ταῖς</span> <span class='ocrx_word' id='word_1_44' title='bbox 508 775 674 827; x_wconf 80' lang='grc' dir='ltr'><em>αἰκίαις</em></span> <span class='ocrx_word' id='word_1_45' title='bbox 724 775 798 824; x_wconf 79' lang='grc' dir='ltr'>καὶ</span> <span class='ocrx_word' id='word_1_46' title='bbox 843 772 902 823; x_wconf 79' lang='grc' dir='ltr'>τὰ</span> <span class='ocrx_word' id='word_1_47' title='bbox 946 773 1011 824; x_wconf 76' lang='grc' dir='ltr'>ε”τι</span> <span class='ocrx_word' id='word_1_48' title='bbox 1062 772 1240 823; x_wconf 81' lang='grc' dir='ltr'>τούτων</span> <span class='ocrx_word' id='word_1_49' title='bbox 1291 771 1601 836; x_wconf 77' lang='grc' dir='ltr'>ἀπηνέστερα,</span> <span class='ocrx_word' id='word_1_50' title='bbox 1643 771 1718 819; x_wconf 82' lang='grc' dir='ltr'>καὶ</span> 
     </span>
     <span class='ocr_line' id='line_1_7' title="bbox 135 852 1757 920; baseline -0.002 -15"><span class='ocrx_word' id='word_1_51' title='bbox 135 855 418 920; x_wconf 73' lang='grc' dir='ltr'>θερμοτέραν</span> <span class='ocrx_word' id='word_1_52' title='bbox 457 856 711 919; x_wconf 81' lang='grc' dir='ltr'>πεποίημαι</span> <span class='ocrx_word' id='word_1_53' title='bbox 751 854 836 919; x_wconf 88' lang='grc' dir='ltr'>τὴν</span> <span class='ocrx_word' id='word_1_54' title='bbox 878 854 984 905; x_wconf 89' lang='grc' dir='ltr'>καθ’</span> <span class='ocrx_word' id='word_1_55' title='bbox 1030 856 1158 917; x_wconf 84' lang='grc' dir='ltr'>ὑμῶν</span> <span class='ocrx_word' id='word_1_56' title='bbox 1201 852 1539 919; x_wconf 80' lang='grc' dir='ltr'>ἀγανάκτησιν.</span> <span class='ocrx_word' id='word_1_57' title='bbox 1608 875 1757 902; x_wconf 65' lang='grc' dir='ltr'>κατ-ο</span> 
     </span>
     <span class='ocr_line' id='line_1_8' title="bbox 136 928 1718 1005; baseline -0.001 -19"><span class='ocrx_word' id='word_1_58' title='bbox 136 934 343 1004; x_wconf 62' lang='grc' dir='ltr'>έστρεψει</span> <span class='ocrx_word' id='word_1_59' title='bbox 377 935 470 1003; x_wconf 77' lang='grc' dir='ltr'>γὰρ</span> <span class='ocrx_word' id='word_1_60' title='bbox 502 939 563 990; x_wconf 87' lang='grc' dir='ltr'>ὡς</span> <span class='ocrx_word' id='word_1_61' title='bbox 599 934 783 1004; x_wconf 59' lang='grc' dir='ltr'>Σόδομα,</span> <span class='ocrx_word' id='word_1_62' title='bbox 819 942 897 988; x_wconf 63' lang='grc' dir='ltr'>καὶ</span> <span class='ocrx_word' id='word_1_63' title='bbox 932 937 1137 1005; x_wconf 72' lang='grc' dir='ltr'>Γόμορῥσι,</span> <span class='ocrx_word' id='word_1_64' title='bbox 1171 937 1246 986; x_wconf 81' lang='grc' dir='ltr'>καὶ</span> <span class='ocrx_word' id='word_1_65' title='bbox 1281 938 1357 986; x_wconf 79' lang='grc' dir='ltr'>οὐκ</span> <span class='ocrx_word' id='word_1_66' title='bbox 1393 928 1718 1001; x_wconf 63' lang='grc' dir='ltr'>ἐπεστρέψατε.</span> 
     </span>
     <span class='ocr_line' id='line_1_9' title="bbox 135 1015 1721 1083; baseline -0.003 -14"><span class='ocrx_word' id='word_1_67' title='bbox 135 1018 249 1069; x_wconf 74' lang='grc' dir='ltr'>ε”οικε</span> <span class='ocrx_word' id='word_1_68' title='bbox 278 1018 325 1069; x_wconf 78' lang='grc' dir='ltr'>δὲ</span> <span class='ocrx_word' id='word_1_69' title='bbox 350 1018 435 1083; x_wconf 80' lang='grc' dir='ltr'>τὴν</span> <span class='ocrx_word' id='word_1_70' title='bbox 460 1019 729 1070; x_wconf 81' lang='grc' dir='ltr'>τελευταίαν</span> <span class='ocrx_word' id='word_1_71' title='bbox 761 1019 870 1083; x_wconf 84' lang='grc' dir='ltr'>ἡμῖν</span> <span class='ocrx_word' id='word_1_72' title='bbox 901 1020 949 1070; x_wconf 86' lang='grc' dir='ltr'>ἐν</span> <span class='ocrx_word' id='word_1_73' title='bbox 972 1017 1151 1071; x_wconf 80' lang='grc' dir='ltr'>τούτοις</span> <span class='ocrx_word' id='word_1_74' title='bbox 1176 1015 1412 1083; x_wconf 84' lang='grc' dir='ltr'>πόρθησιν</span> <span class='ocrx_word' id='word_1_75' title='bbox 1438 1017 1721 1079; x_wconf 81' lang='grc' dir='ltr'>ὑποδηλοῦν,</span> 
     </span>
     <span class='ocr_line' id='line_1_10' title="bbox 135 1097 1721 1169; baseline -0.003 -18"><span class='ocrx_word' id='word_1_76' title='bbox 135 1099 220 1164; x_wconf 88' lang='grc' dir='ltr'>τὴν</span> <span class='ocrx_word' id='word_1_77' title='bbox 255 1103 303 1151; x_wconf 80' lang='grc' dir='ltr'>ἐν</span> <span class='ocrx_word' id='word_1_78' title='bbox 336 1106 510 1168; x_wconf 82' lang='grc' dir='ltr'>καιροῖς</span> <span class='ocrx_word' id='word_1_79' title='bbox 534 1101 754 1168; x_wconf 87' lang='grc' dir='ltr'>Ἱερεμίου</span> <span class='ocrx_word' id='word_1_80' title='bbox 786 1100 862 1152; x_wconf 77' lang='grc' dir='ltr'>διὰ</span> <span class='ocrx_word' id='word_1_81' title='bbox 893 1100 1046 1169; x_wconf 78' lang='grc' dir='ltr'>χειρὸς</span> <span class='ocrx_word' id='word_1_82' title='bbox 1074 1097 1507 1167; x_wconf 80' lang='grc' dir='ltr'>Ναβουχοδονόσορ</span> <span class='ocrx_word' id='word_1_83' title='bbox 1531 1120 1721 1164; x_wconf 85' lang='grc' dir='ltr'>γεγενη-</span> 
     </span>
     <span class='ocr_line' id='line_1_11' title="bbox 73 1179 1722 1248; baseline -0.003 -13"><span class='ocrx_word' id='word_1_84' title='bbox 73 1211 116 1235; x_wconf 82' lang='grc' dir='ltr'>ιο</span> <span class='ocrx_word' id='word_1_85' title='bbox 136 1184 290 1247; x_wconf 78' lang='grc' dir='ltr'>μένην,</span> <span class='ocrx_word' id='word_1_86' title='bbox 331 1182 380 1237; x_wconf 73' lang='grc' dir='ltr'>ὃς</span> <span class='ocrx_word' id='word_1_87' title='bbox 419 1189 583 1235; x_wconf 82' lang='grc' dir='ltr'>πᾶσαν</span> <span class='ocrx_word' id='word_1_88' title='bbox 623 1184 707 1247; x_wconf 77' lang='grc' dir='ltr'>μὲν</span> <span class='ocrx_word' id='word_1_89' title='bbox 748 1182 842 1235; x_wconf 75' lang='grc' dir='ltr'>εἷλε</span> <span class='ocrx_word' id='word_1_90' title='bbox 884 1183 968 1248; x_wconf 85' lang='grc' dir='ltr'>τὴν</span> <span class='ocrx_word' id='word_1_91' title='bbox 1008 1182 1254 1245; x_wconf 83' lang='grc' dir='ltr'>Ἰουδαίαν,</span> <span class='ocrx_word' id='word_1_92' title='bbox 1295 1181 1520 1246; x_wconf 79' lang='grc' dir='ltr'>ἐνέπρησε</span> <span class='ocrx_word' id='word_1_93' title='bbox 1560 1179 1608 1231; x_wconf 81' lang='grc' dir='ltr'>δὲ</span> <span class='ocrx_word' id='word_1_94' title='bbox 1646 1181 1722 1231; x_wconf 81' lang='grc' dir='ltr'>καὶ</span> 
     </span>
     <span class='ocr_line' id='line_1_12' title="bbox 136 1262 1724 1333; baseline -0.003 -17"><span class='ocrx_word' id='word_1_95' title='bbox 136 1265 254 1317; x_wconf 79' lang='grc' dir='ltr'>αὐτὰ</span> <span class='ocrx_word' id='word_1_96' title='bbox 290 1265 349 1317; x_wconf 79' lang='grc' dir='ltr'>τὰ</span> <span class='ocrx_word' id='word_1_97' title='bbox 386 1266 711 1333; x_wconf 87' lang='grc' dir='ltr'>Ἱεροσόλυμα,</span> <span class='ocrx_word' id='word_1_98' title='bbox 753 1269 828 1317; x_wconf 73' lang='grc' dir='ltr'>καὶ</span> <span class='ocrx_word' id='word_1_99' title='bbox 869 1266 952 1320; x_wconf 79' lang='grc' dir='ltr'>τὰς</span> <span class='ocrx_word' id='word_1_100' title='bbox 994 1265 1253 1332; x_wconf 78' lang='grc' dir='ltr'>περιοίκους</span> <span class='ocrx_word' id='word_1_101' title='bbox 1295 1265 1437 1327; x_wconf 81' lang='grc' dir='ltr'>αὐτῆς</span> <span class='ocrx_word' id='word_1_102' title='bbox 1473 1262 1636 1316; x_wconf 88' lang='grc' dir='ltr'>πόλεις</span> <span class='ocrx_word' id='word_1_103' title='bbox 1673 1284 1724 1312; x_wconf 90' lang='grc' dir='ltr'>τε</span> 
     </span>
     <span class='ocr_line' id='line_1_13' title="bbox 137 1345 1718 1412; baseline -0.003 -13"><span class='ocrx_word' id='word_1_104' title='bbox 137 1351 213 1399; x_wconf 79' lang='grc' dir='ltr'>καὶ</span> <span class='ocrx_word' id='word_1_105' title='bbox 251 1348 423 1412; x_wconf 79' lang='grc' dir='ltr'>κώμας,</span> <span class='ocrx_word' id='word_1_106' title='bbox 456 1353 530 1400; x_wconf 82' lang='grc' dir='ltr'>καὶ</span> <span class='ocrx_word' id='word_1_107' title='bbox 569 1349 709 1400; x_wconf 81' lang='grc' dir='ltr'>αὑτὸν</span> <span class='ocrx_word' id='word_1_108' title='bbox 748 1348 796 1400; x_wconf 76' lang='grc' dir='ltr'>δὲ</span> <span class='ocrx_word' id='word_1_109' title='bbox 831 1348 913 1401; x_wconf 78' lang='grc' dir='ltr'>τὸν</span> <span class='ocrx_word' id='word_1_110' title='bbox 952 1353 1075 1400; x_wconf 81' lang='grc' dir='ltr'>θεῖον</span> <span class='ocrx_word' id='word_1_111' title='bbox 1115 1345 1433 1400; x_wconf 79' lang='grc' dir='ltr'>κατασπάσας</span> <span class='ocrx_word' id='word_1_112' title='bbox 1473 1345 1598 1408; x_wconf 79' lang='grc' dir='ltr'>ναὸν,</span> <span class='ocrx_word' id='word_1_113' title='bbox 1639 1348 1718 1396; x_wconf 91' lang='grc' dir='ltr'>δο-</span> 
     </span>
     <span class='ocr_line' id='line_1_14' title="bbox 136 1428 1724 1499; baseline -0.002 -18"><span class='ocrx_word' id='word_1_114' title='bbox 136 1431 378 1497; x_wconf 88' lang='grc' dir='ltr'>ρικτήτους</span> <span class='ocrx_word' id='word_1_115' title='bbox 404 1431 523 1499; x_wconf 76' lang='grc' dir='ltr'>ἔχων</span> <span class='ocrx_word' id='word_1_116' title='bbox 548 1437 654 1486; x_wconf 84' lang='grc' dir='ltr'>τοῦς</span> <span class='ocrx_word' id='word_1_117' title='bbox 687 1434 736 1483; x_wconf 85' lang='grc' dir='ltr'>ἐκ</span> <span class='ocrx_word' id='word_1_118' title='bbox 769 1438 851 1483; x_wconf 83' lang='grc' dir='ltr'>τοῦ</span> <span class='ocrx_word' id='word_1_119' title='bbox 883 1431 1095 1496; x_wconf 76' lang='grc' dir='ltr'>πολέμου</span> <span class='ocrx_word' id='word_1_120' title='bbox 1119 1429 1578 1497; x_wconf 76' lang='grc' dir='ltr'>περιλελειμμένους,</span> <span class='ocrx_word' id='word_1_121' title='bbox 1609 1428 1724 1479; x_wconf 76' lang='grc' dir='ltr'>οἴκοι</span> 
     </span>
     <span class='ocr_line' id='line_1_15' title="bbox 137 1511 1769 1581; baseline -0.002 -16"><span class='ocrx_word' id='word_1_122' title='bbox 137 1511 284 1565; x_wconf 77' lang='grc' dir='ltr'>πάλιν</span> <span class='ocrx_word' id='word_1_123' title='bbox 337 1512 554 1581; x_wconf 77' lang='grc' dir='ltr'>λαμπρὸς</span> <span class='ocrx_word' id='word_1_124' title='bbox 609 1516 684 1565; x_wconf 79' lang='grc' dir='ltr'>καὶ</span> <span class='ocrx_word' id='word_1_125' title='bbox 747 1512 993 1579; x_wconf 81' lang='grc' dir='ltr'>νενικηκὼς</span> <span class='ocrx_word' id='word_1_126' title='bbox 1055 1518 1151 1568; x_wconf 80' lang='grc' dir='ltr'>τοῖς</span> <span class='ocrx_word' id='word_1_127' title='bbox 1215 1514 1417 1563; x_wconf 84' lang='grc' dir='ltr'>ἁλοῦσιν</span> <span class='ocrx_word' id='word_1_128' title='bbox 1467 1513 1585 1575; x_wconf 80' lang='grc' dir='ltr'>ὁμοῦ</span> <span class='ocrx_word' id='word_1_129' title='bbox 1635 1513 1716 1562; x_wconf 77' lang='grc' dir='ltr'>ἄν·</span> <span class='ocrx_word' id='word_1_130' title='bbox 1742 1517 1769 1557; x_wconf 84' lang='grc'>(1</span> 
     </span>
     <span class='ocr_line' id='line_1_16' title="bbox 73 1594 1724 1663; baseline -0.001 -17"><span class='ocrx_word' id='word_1_131' title='bbox 73 1615 118 1653; x_wconf 87' lang='lat'>15</span> <span class='ocrx_word' id='word_1_132' title='bbox 140 1596 383 1663; x_wconf 73' lang='grc' dir='ltr'>εκομίζετο,</span> <span class='ocrx_word' id='word_1_133' title='bbox 425 1596 467 1647; x_wconf 77' lang='grc' dir='ltr'>οἳ</span> <span class='ocrx_word' id='word_1_134' title='bbox 509 1598 584 1647; x_wconf 76' lang='grc' dir='ltr'>καὶ</span> <span class='ocrx_word' id='word_1_135' title='bbox 625 1596 763 1661; x_wconf 86' lang='grc' dir='ltr'>μόλις</span> <span class='ocrx_word' id='word_1_136' title='bbox 801 1598 1068 1661; x_wconf 83' lang='grc' dir='ltr'>ἐπανῆλθον</span> <span class='ocrx_word' id='word_1_137' title='bbox 1107 1599 1169 1649; x_wconf 81' lang='grc' dir='ltr'>εἷς</span> <span class='ocrx_word' id='word_1_138' title='bbox 1206 1594 1291 1659; x_wconf 88' lang='grc' dir='ltr'>τὴν</span> <span class='ocrx_word' id='word_1_139' title='bbox 1325 1595 1568 1656; x_wconf 83' lang='grc' dir='ltr'>Ἰουδαίαν,</span> <span class='ocrx_word' id='word_1_140' title='bbox 1609 1595 1724 1644; x_wconf 79' lang='grc' dir='ltr'>ἐτῶν</span> 
     </span>
     <span class='ocr_line' id='line_1_17' title="bbox 138 1676 1725 1745; baseline 0 -16"><span class='ocrx_word' id='word_1_141' title='bbox 138 1679 207 1730; x_wconf 84' lang='grc' dir='ltr'>ἐπ’</span> <span class='ocrx_word' id='word_1_142' title='bbox 245 1679 398 1732; x_wconf 82' lang='grc' dir='ltr'>αὐτοῖς</span> <span class='ocrx_word' id='word_1_143' title='bbox 434 1678 778 1745; x_wconf 78' lang='grc' dir='ltr'>πληρωθέντων</span> <span class='ocrx_word' id='word_1_144' title='bbox 812 1677 894 1730; x_wconf 80' lang='grc' dir='ltr'>τὸν</span> <span class='ocrx_word' id='word_1_145' title='bbox 928 1676 1125 1745; x_wconf 82' lang='grc' dir='ltr'>ἀριθμὸν</span> <span class='ocrx_word' id='word_1_146' title='bbox 1160 1676 1498 1741; x_wconf 81' lang='grc' dir='ltr'>ἑβδομήκοντα.</span> <span class='ocrx_word' id='word_1_147' title='bbox 1568 1680 1725 1741; x_wconf 80' lang='grc' dir='ltr'>Κῦρος</span> 
     </span>
     <span class='ocr_line' id='line_1_18' title="bbox 138 1758 1725 1829; baseline -0.002 -18"><span class='ocrx_word' id='word_1_148' title='bbox 138 1760 244 1827; x_wconf 78' lang='grc' dir='ltr'>γὰρ,</span> <span class='ocrx_word' id='word_1_149' title='bbox 273 1763 335 1814; x_wconf 86' lang='grc' dir='ltr'>ὡς</span> <span class='ocrx_word' id='word_1_150' title='bbox 370 1761 502 1829; x_wconf 76' lang='grc' dir='ltr'>ἔφην,</span> <span class='ocrx_word' id='word_1_151' title='bbox 529 1760 614 1825; x_wconf 88' lang='grc' dir='ltr'>τὴν</span> <span class='ocrx_word' id='word_1_152' title='bbox 643 1765 911 1823; x_wconf 79' lang='grc' dir='ltr'>Βαβυλῶνα</span> <span class='ocrx_word' id='word_1_153' title='bbox 946 1759 1081 1823; x_wconf 83' lang='grc' dir='ltr'>ἑλὼν,</span> <span class='ocrx_word' id='word_1_154' title='bbox 1109 1763 1191 1824; x_wconf 81' lang='grc' dir='ltr'>τῆς</span> <span class='ocrx_word' id='word_1_155' title='bbox 1226 1758 1557 1827; x_wconf 80' lang='grc' dir='ltr'>αἰχμαλωσίας</span> <span class='ocrx_word' id='word_1_156' title='bbox 1585 1760 1725 1821; x_wconf 81' lang='grc' dir='ltr'>ἀνῆκε</span> 
     </span>
     <span class='ocr_line' id='line_1_19' title="bbox 139 1838 1725 1912; baseline -0.003 -18"><span class='ocrx_word' id='word_1_157' title='bbox 139 1842 246 1897; x_wconf 78' lang='grc' dir='ltr'>τοὺς</span> <span class='ocrx_word' id='word_1_158' title='bbox 294 1843 679 1912; x_wconf 73' lang='grc' dir='ltr'>περιλειφθέντας</span> <span class='ocrx_word' id='word_1_159' title='bbox 729 1845 804 1895; x_wconf 79' lang='grc' dir='ltr'>καὶ</span> <span class='ocrx_word' id='word_1_160' title='bbox 854 1842 1190 1907; x_wconf 78' lang='grc' dir='ltr'>σεσωσμένους</span> <span class='ocrx_word' id='word_1_161' title='bbox 1241 1842 1297 1910; x_wconf 77' lang='grc' dir='ltr'>ἐξ</span> <span class='ocrx_word' id='word_1_162' title='bbox 1343 1841 1560 1908; x_wconf 89' lang='grc' dir='ltr'>Ἰσραήλ.</span> <span class='ocrx_word' id='word_1_163' title='bbox 1649 1838 1725 1889; x_wconf 77' lang='grc' dir='ltr'>διὰ</span> 
     </span>
     <span class='ocr_line' id='line_1_20' title="bbox 140 1920 1725 1994; baseline -0.003 -18"><span class='ocrx_word' id='word_1_164' title='bbox 140 1931 290 1988; x_wconf 86' lang='grc' dir='ltr'>τοῦτο,</span> <span class='ocrx_word' id='word_1_165' title='bbox 331 1928 496 1994; x_wconf 74' lang='grc' dir='ltr'>φησὶν,</span> <span class='ocrx_word' id='word_1_166' title='bbox 535 1923 726 1992; x_wconf 69' lang='grc' dir='ltr'>ἐγένεσθε</span> <span class='ocrx_word' id='word_1_167' title='bbox 767 1929 824 1981; x_wconf 71' lang='grc' dir='ltr'>ὡς</span> <span class='ocrx_word' id='word_1_168' title='bbox 859 1922 1000 1981; x_wconf 39' lang='lat' dir='ltr'>Aah&amp;</span> <span class='ocrx_word' id='word_1_169' title='bbox 1038 1922 1311 1979; x_wconf 54' lang='grc' dir='ltr'>ἔτεα-παισθεὶς</span> <span class='ocrx_word' id='word_1_170' title='bbox 1350 1925 1400 1975; x_wconf 77' lang='grc' dir='ltr'>ἐκ</span> <span class='ocrx_word' id='word_1_171' title='bbox 1443 1923 1589 1994; x_wconf 65' lang='grc' dir='ltr'>πυρὶς,</span> <span class='ocrx_word' id='word_1_172' title='bbox 1628 1920 1725 1972; x_wconf 74' lang='grc' dir='ltr'>οἷον</span> 
     </span>
     <span class='ocr_line' id='line_1_21' title="bbox 73 2004 1720 2077; baseline -0.003 -17"><span class='ocrx_word' id='word_1_173' title='bbox 73 2035 123 2060; x_wconf 85' lang='lat'>20</span> <span class='ocrx_word' id='word_1_174' title='bbox 142 2008 305 2059; x_wconf 88' lang='grc' dir='ltr'>δαλίον</span> <span class='ocrx_word' id='word_1_175' title='bbox 330 2009 635 2077; x_wconf 84' lang='grc' dir='ltr'>ἡμίφλεκτον,</span> <span class='ocrx_word' id='word_1_176' title='bbox 659 2010 733 2059; x_wconf 79' lang='grc' dir='ltr'>καὶ</span> <span class='ocrx_word' id='word_1_177' title='bbox 768 2009 816 2060; x_wconf 85' lang='grc' dir='ltr'>ἐν</span> <span class='ocrx_word' id='word_1_178' title='bbox 853 2008 1032 2074; x_wconf 85' lang='grc' dir='ltr'>ὀλίγοις</span> <span class='ocrx_word' id='word_1_179' title='bbox 1066 2007 1132 2058; x_wconf 78' lang='grc' dir='ltr'>ε”τι</span> <span class='ocrx_word' id='word_1_180' title='bbox 1166 2006 1412 2074; x_wconf 75' lang='grc' dir='ltr'>λειψάνοις</span> <span class='ocrx_word' id='word_1_181' title='bbox 1438 2004 1720 2072; x_wconf 74' lang='grc' dir='ltr'>σωζόμενον.</span> 
     </span>
     <span class='ocr_line' id='line_1_22' title="bbox 205 2087 1726 2157; baseline -0.003 -16"><span class='ocrx_word' id='word_1_182' title='bbox 205 2094 329 2141; x_wconf 78' lang='grc' dir='ltr'>Θεοῦ</span> <span class='ocrx_word' id='word_1_183' title='bbox 353 2096 601 2157; x_wconf 86' lang='grc' dir='ltr'>τοιγαροῦν</span> <span class='ocrx_word' id='word_1_184' title='bbox 620 2089 933 2153; x_wconf 83' lang='grc' dir='ltr'>παιδεύοντος,</span> <span class='ocrx_word' id='word_1_185' title='bbox 959 2089 1014 2141; x_wconf 80' lang='grc' dir='ltr'>τὸ</span> <span class='ocrx_word' id='word_1_186' title='bbox 1041 2091 1323 2141; x_wconf 82' lang='grc' dir='ltr'>ὑπτιοῦσθαι</span> <span class='ocrx_word' id='word_1_187' title='bbox 1349 2087 1531 2153; x_wconf 79' lang='grc' dir='ltr'>πικρὸν,</span> <span class='ocrx_word' id='word_1_188' title='bbox 1555 2087 1726 2154; x_wconf 88' lang='grc' dir='ltr'>παραί-</span> 
     </span>
     <span class='ocr_line' id='line_1_23' title="bbox 141 2170 1725 2240; baseline -0.003 -17"><span class='ocrx_word' id='word_1_189' title='bbox 141 2195 241 2223; x_wconf 90' lang='grc' dir='ltr'>τιον</span> <span class='ocrx_word' id='word_1_190' title='bbox 280 2171 329 2223; x_wconf 83' lang='grc' dir='ltr'>δὲ</span> <span class='ocrx_word' id='word_1_191' title='bbox 364 2175 439 2224; x_wconf 82' lang='grc' dir='ltr'>καὶ</span> <span class='ocrx_word' id='word_1_192' title='bbox 475 2177 569 2224; x_wconf 81' lang='grc' dir='ltr'>τῶν</span> <span class='ocrx_word' id='word_1_193' title='bbox 603 2172 669 2223; x_wconf 73' lang='grc' dir='ltr'>ε”τι</span> <span class='ocrx_word' id='word_1_194' title='bbox 703 2171 1095 2240; x_wconf 81' lang='grc' dir='ltr'>δυσαχθεστέρων</span> <span class='ocrx_word' id='word_1_195' title='bbox 1138 2172 1272 2222; x_wconf 79' lang='grc' dir='ltr'>ἔσται</span> <span class='ocrx_word' id='word_1_196' title='bbox 1313 2175 1468 2221; x_wconf 82' lang='grc' dir='ltr'>κακῶν</span> <span class='ocrx_word' id='word_1_197' title='bbox 1506 2174 1602 2223; x_wconf 84' lang='grc' dir='ltr'>τοῖς</span> <span class='ocrx_word' id='word_1_198' title='bbox 1639 2170 1725 2233; x_wconf 87' lang='grc' dir='ltr'>τὴν</span> 
     </span>
     <span class='ocr_line' id='line_1_24' title="bbox 143 2250 1764 2321; baseline 0 -17"><span class='ocrx_word' id='word_1_199' title='bbox 143 2253 370 2318; x_wconf 86' lang='grc' dir='ltr'>α’ίσθησιν</span> <span class='ocrx_word' id='word_1_200' title='bbox 408 2255 773 2319; x_wconf 76' lang='grc' dir='ltr'>ἀποσειομένοις,</span> <span class='ocrx_word' id='word_1_201' title='bbox 810 2253 903 2306; x_wconf 81' lang='grc' dir='ltr'>ἀπό</span> <span class='ocrx_word' id='word_1_202' title='bbox 934 2278 987 2321; x_wconf 91' lang='grc' dir='ltr'>γε</span> <span class='ocrx_word' id='word_1_203' title='bbox 1013 2260 1096 2305; x_wconf 85' lang='grc' dir='ltr'>τοῦ</span> <span class='ocrx_word' id='word_1_204' title='bbox 1123 2257 1217 2305; x_wconf 83' lang='grc' dir='ltr'>δεῖν</span> <span class='ocrx_word' id='word_1_205' title='bbox 1244 2250 1579 2316; x_wconf 85' lang='grc' dir='ltr'>ἀκαταλήκτως</span> <span class='ocrx_word' id='word_1_206' title='bbox 1612 2251 1723 2302; x_wconf 72' lang='grc' dir='ltr'>ἱέναι</span> <span class='ocrx_word' id='word_1_207' title='bbox 1742 2278 1764 2304; x_wconf 84' lang='lat' dir='ltr'>e</span> 
     </span>
     <span class='ocr_line' id='line_1_25' title="bbox 141 2334 1726 2406; baseline -0.003 -18"><span class='ocrx_word' id='word_1_208' title='bbox 141 2335 260 2404; x_wconf 81' lang='grc' dir='ltr'>πρὸς</span> <span class='ocrx_word' id='word_1_209' title='bbox 298 2336 352 2388; x_wconf 80' lang='grc' dir='ltr'>τὸ</span> <span class='ocrx_word' id='word_1_210' title='bbox 387 2339 501 2403; x_wconf 82' lang='grc' dir='ltr'>δρᾶν</span> <span class='ocrx_word' id='word_1_211' title='bbox 540 2338 733 2389; x_wconf 78' lang='grc' dir='ltr'>ἑλέσθαι</span> <span class='ocrx_word' id='word_1_212' title='bbox 767 2339 843 2389; x_wconf 80' lang='grc' dir='ltr'>καὶ</span> <span class='ocrx_word' id='word_1_213' title='bbox 883 2342 1070 2406; x_wconf 85' lang='grc' dir='ltr'>φρονεῖν</span> <span class='ocrx_word' id='word_1_214' title='bbox 1107 2334 1137 2387; x_wconf 80' lang='grc' dir='ltr'><em>ἃ</em></span> <span class='ocrx_word' id='word_1_215' title='bbox 1167 2337 1230 2400; x_wconf 79' lang='grc' dir='ltr'>μὴ</span> <span class='ocrx_word' id='word_1_216' title='bbox 1258 2335 1399 2400; x_wconf 83' lang='grc' dir='ltr'>θέμις.</span> <span class='ocrx_word' id='word_1_217' title='bbox 1464 2334 1606 2400; x_wconf 78' lang='grc' dir='ltr'>ὅνπερ</span> <span class='ocrx_word' id='word_1_218' title='bbox 1632 2334 1726 2402; x_wconf 80' lang='grc' dir='ltr'>γὰρ</span> 
     </span>
     <span class='ocr_line' id='line_1_26' title="bbox 75 2415 1727 2486; baseline -0.001 -17"><span class='ocrx_word' id='word_1_219' title='bbox 75 2441 124 2480; x_wconf 86' lang='lat'>25</span> <span class='ocrx_word' id='word_1_220' title='bbox 143 2416 320 2486; x_wconf 88' lang='grc' dir='ltr'>τρόπον</span> <span class='ocrx_word' id='word_1_221' title='bbox 357 2421 399 2470; x_wconf 79' lang='grc' dir='ltr'>οἱ</span> <span class='ocrx_word' id='word_1_222' title='bbox 433 2418 517 2474; x_wconf 78' lang='grc' dir='ltr'>τὰς</span> <span class='ocrx_word' id='word_1_223' title='bbox 555 2424 649 2471; x_wconf 80' lang='grc' dir='ltr'>τῶν</span> <span class='ocrx_word' id='word_1_224' title='bbox 681 2418 919 2484; x_wconf 77' lang='grc' dir='ltr'>σωμάτων</span> <span class='ocrx_word' id='word_1_225' title='bbox 946 2416 1286 2471; x_wconf 86' lang='grc' dir='ltr'>ἀνακόπτοντες</span> <span class='ocrx_word' id='word_1_226' title='bbox 1320 2415 1503 2479; x_wconf 88' lang='grc' dir='ltr'>νόσους,</span> <span class='ocrx_word' id='word_1_227' title='bbox 1530 2418 1604 2467; x_wconf 72' lang='grc' dir='ltr'>καὶ</span> <span class='ocrx_word' id='word_1_228' title='bbox 1643 2421 1727 2467; x_wconf 84' lang='grc' dir='ltr'>τοῦ</span> 
     </span>
    </p>
   </div>
   <div class='ocr_carea' id='block_1_5' title="bbox 145 2601 1728 3023">
    <p class='ocr_par' dir='ltr' id='par_1_5' title="bbox 145 2601 1728 3023">
     <span class='ocr_line' id='line_1_27' title="bbox 195 2601 1726 2649; baseline -0.003 -10"><span class='ocrx_word' id='word_1_229' title='bbox 195 2616 226 2639; x_wconf 92' lang='lat'>1.</span> <span class='ocrx_word' id='word_1_230' title='bbox 252 2603 376 2649; x_wconf 80' lang='grc' dir='ltr'>Κύριος</span> <span class='ocrx_word' id='word_1_231' title='bbox 392 2615 455 2649; x_wconf 88' lang='lat' dir='ltr'>pro</span> <span class='ocrx_word' id='word_1_232' title='bbox 473 2605 491 2638; x_wconf 90' lang='grc' dir='ltr'>ὁ</span> <span class='ocrx_word' id='word_1_233' title='bbox 509 2605 595 2639; x_wconf 83' lang='grc' dir='ltr'>Θεὸς</span> <span class='ocrx_word' id='word_1_234' title='bbox 612 2605 651 2639; x_wconf 87' lang='lat' dir='ltr'>F.</span> <span class='ocrx_word' id='word_1_235' title='bbox 670 2603 762 2638; x_wconf 88' lang='lat' dir='ltr'>Edd.</span> <span class='ocrx_word' id='word_1_236' title='bbox 782 2603 862 2648; x_wconf 87' lang='lat' dir='ltr'>(Co.</span> <span class='ocrx_word' id='word_1_237' title='bbox 867 2602 879 2647; x_wconf 93' lang='lat'><em>)</em></span> <span class='ocrx_word' id='word_1_238' title='bbox 1086 2613 1117 2636; x_wconf 88' lang='lat'>2.</span> <span class='ocrx_word' id='word_1_239' title='bbox 1145 2601 1322 2648; x_wconf 79' lang='grc' dir='ltr'>ἐγενήθητε</span> <span class='ocrx_word' id='word_1_240' title='bbox 1339 2601 1377 2636; x_wconf 87' lang='lat' dir='ltr'>F.</span> <span class='ocrx_word' id='word_1_241' title='bbox 1397 2601 1496 2647; x_wconf 85' lang='lat'>(42.)</span> <span class='ocrx_word' id='word_1_242' title='bbox 1544 2601 1726 2636; x_wconf 83' lang='grc' dir='ltr'>ἀπεσπασ-</span> 
     </span>
     <span class='ocr_line' id='line_1_28' title="bbox 145 2648 1726 2696; baseline -0.002 -11"><span class='ocrx_word' id='word_1_243' title='bbox 145 2666 244 2696; x_wconf 89' lang='grc' dir='ltr'>μενος</span> <span class='ocrx_word' id='word_1_244' title='bbox 260 2653 304 2685; x_wconf 91' lang='lat' dir='ltr'>A.</span> <span class='ocrx_word' id='word_1_245' title='bbox 354 2651 389 2684; x_wconf 85' lang='grc' dir='ltr'>ἐκ</span> <span class='ocrx_word' id='word_1_246' title='bbox 405 2650 566 2696; x_wconf 78' lang='grc' dir='ltr'>πυρὸς]’</span> <span class='ocrx_word' id='word_1_247' title='bbox 547 2651 613 2685; x_wconf 81' lang='grc' dir='ltr'>απὸ</span> <span class='ocrx_word' id='word_1_248' title='bbox 631 2665 782 2686; x_wconf 81' lang='grc' dir='ltr'>καυσεως</span> <span class='ocrx_word' id='word_1_249' title='bbox 800 2651 838 2684; x_wconf 89' lang='lat' dir='ltr'>F.</span> <span class='ocrx_word' id='word_1_250' title='bbox 858 2648 949 2683; x_wconf 88' lang='lat' dir='ltr'>Edd.</span> <span class='ocrx_word' id='word_1_251' title='bbox 969 2648 1048 2693; x_wconf 88' lang='lat' dir='ltr'>(CO.</span> <span class='ocrx_word' id='word_1_252' title='bbox 1055 2649 1066 2691; x_wconf 88' lang='lat'><em>)</em></span> <span class='ocrx_word' id='word_1_253' title='bbox 1402 2681 1406 2690; x_wconf 81' lang='grc'>,</span> <span class='ocrx_word' id='word_1_254' title='bbox 1561 2660 1594 2694; x_wconf 85' lang='lat'>3.</span> <span class='ocrx_word' id='word_1_255' title='bbox 1621 2650 1665 2685; x_wconf 85' lang='grc' dir='ltr'>ὣς</span> <span class='ocrx_word' id='word_1_256' title='bbox 1681 2649 1726 2683; x_wconf 86' lang='grc' dir='ltr'>Α.</span> 
     </span>
     <span class='ocr_line' id='line_1_29' title="bbox 147 2694 1728 2741; baseline -0.003 -8"><span class='ocrx_word' id='word_1_257' title='bbox 147 2698 251 2733; x_wconf 80' lang='grc' dir='ltr'>οὕτως</span> <span class='ocrx_word' id='word_1_258' title='bbox 270 2698 307 2732; x_wconf 90' lang='lat' dir='ltr'>F.</span> <span class='ocrx_word' id='word_1_259' title='bbox 326 2697 418 2732; x_wconf 87' lang='lat' dir='ltr'>Edd.</span> <span class='ocrx_word' id='word_1_260' title='bbox 438 2697 509 2739; x_wconf 88' lang='lat'>(26.</span> <span class='ocrx_word' id='word_1_261' title='bbox 528 2698 588 2740; x_wconf 88' lang='lat' dir='ltr'>al.)</span> <span class='ocrx_word' id='word_1_262' title='bbox 791 2706 824 2739; x_wconf 89' lang='grc'>5.</span> <span class='ocrx_word' id='word_1_263' title='bbox 849 2696 968 2730; x_wconf 84' lang='grc' dir='ltr'>αἰκίαις</span> <span class='ocrx_word' id='word_1_264' title='bbox 984 2696 1027 2730; x_wconf 88' lang='lat' dir='ltr'>A.</span> <span class='ocrx_word' id='word_1_265' title='bbox 1047 2696 1162 2741; x_wconf 83' lang='grc' dir='ltr'>ὀργαῖς</span> <span class='ocrx_word' id='word_1_266' title='bbox 1181 2695 1222 2729; x_wconf 93' lang='grc' dir='ltr'>Β.</span> <span class='ocrx_word' id='word_1_267' title='bbox 1242 2694 1333 2729; x_wconf 88' lang='lat' dir='ltr'>Edd.</span> <span class='ocrx_word' id='word_1_268' title='bbox 1539 2696 1571 2730; x_wconf 89' lang='grc'>8.</span> <span class='ocrx_word' id='word_1_269' title='bbox 1598 2695 1675 2739; x_wconf 85' lang='grc' dir='ltr'>ἡμῖν</span> <span class='ocrx_word' id='word_1_270' title='bbox 1693 2696 1728 2729; x_wconf 86' lang='grc' dir='ltr'>ἐν</span> 
     </span>
     <span class='ocr_line' id='line_1_30' title="bbox 146 2741 1726 2787; baseline -0.002 -8"><span class='ocrx_word' id='word_1_271' title='bbox 146 2744 277 2780; x_wconf 80' lang='grc' dir='ltr'>τούτοις</span> <span class='ocrx_word' id='word_1_272' title='bbox 293 2744 360 2778; x_wconf 85' lang='lat' dir='ltr'>hoo</span> <span class='ocrx_word' id='word_1_273' title='bbox 379 2743 500 2778; x_wconf 86' lang='lat' dir='ltr'>ordine</span> <span class='ocrx_word' id='word_1_274' title='bbox 518 2744 561 2778; x_wconf 93' lang='lat' dir='ltr'>A</span> <span class='ocrx_word' id='word_1_275' title='bbox 565 2744 601 2778; x_wconf 90' lang='lat' dir='ltr'>b.</span> <span class='ocrx_word' id='word_1_276' title='bbox 1006 2754 1060 2776; x_wconf 86' lang='lat'>10.</span> <span class='ocrx_word' id='word_1_277' title='bbox 1086 2757 1146 2785; x_wconf 82' lang='grc' dir='ltr'>μεν</span> <span class='ocrx_word' id='word_1_278' title='bbox 1163 2748 1384 2787; x_wconf 84' lang='lat' dir='ltr'><strong>assumptum</strong></span> <span class='ocrx_word' id='word_1_279' title='bbox 1401 2754 1442 2776; x_wconf 85' lang='lat' dir='ltr'>ex</span> <span class='ocrx_word' id='word_1_280' title='bbox 1459 2741 1494 2776; x_wconf 93' lang='lat' dir='ltr'>b.</span> <span class='ocrx_word' id='word_1_281' title='bbox 1515 2741 1611 2776; x_wconf 83' lang='lat' dir='ltr'><strong>deest</strong></span> <span class='ocrx_word' id='word_1_282' title='bbox 1628 2743 1664 2776; x_wconf 90' lang='lat' dir='ltr'>in</span> <span class='ocrx_word' id='word_1_283' title='bbox 1682 2743 1726 2777; x_wconf 95' lang='lat' dir='ltr'>A.</span> 
     </span>
     <span class='ocr_line' id='line_1_31' title="bbox 151 2789 1726 2836; baseline -0.001 -10"><span class='ocrx_word' id='word_1_284' title='bbox 151 2803 205 2826; x_wconf 89' lang='grc' dir='ltr'>ΙΙ.</span> <span class='ocrx_word' id='word_1_285' title='bbox 231 2789 301 2836; x_wconf 84' lang='grc' dir='ltr'>και]</span> <span class='ocrx_word' id='word_1_286' title='bbox 325 2795 363 2831; x_wconf 85' lang='grc' dir='ltr'>-Ι-</span> <span class='ocrx_word' id='word_1_287' title='bbox 384 2791 485 2825; x_wconf 80' lang='grc' dir='ltr'>αὐτὰς</span> <span class='ocrx_word' id='word_1_288' title='bbox 501 2790 545 2824; x_wconf 92' lang='lat' dir='ltr'>A.</span> <span class='ocrx_word' id='word_1_289' title='bbox 594 2790 694 2834; x_wconf 87' lang='grc' dir='ltr'>αυτῆς</span> <span class='ocrx_word' id='word_1_290' title='bbox 711 2790 755 2823; x_wconf 92' lang='grc' dir='ltr'>Α.</span> <span class='ocrx_word' id='word_1_291' title='bbox 773 2790 886 2825; x_wconf 79' lang='grc' dir='ltr'>αὐτοῖς</span> <span class='ocrx_word' id='word_1_292' title='bbox 904 2789 946 2824; x_wconf 85' lang='grc' dir='ltr'>Β.</span> <span class='ocrx_word' id='word_1_293' title='bbox 964 2790 1046 2833; x_wconf 81' lang='grc' dir='ltr'>αυτῇ</span> <span class='ocrx_word' id='word_1_294' title='bbox 1066 2789 1157 2824; x_wconf 87' lang='lat' dir='ltr'>Edd.</span> <span class='ocrx_word' id='word_1_295' title='bbox 1389 2800 1442 2824; x_wconf 90' lang='lat'>12.</span> <span class='ocrx_word' id='word_1_296' title='bbox 1468 2789 1664 2823; x_wconf 82' lang='grc' dir='ltr'>κατέσπασε</span> <span class='ocrx_word' id='word_1_297' title='bbox 1680 2789 1726 2824; x_wconf 88' lang='lat' dir='ltr'>A.</span> 
     </span>
     <span class='ocr_line' id='line_1_32' title="bbox 152 2835 1726 2883; baseline -0.001 -12"><span class='ocrx_word' id='word_1_298' title='bbox 152 2849 205 2883; x_wconf 84' lang='lat'>13.</span> <span class='ocrx_word' id='word_1_299' title='bbox 232 2837 268 2871; x_wconf 81' lang='grc' dir='ltr'>ἐκ</span> <span class='ocrx_word' id='word_1_300' title='bbox 285 2840 344 2871; x_wconf 86' lang='grc' dir='ltr'>τοῦ</span> <span class='ocrx_word' id='word_1_301' title='bbox 360 2837 512 2879; x_wconf 78' lang='grc' dir='ltr'>πολέμου</span> <span class='ocrx_word' id='word_1_302' title='bbox 529 2837 572 2870; x_wconf 92' lang='lat' dir='ltr'>A.</span> <span class='ocrx_word' id='word_1_303' title='bbox 593 2837 627 2870; x_wconf 80' lang='grc' dir='ltr'>ἐν</span> <span class='ocrx_word' id='word_1_304' title='bbox 643 2839 689 2870; x_wconf 82' lang='grc' dir='ltr'>τῶ</span> <span class='ocrx_word' id='word_1_305' title='bbox 706 2836 845 2883; x_wconf 83' lang='grc' dir='ltr'>πολεμῳ</span> <span class='ocrx_word' id='word_1_306' title='bbox 865 2837 907 2871; x_wconf 91' lang='grc' dir='ltr'>Β.</span> <span class='ocrx_word' id='word_1_307' title='bbox 926 2835 1018 2870; x_wconf 89' lang='lat' dir='ltr'>Edd.</span> <span class='ocrx_word' id='word_1_308' title='bbox 1372 2847 1426 2879; x_wconf 88' lang='lat'>14.</span> <span class='ocrx_word' id='word_1_309' title='bbox 1451 2837 1614 2880; x_wconf 83' lang='grc' dir='ltr'>λαμπρῶς</span> <span class='ocrx_word' id='word_1_310' title='bbox 1632 2836 1726 2870; x_wconf 90' lang='lat' dir='ltr'>Edd.</span> 
     </span>
     <span class='ocr_line' id='line_1_33' title="bbox 148 2872 1728 2928; baseline -0.001 -9"><span class='ocrx_word' id='word_1_311' title='bbox 148 2887 233 2928; x_wconf 82' lang='grc' dir='ltr'>ὁμοῦ</span> <span class='ocrx_word' id='word_1_312' title='bbox 250 2885 320 2919; x_wconf 79' lang='grc' dir='ltr'>τοῖς</span> <span class='ocrx_word' id='word_1_313' title='bbox 336 2883 391 2917; x_wconf 82' lang='grc' dir='ltr'>ἆλ.</span> <span class='ocrx_word' id='word_1_314' title='bbox 409 2884 481 2918; x_wconf 87' lang='lat' dir='ltr'>inv.</span> <span class='ocrx_word' id='word_1_315' title='bbox 500 2883 621 2917; x_wconf 86' lang='lat' dir='ltr'>ordine</span> <span class='ocrx_word' id='word_1_316' title='bbox 638 2884 682 2917; x_wconf 93' lang='lat' dir='ltr'>A.</span> <span class='ocrx_word' id='word_1_317' title='bbox 734 2872 859 2917; x_wconf 82' lang='lat' dir='ltr'>Statim</span> <span class='ocrx_word' id='word_1_318' title='bbox 876 2898 930 2917; x_wconf 89' lang='grc' dir='ltr'>και</span> <span class='ocrx_word' id='word_1_319' title='bbox 947 2883 1027 2917; x_wconf 86' lang='lat' dir='ltr'>add.</span> <span class='ocrx_word' id='word_1_320' title='bbox 1046 2882 1139 2917; x_wconf 86' lang='lat' dir='ltr'>Edd.</span> <span class='ocrx_word' id='word_1_321' title='bbox 1366 2894 1419 2927; x_wconf 88' lang='lat'>1.9</span> <span class='ocrx_word' id='word_1_322' title='bbox 1447 2883 1577 2917; x_wconf 81' lang='lat' dir='ltr'><strong>Haec‘</strong></span> <span class='ocrx_word' id='word_1_323' title='bbox 1562 2898 1606 2918; x_wconf 83' lang='grc' dir='ltr'>ως</span> <span class='ocrx_word' id='word_1_324' title='bbox 1624 2883 1728 2918; x_wconf 79' lang='grc' dir='ltr'>δαλὸς</span> 
     </span>
     <span class='ocr_line' id='line_1_34' title="bbox 149 2929 1728 2976; baseline -0.001 -10"><span class='ocrx_word' id='word_1_325' title='bbox 149 2931 356 2966; x_wconf 77' lang='grc' dir='ltr'>ἐκσπασθεὶς</span> <span class='ocrx_word' id='word_1_326' title='bbox 384 2929 600 2976; x_wconf 83' lang='grc' dir='ltr'>[ἐκσπανθεὶς</span> <span class='ocrx_word' id='word_1_327' title='bbox 617 2929 671 2975; x_wconf 88' lang='lat' dir='ltr'>b.]</span> <span class='ocrx_word' id='word_1_328' title='bbox 699 2929 734 2963; x_wconf 83' lang='grc' dir='ltr'>ἐκ</span> <span class='ocrx_word' id='word_1_329' title='bbox 763 2929 821 2976; x_wconf 58' lang='lat'>[4-</span> <span class='ocrx_word' id='word_1_330' title='bbox 849 2932 909 2965; x_wconf 85' lang='grc' dir='ltr'>τοῦ</span> <span class='ocrx_word' id='word_1_331' title='bbox 933 2929 987 2976; x_wconf 93' lang='lat' dir='ltr'>b.]</span> <span class='ocrx_word' id='word_1_332' title='bbox 1014 2931 1119 2974; x_wconf 86' lang='grc' dir='ltr'>πυρὸς</span> <span class='ocrx_word' id='word_1_333' title='bbox 1143 2935 1364 2964; x_wconf 84' lang='lat' dir='ltr'>accesserunt</span> <span class='ocrx_word' id='word_1_334' title='bbox 1388 2942 1430 2964; x_wconf 84' lang='lat' dir='ltr'>ex</span> <span class='ocrx_word' id='word_1_335' title='bbox 1447 2930 1490 2964; x_wconf 94' lang='lat' dir='ltr'>A.</span> <span class='ocrx_word' id='word_1_336' title='bbox 1493 2929 1528 2963; x_wconf 93' lang='lat' dir='ltr'>b.</span> <span class='ocrx_word' id='word_1_337' title='bbox 1556 2930 1600 2965; x_wconf 82' lang='grc' dir='ltr'>ὡς</span> <span class='ocrx_word' id='word_1_338' title='bbox 1624 2930 1728 2965; x_wconf 82' lang='grc' dir='ltr'>δαλὸς</span> 
     </span>
     <span class='ocr_line' id='line_1_35' title="bbox 150 2976 1726 3023; baseline -0.001 -10"><span class='ocrx_word' id='word_1_339' title='bbox 150 2977 414 3023; x_wconf 79' lang='grc' dir='ltr'>ἐξεσπασμένος·</span> <span class='ocrx_word' id='word_1_340' title='bbox 440 2978 478 3011; x_wconf 89' lang='grc' dir='ltr'>τὸ</span> <span class='ocrx_word' id='word_1_341' title='bbox 496 2977 567 3011; x_wconf 76' lang='grc' dir='ltr'>δέ’</span> <span class='ocrx_word' id='word_1_342' title='bbox 550 2992 586 3011; x_wconf 90' lang='grc' dir='ltr'>εκ</span> <span class='ocrx_word' id='word_1_343' title='bbox 601 2978 707 3022; x_wconf 82' lang='grc' dir='ltr'>πυρὸς</span> <span class='ocrx_word' id='word_1_344' title='bbox 725 2977 767 3012; x_wconf 92' lang='grc' dir='ltr'>Β.</span> <span class='ocrx_word' id='word_1_345' title='bbox 957 2988 1013 3012; x_wconf 89' lang='lat'>20.</span> <span class='ocrx_word' id='word_1_346' title='bbox 1034 2977 1152 3012; x_wconf 88' lang='grc' dir='ltr'>δαλίον</span> <span class='ocrx_word' id='word_1_347' title='bbox 1168 2977 1200 3011; x_wconf 90' lang='grc' dir='ltr'>Α</span> <span class='ocrx_word' id='word_1_348' title='bbox 1204 2977 1251 3012; x_wconf 88' lang='lat' dir='ltr'>..b</span> <span class='ocrx_word' id='word_1_349' title='bbox 1269 2977 1384 3022; x_wconf 83' lang='grc' dir='ltr'>δᾳδίον</span> <span class='ocrx_word' id='word_1_350' title='bbox 1402 2976 1444 3012; x_wconf 91' lang='grc' dir='ltr'>Β</span> <span class='ocrx_word' id='word_1_351' title='bbox 1463 2976 1616 3011; x_wconf 83' lang='grc' dir='ltr'>δαλίδιον</span> <span class='ocrx_word' id='word_1_352' title='bbox 1634 2976 1726 3011; x_wconf 87' lang='lat' dir='ltr'>Edd.</span> 
     </span>
    </p>
   </div>
   <div class='ocr_carea' id='block_1_6' title="bbox 152 3023 982 3134">
    <p class='ocr_par' dir='ltr' id='par_1_6' title="bbox 152 3023 982 3134">
     <span class='ocr_line' id='line_1_36' title="bbox 152 3023 587 3060; baseline -0.005 0"><span class='ocrx_word' id='word_1_353' title='bbox 152 3036 206 3060; x_wconf 86' lang='lat'>21.</span> <span class='ocrx_word' id='word_1_354' title='bbox 231 3023 478 3059; x_wconf 81' lang='grc' dir='ltr'>ὖποπτιοῦσθαι</span> <span class='ocrx_word' id='word_1_355' title='bbox 496 3023 587 3059; x_wconf 86' lang='lat' dir='ltr'>Edd.</span> 
     </span>
     <span class='ocr_line' id='line_1_37' title="bbox 208 3092 982 3134; baseline -0.001 -14"><span class='ocrx_word' id='word_1_356' title='bbox 208 3092 300 3121; x_wconf 87' lang='lat' dir='ltr'>VOL.</span> <span class='ocrx_word' id='word_1_357' title='bbox 323 3093 350 3120; x_wconf 88' lang='lat'>1.</span> <span class='ocrx_word' id='word_1_358' title='bbox 909 3094 932 3134; x_wconf 85' lang='lat'>3</span> <span class='ocrx_word' id='word_1_359' title='bbox 956 3093 982 3119; x_wconf 81' lang='lat' dir='ltr'>M</span> 
     </span>
    </p>
   </div>
  </div>
 </body>
</html>
