2021 3434
104 1209 202 1240 Prov.

103 1253 159 1283 xii.
181 1262 229 1284 ιο.

104 1839 202 1859 xxxv.
221 1834 248 1869 7,

331 199 415 240 598
722 201 772 241 B.
810 200 1085 241 CYRILLI
1126 201 1511 242 ALEXANDR.
1665 199 1721 240 iv,
1751 211 1813 248 10,
1840 209 1904 236 11.

327 305 699 369 ἐπεστύγνασας,
731 311 921 370 μᾶλλον
958 307 1007 358 δὲ
1041 309 1116 358 καὶ
1150 310 1211 361 εὶς
1249 307 1459 375 ἐσχάτην
1496 304 1775 372 κατακομίζῃ
1813 301 1902 353 λύ-

326 410 437 450 πην,
476 387 546 438 ὅτι
584 410 664 438 σοι
700 389 987 455 μεμάρανται
1024 388 1078 440 τὸ
1116 392 1198 453 τῆς
1237 389 1524 453 κολοκύνθης
1561 386 1724 456 φυτὸν,
1760 385 1785 437 ὃ
1823 389 1906 437 ὑπὸ

329 469 465 521 νύκτα.
491 469 601 532 μίαν
626 470 787 538 ἀνέφυ,
815 470 1016 522 διόλωλε
1050 470 1097 522 δὲ
1131 471 1370 533 ὡσαύτως,
1394 475 1495 524 πῶς
1529 468 1587 521 ἂν
1620 467 1756 522 αὐτὸς
1793 469 1908 518 ἀλο-

327 549 528 617 γήσαιμι
565 552 955 620 πολυανδρούσης
993 554 1179 617 πόλεως,
1206 555 1244 605 ἐν
1276 552 1298 628 ᾗ
1331 555 1510 608 πλείους
1541 552 1660 603 εἰσὶν
1685 549 1706 610 ἢ
1734 547 1908 601 δώδεκα,

326 630 534 702 μυριάδες
584 633 819 701 ἀνθρώπων,
862 636 945 686 οὐκ
995 634 1198 703 ἐχόντων
1247 634 1341 687 ἀπὸ
1384 640 1467 687 τοῦ
1510 638 1671 700 καιροῦ
1711 634 1786 683 καὶ
1825 634 1907 695 τῆς
1929 648 1953 687 5
2015 637 2019 685 ἓ

327 715 508 778 ἡλικίας
546 715 600 767 τὸ
633 717 842 768 διειδέναι
881 717 1110 768 δύνασθαι
1140 719 1252 770 ποία
1281 717 1364 782 μὲν
1395 718 1549 770 αὐτοῖς
1579 717 1607 780 ἡ
1635 712 1771 784 δεξιέι,
1797 715 1909 766 ποία

283 795 377 848 b&
415 798 443 862 ἦ
480 798 710 861 Εὐώνυμος
729 820 741 860 3
789 799 1031 865 ἆδιάκριτα
1060 799 1153 866 γάρ
1187 823 1286 854 πως
1319 798 1449 866 παρὰ
1486 802 1582 852 τοῖς
1624 797 1690 848 ε”τι
1732 795 1910 861 νηπίοις

328 881 404 930 καὶ
438 886 597 943 ταῦτα,
625 880 693 935 οἷς
725 879 783 945 ἧν
817 880 1077 932 ἀκόλουθον
1111 885 1187 932 καὶ
1224 880 1316 948 πρό
1352 905 1406 947 γε
1443 885 1537 932 τῶν
1575 880 1740 931 ἄλλων
1773 878 1906 946 χαρί-

328 966 515 1014 σασθαι
578 962 664 1027 τὴν
718 963 1092 1032 φιλανθρωπίαν,
1143 963 1438 1030 ἡμαρτηκόσι
1487 962 1646 1026 μηδέν·
1713 959 1768 1012 τὸ
1815 959 1909 1026 γὰρ

328 1045 457 1095 οὔπω
491 1043 575 1099 τὰς
616 1045 780 1096 ἑαυτοῦ
816 1050 972 1112 χεῖρας
1011 1044 1143 1108 εἶδος,
1179 1048 1326 1099 ποίοις
1365 1043 1422 1096 ἂν
1460 1044 1659 1112 ἐνέχοιτο
1691 1049 1908 1108 πλημμε-

326 1124 512 1189 λήμασι
534 1148 544 1186 ;
587 1130 624 1177 εἰ
650 1125 697 1177 δὲ
722 1126 932 1193 ὀνομάζει
963 1128 1038 1178 καὶ
1072 1129 1193 1187 κτήνη
1224 1129 1300 1178 καὶ
1326 1129 1512 1194 φειδοῦς
1539 1126 1674 1195 ἀξιοῖ,
1701 1124 1909 1194 φιλαγά-

327 1211 421 1261 θως
461 1210 537 1259 καὶ
581 1213 733 1260 τοῦτο.
798 1211 835 1259 εὶ
879 1208 972 1275 γὰρ
1013 1216 1041 1238 “
1061 1210 1233 1263 δίκαιος
1280 1209 1485 1274 οἷκτείρει
1526 1206 1687 1277 ψυχὰς
1729 1211 1910 1271 κτηνῶν

329 1296 355 1319 “
383 1291 563 1353 αὐτοῦ,”
619 1290 722 1342 ἔστι
772 1290 819 1341 δὲ
871 1292 996 1360 αὐτῷ
1039 1290 1157 1357 πρὸς
1205 1291 1394 1342 ἐπαίνου
1444 1292 1519 1341 καὶ
1567 1296 1718 1352 τοῦτο,
1763 1289 1812 1340 τί
1854 1288 1908 1341 τὸ

326 1372 610 1441 παράδοξον,
650 1377 686 1423 εἰ
721 1374 796 1423 καὶ
836 1371 974 1426 αὐτὸς
1008 1374 1033 1423 ὁ
1072 1377 1167 1423 τῶν
1191 1372 1317 1423 ὅλων
1344 1372 1644 1439 Δημιουργὸς
1680 1371 1824 1442 φειδώ
1858 1394 1908 1423 τε

327 1456 402 1505 καὶ
441 1454 702 1521 οἶκτιρμοὺς
740 1453 958 1518 ἀπονέμει
996 1456 1072 1505 καὶ
1108 1454 1319 1515 τούτοις;

401 1538 544 1587 Οὕτω
583 1535 639 1601 δὴ
673 1535 853 1591 πάντας
893 1537 1122 1587 διέσωσεν
1160 1538 1185 1587 ὃ
1219 1534 1446 1602 Χριστὸς,
1484 1535 1590 1591 δοὺς
1628 1535 1792 1587 ἑαυτὸν
1829 1537 1910 1586 ἇν-

326 1621 547 1685 τίλυτρον
596 1619 710 1686 ὑπὲρ
760 1623 926 1686 μικροῦ
977 1621 1052 1669 καὶ
1102 1618 1326 1684 μεγάλου,
1372 1624 1531 1686 σοφοῦ
1580 1620 1655 1669 καὶ
1705 1618 1908 1687 ἀσόφου,

326 1702 562 1753 πλουσίου
593 1704 669 1752 καὶ
703 1701 912 1766 πένητος,
939 1702 1164 1752 Ἰουδαίου
1195 1703 1271 1752 καὶ
1290 1699 1546 1765 ’Έλληνος,
1574 1699 1611 1770 ᾧ
1636 1703 1712 1751 καὶ
1738 1699 1909 1766 λέγοιτ’

328 1783 386 1834 ἂν
413 1782 601 1838 εἰκότως
628 1790 654 1813 “
672 1783 979 1849 Ἀνθρώπους
1006 1785 1079 1833 καὶ
1112 1782 1256 1847 κτήνη
1282 1783 1456 1836 σώσεις
1484 1782 1642 1850 Κύριε,
1669 1785 1730 1837 ὡς
1756 1782 1907 1847 ἐπλή-

328 1873 355 1895 “
382 1870 523 1919 θυνας
553 1865 607 1917 τὸ
646 1864 776 1919 ε”λεός
802 1888 894 1916 σου
927 1866 951 1916 ὁ
988 1863 1124 1920 Θεός·
1166 1868 1209 1916 οἱ
1240 1864 1288 1916 δὲ
1328 1867 1413 1916 υἱοὶ
1448 1869 1543 1916 τῶν
1571 1865 1830 1932 ἀνθρώπων
1861 1867 1910 1917 ἐν

328 1954 355 1978 “
380 1948 535 2016 σκέπῃ
572 1951 667 1999 τῶν
704 1947 951 2014 πτερύγων
993 1970 1085 1998 σου
1124 1947 1410 2010 ἐλπιοῦσιν,”
1449 1948 1573 2017 αὐτῷ
1611 1948 1639 2012 ἡ
1678 1946 1797 2017 δόξα
1834 1950 1909 1999 καὶ

325 2031 380 2082 τὸ
422 2030 591 2097 κράτος
635 2029 728 2081 σὺν
775 2034 841 2099 τῷ
891 2029 1082 2099 ἀνάρχῳ
1130 2031 1286 2096 Πατρῖ
1337 2031 1413 2080 καὶ
1453 2033 1519 2098 τῷ
1568 2029 1785 2099 παναγίῳ
1833 2033 1910 2082 καὶ

325 2115 492 2183 ἀγαθῷ
524 2115 598 2164 καὶ
633 2112 840 2182 ζωοποιεῖ)
875 2111 1115 2175 Πνεύματι
1150 2114 1211 2165 εἷς
1246 2109 1353 2165 τοὺς
1386 2114 1553 2166 αἰῶνας
1587 2116 1681 2163 τῶν
1715 2111 1907 2165 αἰώνων.

327 2195 502 2261 Ἀμήν.

861 2325 1040 2355 ΤΕΛΟΣ
1080 2325 1183 2354 ΤΟΥ
1223 2325 1372 2355 ῙΩΝΑ.

375 2483 406 2506 2.
432 2469 507 2516 σοι]
532 2474 567 2511 -Ι-
591 2471 642 2504 καὶ
661 2469 753 2504 Edd.
1210 2481 1243 2515 3.
1270 2470 1338 2514 ἔφυ
1358 2470 1400 2505 Β.
1449 2470 1548 2505 αὐτὸς
1564 2476 1785 2515 assumptum
1803 2482 1845 2504 ex
1863 2470 1906 2506 B.

326 2528 359 2564 5.
384 2519 513 2564 ἀνδρῶν
530 2517 589 2551 iid.
818 2526 851 2562 7.
875 2517 966 2560 παρὰ
983 2520 1208 2562 assumptum
1226 2529 1266 2551 ex
1287 2517 1328 2551 B.
1542 2528 1575 2562 9.
1599 2517 1712 2561 μηδέν’
1739 2518 1777 2551 τὸ
1794 2518 1907 2563 γὰρ-

326 2564 431 2610 εἷδὸς]
452 2564 559 2599 οὐδέν·
585 2566 618 2598 τί
633 2564 698 2611 γάρ
713 2564 869 2606 ;-εἷδὼς
886 2564 945 2598 iid.
1093 2575 1146 2610 13.
1172 2563 1291 2610 αὐτοῦ]
1312 2564 1420 2598 αὐτῶν
1439 2563 1499 2598 ἰίἆ.
1660 2575 1714 2607 14.
1741 2565 1826 2600 Θεὸς
1843 2576 1906 2610 pro

327 2612 538 2658 Δημιουργὸς
554 2611 614 2646 iid.
845 2610 898 2645 16.
925 2610 982 2657 δὴ]
1003 2611 1038 2645 δέ
1058 2610 1100 2646 Β.
1333 2622 1387 2646 21.
1415 2610 1533 2646 σκέπει
1550 2610 1609 2645 iid.
1660 2611 1832 2646 ἐλπιοῦσι.
1850 2611 1906 2647 hic

327 2659 494 2694 desinunt
511 2657 571 2694 iid.
773 2668 829 2701 25.
857 2658 915 2692 Sic
934 2657 977 2692 Β.

1933 1066 1979 1091 10

1932 1476 1978 1516 15

1930 1894 1978 1920 20
