2021 3434
309 218 392 258 728
700 218 748 258 B.
794 218 1070 258 CYRILLI
1109 219 1498 260 ALEXANDR.
1634 223 1702 262 vii.
1734 237 1878 279 11—13.

242 357 286 393 13
374 339 442 379 καί
479 339 599 381 ἔσται
637 341 659 380 ἡ
701 345 748 387 Γῆ
784 339 843 381 εἰς
881 341 1124 397 ἀφανισμὸν
1150 341 1256 390 μετὰ
1285 343 1371 384 τῶν
1399 344 1711 385 κατοικούντων
1737 345 1880 395 αὐτὴν,

372 423 419 464 ἐκ
447 423 623 479 καρπῶν
650 424 1003 473 ἐπιτΗὸευμάτων
1030 425 1184 467 αὐτῶν.

378 542 475 594 Διά
512 543 661 607 μέσου
706 544 901 595 τέθειται
942 545 995 596 τὸ
1039 549 1121 610 τῆς
1166 545 1290 596 Σιὼν
1331 545 1608 612 πρόσωπον,
1660 546 1760 611 ἤτοι
1803 550 1885 611 τῆς

302 626 618 692 Ἰερουσαλὴμ
644 627 961 693 τετραμμένης
987 627 1076 693 ἤδη
1101 651 1201 682 πως
1226 627 1344 695 πρὸς
1367 628 1677 694 μετάγνωσιν,
1699 631 1773 679 καὶ
1800 628 1886 692 τὴν

303 707 473 758 ἐλπίδα
510 707 703 773 θεμένης
739 711 813 760 ἐπὶ
841 713 962 779 Θεῷ,
999 711 1335 775 διατεθειμένης
1362 733 1409 760 τε
1436 710 1506 761 ὅτι
1534 712 1607 761 καὶ
1633 710 1879 778 λυτρωθή·
1903 726 1924 764 5

82 792 217 867 ἓέἲῖζῐῗο.
303 811 450 852 σεται,
479 792 553 840 καὶ
580 792 875 856 πατουμένην
901 790 1130 860 ἐπόψεται
1153 791 1239 856 τὴν
1266 793 1600 855 Βαβυλωνίων,
1634 792 1781 843 καίτοι
1807 792 1884 843 λέ-

259 885 286 926 (1
305 893 487 936 γουσαν
511 872 568 941 ἐξ
591 874 851 943 ὑπεροψίας
877 875 993 942 αὐτῇ
1021 882 1047 904 “
1065 878 1170 926 Ποῦ
1197 874 1370 941 Κύριος
1401 876 1426 925 ὁ
1454 873 1575 928 Θεός
1608 897 1698 925 σου
1719 876 1757 935 ;”
1798 873 1885 939 τὴν

303 953 359 1004 δέ
389 977 444 1020 γε
478 959 573 1005 τῶν
604 956 919 1022 προκειμένων
946 956 1152 1008 διάνοιαν
1185 955 1457 1027 ἐφαρμόσαι
1483 980 1552 1010 τις
1578 954 1634 1007 ἂν
1660 957 1763 1024 οὐχὶ
1789 961 1885 1010 τοῖς

303 1034 380 1086 διὰ
403 1036 552 1099 μέσου
577 1042 781 1102 μᾶλλον,
811 1038 942 1090 ἀλλὰ
975 1044 1070 1094 τοῖς
1095 1039 1262 1091 ἀνόπιν
1287 1038 1458 1106 βραχύ·
1500 1043 1611 1090 ποῖα
1637 1038 1685 1089 δὲ
1710 1037 1767 1103 ἦν
1793 1038 1885 1105 ἄρα

302 1121 447 1182 ταυτὶ,
474 1121 527 1170 δι’
557 1121 734 1186 ὀλίγων
755 1121 1103 1186 ὑπομνήσομεν.
1160 1121 1226 1186 μὴ
1254 1121 1347 1188 γὰρ
1374 1121 1429 1186 δὴ
1456 1124 1622 1189 χρῆναι
1648 1121 1883 1172 πιστεύειν
1907 1147 1951 1172 10

81 1204 195 1287 {Tr}
303 1199 469 1256 αὐτοὺς
500 1203 547 1253 ἐν
581 1203 753 1271 φίλοις,
780 1203 895 1268 μήτε
930 1203 1023 1269 μὴν
1050 1204 1249 1271 ἐλπίζειν
1275 1206 1348 1255 ἐπὶ
1383 1203 1652 1270 ἡγουμένοις
1677 1204 1880 1270 προστέ-

302 1305 456 1351 ταχεν.
520 1285 689 1349 ἐδήλου
733 1285 794 1348 δὲ,
839 1285 910 1337 ὅτι
953 1289 1028 1338 καὶ
1076 1287 1267 1353 γύναιον
1308 1285 1392 1351 μὲν
1436 1285 1721 1353 ὀλιγωρήσει
1767 1283 1884 1351 πρὸς

82 1378 133 1410 Ib·
150 1376 182 1408 6.
303 1366 464 1431 ἄνδρα,
503 1368 579 1417 καὶ
621 1366 798 1434 πατρὸς
844 1368 1076 1434 ἀλογήσει
1122 1369 1301 1429 τέκνον,
1345 1370 1419 1419 καὶ
1460 1371 1542 1433 τῆς
1583 1372 1645 1422 εἰς
1683 1369 1884 1435 μητέρας

264 1451 458 1503 θαίδοῦς
495 1447 812 1517 ἀφειδήσουσι
844 1451 1105 1518 θυγατέρες,
1133 1451 1404 1502 καλούντων
1438 1455 1500 1505 εἷς
1537 1456 1674 1502 τοῦτο
1709 1455 1802 1501 τῶν
1833 1453 1882 1501 ἐκ

302 1537 385 1582 τοῦ
418 1532 629 1596 πολέμου
665 1531 905 1597 δειμάτων.
973 1534 1084 1585 ἔνθα
1119 1533 1212 1600 γὰρ
1255 1533 1311 1585 ἂν
1346 1535 1370 1585 ὁ
1409 1540 1490 1585 τοῦ
1528 1537 1693 1585 παθεῖν
1731 1532 1882 1602 φόβος
1906 1556 1950 1594 15

301 1613 422 1664 κατὰ
453 1613 644 1666 πάντων
682 1617 730 1666 ἐν
764 1615 855 1686 ’ίσῳ
894 1618 1107 1685 φαίνοιτο
1145 1616 1336 1684 τρέχων,
1365 1618 1458 1667 ἐκεῖ
1487 1616 1542 1681 δή
1575 1639 1667 1667 που
1697 1615 1882 1669 πάντως

301 1696 487 1767 ἑκάστῳ
514 1699 707 1766 φροντὶς
731 1698 759 1763 ἡ
784 1699 1144 1767 προυργιαιτέρα
1175 1702 1257 1763 τῆς
1291 1699 1456 1753 οἰκείας
1486 1698 1617 1750 ἔσται
1645 1696 1773 1764 ζωῆς,
1800 1700 1881 1762 τῆς

302 1779 459 1846 ἐτέρου
483 1779 669 1834 πάντως
695 1781 1091 1847 κατημελημένης.

379 1863 496 1913 Κατ’
528 1864 670 1914 ἐκεῖνο
709 1863 765 1927 δὴ
805 1865 886 1915 οὖν
921 1866 1045 1933 φησὶ
1083 1869 1165 1915 τοῦ
1204 1869 1379 1932 καιροῦ,
1417 1863 1564 1930 ἤγουν
1594 1864 1692 1914 κατ’
1723 1864 1882 1925 ἐκείνην

301 1943 386 2008 τὴν
417 1945 595 2017 ἡμέραν,
625 1948 730 1998 καθ’
758 1945 816 2010 ἢν
851 1945 907 1997 ἂν
943 1946 1143 2016 ῥᾴθυμοι
1181 1946 1391 2013 γένοιντο
1428 1949 1511 2009 τῆς
1541 1948 1646 2012 περὶ
1680 1945 1881 2012 πατέρας
1903 1975 1950 2000 20

302 2028 648 2096 φιλοστοργίας
674 2031 774 2091 υἱοὶ,
800 2030 1049 2096 θυγατερες
1082 2028 1130 2080 δὲ
1168 2030 1226 2080 αὖ
1259 2032 1341 2093 τῆς
1371 2032 1475 2095 περὶ
1502 2029 1714 2095 μητέρας,
1742 2033 1876 2080 ἀπω-

303 2109 530 2174 σθήσεται
565 2110 623 2162 τὰ
657 2111 836 2181 νόμιμοι,
870 2112 1125 2174 τουτέστιν,
1160 2110 1380 2176 ἀτονήσει
1413 2111 1584 2163 λοιπὸν
1622 2114 1696 2163 καὶ
1736 2113 1761 2162 ὁ
1799 2117 1882 2162 τοῦ

301 2192 562 2258 πρέποντος
588 2193 745 2259 λόγος·
782 2195 836 2245 οὐ
862 2193 955 2261 γὰρ
980 2196 1028 2245 ἐν
1053 2198 1214 2262 σχολῇ
1232 2194 1317 2257 μὲν
1336 2193 1595 2245 αἰτιάσεται
1619 2193 1774 2261 πατὴρ
1799 2193 1882 2245 τὸν

79 2286 167 2320 466
182 2284 232 2320 Α.
262 2295 283 2320 a
300 2272 400 2325 υἱὸν
426 2277 488 2329 ὡς
516 2275 786 2341 ἠμεληκότα
816 2280 892 2328 καὶ
929 2276 1118 2347 φύσεως
1153 2276 1320 2341 νόμων,
1348 2277 1450 2328 οὔτε
1480 2275 1574 2342 μὴν
1604 2281 1699 2331 τοῖς
1725 2278 1774 2328 ἐκ
1799 2283 1882 2328 τοῦ

299 2356 584 2422 καθήκοντος
634 2360 874 2424 ἐπιτιμίοις
919 2359 1146 2425 ὑποθήσει
1192 2358 1427 2426 θυγατέρα
1469 2358 1622 2426 μητὴρ
1665 2366 1875 2425 λελυπη-
1902 2381 1948 2420 25

298 2439 427 2505 μένη,
472 2443 722 2509 φροντίδος
772 2443 928 2509 ἑτέρας
973 2441 1304 2509 ἐπηρτημένης,
1347 2446 1538 2506 μᾶλλον
1588 2441 1637 2494 δὲ
1686 2441 1881 2509 ὀλέθρου

299 2523 375 2572 καὶ
412 2527 507 2574 τῶν
545 2527 608 2577 εἰς
641 2523 784 2591 ἄκρον
817 2529 985 2577 κακῶν.
1050 2525 1324 2592 οἰχήσονται
1348 2523 1442 2591 γὰρ
1478 2528 1540 2578 εἰς
1572 2523 1810 2591 ἐρήμωσιν
1835 2527 1882 2576 αἱ

347 2711 381 2736 2.
406 2701 442 2735 ἐκ
459 2701 503 2736 A.
522 2701 638 2746 (Alex.
654 2701 757 2746 XII.)
776 2702 841 2737 ἀπὸ
860 2702 953 2737 Edd.
972 2702 1068 2747 (Vat.
1086 2703 1159 2737 XII
1177 2703 1266 2749 mg.)
1448 2713 1482 2749 5.
1509 2703 1564 2738 ἐπὶ
1582 2703 1678 2738 deest
1693 2703 1730 2738 in
1747 2704 1792 2738 A.
1843 2704 1880 2738 δέ

298 2759 362 2793 pro
378 2763 415 2782 τε
432 2749 477 2784 A.
805 2749 839 2784 6.
865 2749 990 2795 ὄψεται
1009 2750 1050 2785 Β.
1101 2750 1326 2792 Βαβυλωνίων
1342 2751 1386 2785 A.
1406 2753 1592 2792 Βαβυλῶνα
1611 2750 1703 2785 Edd.
1754 2750 1880 2785 Statim

299 2795 353 2829 καὶ
371 2807 433 2840 pro
449 2795 556 2830 καίτοι
573 2794 633 2830 iid.
902 2808 954 2831 10.
981 2797 1139 2843 βραχέων
1155 2810 1218 2842 pro
1235 2798 1362 2843 ὀλίγων
1378 2798 1421 2832 Α.
1473 2797 1598 2832 Statim
1615 2798 1878 2842 ὑπομνησόμεθα

299 2841 392 2876 Edd.
539 2853 592 2877 12.
611 2843 664 2877 καὶ
681 2842 777 2878 deest
793 2843 830 2878 in
848 2843 891 2878 A.
940 2844 1140 2890 ὠλιγώρησε
1159 2844 1250 2879 Edd.
1269 2845 1386 2879 invitis
1404 2844 1496 2879 AB.
1636 2853 1688 2890 15.
1706 2847 1768 2879 τοῦ
1781 2845 1877 2889 prius

299 2887 395 2922 deest
411 2889 448 2923 in
464 2890 510 2923 A.
558 2888 598 2924 ἂν
614 2897 836 2935 assumptum
853 2903 894 2925 ex
912 2891 1003 2926 A.B.
1101 2902 1155 2926 20.
1181 2891 1327 2936 πατέρας
1345 2892 1387 2926 B.
1403 2891 1532 2936 πατέρα
1550 2891 1642 2926 Edd.
1755 2902 1809 2926 21.
1835 2890 1877 2926 αὖ

297 2935 357 2977 τῆς
372 2936 500 2970 retinui
515 2948 557 2970 ex
576 2936 667 2971 Edd.
686 2938 787 2983 αὐτῆς
803 2937 895 2974 Α.Β.
958 2937 1218 2984 ἇπωσθήσεται]
1237 2937 1467 2982 ἀποθήσονται
1484 2940 1528 2973 Α.
1692 2949 1748 2983 23.
1773 2939 1876 2984 λόγος

295 2989 520 3026 assumptum
536 2995 578 3017 ex
595 2983 687 3018 Α.Β.
1049 2996 1104 3029 24.
1130 2986 1183 3020 καὶ
1200 2986 1344 3021 accessit
1361 2997 1402 3021 ex
1419 2985 1464 3022 A.
1515 2985 1640 3021 Statim
1657 2985 1764 3031 φύσει
1781 2983 1873 3020 Edd.

298 3029 574 3073 repugnantibus
592 3030 683 3066 A.B.
