2021 3434
349 228 434 268 688
765 227 816 267 B.
859 225 1137 268 CYRILLI
1186 225 1568 267 ALEXANDR.
1774 226 1928 281 v.8,9.

347 335 790 405 κατεξανιστάμενοι
815 336 1034 400 δηλονότι
1059 336 1281 402 γενναίως
1304 337 1379 386 καὶ
1408 332 1473 385 ὧν
1499 332 1557 385 ἂν
1581 332 1761 386 ἕλοιντο
1787 357 1929 386 κατα-

347 418 655 484 θρώσκοντες,
701 416 1040 486 ἀντεξάγοντος
1084 417 1267 470 οὐδενὸς
1310 417 1456 483 ἤγουν
1500 416 1747 485 ἐξελέσθαι
1791 420 1928 468 δυνα-

347 500 487 563 μένου
530 498 584 551 τὸ
630 499 949 566 ἡρπασμένον·
1014 502 1039 551 ὁ
1082 499 1167 564 μὲν
1210 499 1303 567 γὰρ
1349 498 1522 565 Κύριος
1564 498 1695 562 ἡμῶν
1740 498 1928 563 Ἰησοῦς

1277 587 1296 595 Α

123 585 283 660 {QZ-Q·
347 581 559 649 Χριστὸς
585 587 679 635 τοῖς
707 582 855 647 ἁγίοις
881 581 1061 650 ἔφασκε
1088 585 1316 646 μαθηταις
1342 579 1507 632 “'lssob
1526 579 1618 646 ἐγὼ
1638 579 1927 632 ἀποστέλλω

348 671 374 694 “
401 666 518 729 ὑμᾶς
556 667 619 718 ὡς
655 663 875 731 πρόβατα
912 666 960 715 ἐν
996 665 1130 734 μέσῳ
1162 664 1359 727 λύκων,”
1399 661 1624 726 τουτέστι,
1663 662 1839 729 πράους
1876 685 1925 714 τε

345 749 421 798 καὶ
457 747 744 815 ὑφειμένους·
812 745 899 798 κᾶν
924 749 960 797 εἰ
987 747 1159 811 ἕτοιμοι
1184 746 1304 813 πρὸς
1336 745 1391 797 τὸ
1429 749 1581 814 φονᾶν
1619 743 1708 796 εἶεν
1741 743 1799 795 ἂν
1832 749 1926 796 τῶν

345 830 394 879 ἐν
417 828 583 898 κόσμῳ
613 828 746 892 τινὲς,
773 831 848 879 καὶ
882 833 939 897 τῇ
971 833 1065 880 τῶν
1103 829 1261 880 λύκων
1299 827 1502 892 ὠμότητι
1539 832 1926 894 παραχωροῦντες

345 910 489 974 οὐδὲν,
518 912 609 980 ἰδίᾳ
636 910 683 962 δὲ
711 910 850 965 αὐτὸς
880 911 1014 978 ἰσχύϊ
1043 910 1126 965 τὰς
1160 915 1254 963 τῶν
1279 910 1612 974 πολεμούντων
1638 907 1926 975 συνθραύσω

342 994 547 1059 καρδίας”
585 992 764 1047 δειλοὺς
785 995 859 1044 καὶ
879 992 1133 1060 ἀνάνδρους
1153 996 1385 1045 ἀποτελῶ·
1424 993 1500 1043 καὶ
1526 991 1653 1043 πολύ
1671 1014 1715 1042 τι
1741 991 1795 1043 τὸ
1820 993 1924 1058 περὶ

343 1076 460 1138 ὑμᾶς
509 1074 773 1142 ἐργάσομαι
823 1075 988 1135 σέβας.
1056 1077 1176 1127 οὕτω
1227 1074 1540 1141 κεκρατήκασι
1588 1077 1683 1125 τῶν
1730 1074 1923 1142 ἐχθρῶν,

343 1157 607 1222 νενικήκασι
633 1156 741 1212 τοὺς
767 1157 1129 1222 ἀνθεστηκότας,
1153 1159 1349 1227 φοβεροὶ
1376 1162 1471 1211 τοῖς
1497 1156 1657 1211 λύκοις
1681 1155 1921 1223 γεγόνασι,

342 1240 489 1290 καίτοι
514 1239 815 1305 προβάτων’
793 1264 842 1291 εν
866 1240 996 1310 τάξει
1022 1241 1233 1305 κείμενοι·
1268 1239 1519 1306 διεδρασαν
1545 1238 1628 1293 τὰς
1653 1237 1922 1302 ἐπιβουλὰς,

122 1343 226 1375 2cor.
237 1343 281 1374 xi
297 1330 324 1370 d
343 1328 369 1351 ‘⁶
400 1322 652 1376 Κινδυνους
692 1327 901 1391 λῃστῶν,
929 1325 990 1376 ὡς
1019 1324 1043 1374 ὁ
1075 1322 1298 1389 μακάριος
1336 1321 1508 1391 γράφει
1536 1325 1744 1384 Παῦλος,
1769 1320 1922 1372 κινδύ-

121 1386 173 1418 ²6
357 1410 501 1458 ‘vom‘
539 1405 589 1455 ἐκ
626 1427 801 1470 γενους,
833 1404 1068 1459 κινδυνους
1106 1406 1153 1455 ἐν
1187 1401 1577 1474 ψευδαδελφοις,”
1618 1405 1694 1455 καὶ
1725 1402 1921 1471 διηρπά-

341 1486 473 1552 ζοντο
510 1485 594 1550 μὲν
620 1488 682 1540 ὡς
715 1485 804 1538 ὑπὸ
838 1485 1042 1538 λεόντων
1066 1490 1112 1538 αἱ
1143 1491 1237 1538 τῶν
1263 1488 1408 1538 ἐθνῶν
1434 1485 1618 1552 ἀγέλαι·
1667 1486 1693 1536 ὃ
1720 1485 1767 1537 δὲ
1791 1487 1920 1540 ἰδίοις

340 1568 481 1623 αὐτὰς
523 1568 762 1633 θελήμασι
801 1568 1172 1634 καταβοσκήσας
1209 1592 1271 1623 εις
1308 1569 1506 1635 ὄλεθρον
1546 1573 1768 1643 σατανᾶς,
1808 1569 1919 1620 ἐπα-

339 1674 497 1715 μυνειν
528 1653 610 1703 οὐκ
639 1650 772 1720 εἶχεν,
801 1653 904 1703 οὔτε
931 1650 1024 1717 μὴν
1049 1654 1289 1703 ἐκσπᾶσαι
1315 1654 1481 1719 χειρῶν
1507 1653 1839 1702 ἀποστολικῶν
1864 1652 1918 1703 τὸ

340 1733 618 1797 ειλημμενον
652 1738 713 1788 εἰς
749 1758 1000 1800 σωτηριαν.
1058 1758 1132 1785 και
1170 1740 1308 1785 τοῦτο
1342 1732 1399 1798 ἧν
1427 1733 1518 1800 ἄρα
1540 1756 1595 1784 το
1629 1732 1747 1800 πρὸς
1778 1733 1919 1785 αὐτον

1144 1815 1155 1831 Ι

118 1830 223 1905 ὁΑῑὲειο.
243 1830 276 1862 ii.
341 1838 576 1882 ειρημενον
611 1814 686 1867 δια
721 1819 881 1885 φωνης
907 1817 1191 1880 Ἀμβακουμ
1227 1823 1254 1846 “
1276 1816 1397 1867 Ουαι
1432 1816 1456 1866 ὁ
1491 1815 1794 1879 πληθυνων
1772 1820 1919 1886 εαυτῷ

185 1899 191 1906 ’
343 1904 370 1927 “
394 1897 453 1948 τὰ
487 1900 567 1949 οὐκ
603 1897 715 1950 ὅντα
750 1899 905 1950 αὐτοῦ·
951 1898 1034 1952 ἕως
1068 1898 1220 1961 τίνος;
1281 1900 1355 1949 καὶ
1388 1897 1607 1965 βαρύνων
1640 1897 1722 1949 τὸν
1755 1897 1917 1950 κλοιὸν

301 2003 323 2030 e
342 1986 369 2009 ‘⁶
395 1982 537 2032 αὑτοῦ
567 1985 821 2048 στιβαρῶς,
849 1980 919 2032 ὅτι
955 1981 1179 2050 ἐξαίφνης
1211 1979 1562 2044 ἀναστήσονται
1599 1984 1641 2032 οἱ
1673 1979 1916 2035 δάκνοντες

340 2070 367 2093 “
392 2062 545 2126 αὐτὸν,
574 2065 647 2114 καὶ
675 2062 964 2131 ἐκνήψουσιν
990 2067 1031 2114 οἱ
1063 2064 1309 2125 ἐπίβουλοί
1337 2086 1442 2125 σου,
1470 2064 1545 2113 καὶ
1570 2062 1657 2131 ε”σῃ
1693 2067 1756 2118 εἰς
1789 2066 1916 2130 διαρ-

337 2153 365 2176 “
388 2143 547 2212 παγὴν
581 2146 750 2200 αὐτοῖς.
815 2145 885 2198 ὅτι
925 2144 990 2197 σὺ
1027 2145 1319 2199 ἐσκύλευσας
1355 2146 1463 2209 ε”θνη
1495 2144 1674 2208 πολλὰ,
1705 2145 1910 2197 σκυλεύ-

338 2235 364 2258 “
389 2229 539 2279 σουσί
560 2251 617 2279 σε
643 2227 814 2283 πάντες
841 2232 882 2280 οἱ
910 2228 1294 2291 ὑπολελειμμένοι
1319 2228 1471 2279 λαοί.”
1525 2228 1805 2280 κατέδακνον
1830 2227 1915 2291 μὲν

335 2310 428 2377 γὰρ
453 2314 496 2361 οἱ
522 2309 656 2374 ὀκτὼ,
685 2313 759 2362 καὶ
787 2312 1033 2382 διήρπαζον
1058 2314 1114 2366 ὡς
1139 2310 1320 2379 σκύμνοι
1347 2310 1406 2361 τὰ
1431 2311 1539 2377 παρ’
1568 2312 1738 2363 ἐκείνου
1769 2334 1913 2377 συνη-

335 2393 607 2459 θροισμένα·
645 2392 968 2460 συναγήγερκε
994 2392 1087 2460 γὰρ
1113 2394 1260 2462 ἑαυτῷ
1281 2392 1340 2444 τὰ
1364 2393 1447 2444 οὐκ
1473 2392 1585 2444 ὅντα
1611 2394 1767 2457 αὐτοῦ,
1788 2397 1913 2446 Θεοῦ

385 2575 461 2608 1-3.
489 2563 586 2598 Haec
605 2564 658 2598 καὶ
675 2564 720 2598 ὧν
735 2563 862 2598 ἂν-τὸ
880 2563 1098 2609 ’ἡρπασμένον
1113 2569 1334 2598 accesserunt
1351 2575 1391 2597 ex
1410 2563 1454 2598 A.
1690 2575 1722 2606 4.
1748 2564 1912 2609 μαθηταῖς

333 2611 486 2655 ἔφασκεν
502 2611 640 2645 inverso
657 2611 778 2645 ordine
795 2612 838 2646 A.
1060 2619 1093 2653 5.
1120 2626 1156 2645 τε
1173 2611 1217 2644 A.
1235 2611 1295 2656 μὲν
1313 2610 1405 2645 Edd.
1629 2610 1709 2644 6-8.
1738 2610 1835 2645 Haec
1852 2611 1912 2646 κᾶν

333 2658 688 2703 εἰ-παραχωροῦντες
705 2658 802 2692 οὐδὲν
818 2663 1038 2692 accesserunt
1055 2670 1095 2691 ex
1115 2658 1158 2691 A.
1425 2657 1457 2691 8.
1485 2657 1539 2690 διὰ
1556 2668 1618 2701 pro
1636 2657 1702 2702 ἰδίᾳ
1719 2658 1765 2692 Α.
1813 2659 1912 2694 αὐτὸς

333 2703 431 2750 ἰσχύϊ
449 2705 490 2739 Β.
518 2706 598 2739 αὐτὸ
625 2704 737 2750 ἰσχύει
755 2706 799 2739 A.
825 2705 938 2740 αὐτοῖς
963 2704 1063 2750 ι’σχὺς
1089 2704 1181 2739 Edd.
1229 2703 1483 2749 πολεμούντων]
1504 2708 1540 2744 -1-
1561 2704 1673 2739 αὐτοῖς
1690 2704 1733 2738 A.
1785 2704 1911 2740 Statim

333 2751 537 2796 συνθραύσω
557 2752 599 2786 Β.
618 2752 824 2797 συνθραύσει
842 2752 886 2786 A.
906 2751 997 2786 Edd.
1165 2763 1197 2796 9.
1226 2752 1322 2786 Haec
1339 2751 1470 2786 δειλοὺς
1487 2751 1540 2784 καὶ
1557 2750 1738 2796 ἀνάνδρους
1755 2751 1910 2787 ἀποτελῶ

336 2797 512 2843 [ἀποτελεῖ
529 2798 630 2838 Cod.,
649 2800 782 2833 correxi
799 2799 842 2832 ad
860 2810 1046 2844 personam
1064 2799 1225 2843 primam,
1244 2810 1284 2832 ex
1302 2798 1461 2842 analogia
1479 2796 1540 2842 Β.]
1567 2803 1786 2832 accesserunt
1805 2810 1844 2832 ex
1864 2800 1908 2834 A.

337 2856 388 2879 10.
415 2846 499 2889 ὑμᾶς
523 2845 711 2891 ἐργάσομαι
738 2846 780 2880 Β.
809 2846 928 2882 αὐτοὺς
954 2845 1155 2891 ἐργάζεσθαι
1179 2846 1223 2880 Α.
1249 2845 1322 2879 αὐτ.
1349 2845 1521 2889 ἐργάζεται
1553 2844 1644 2878 Edd.
1694 2848 1759 2879 τῶν
1775 2857 1845 2880 om.
1863 2846 1908 2881 A.

336 2902 389 2926 11.
414 2893 658 2937 ἀντεστηκότας
676 2892 769 2927 Edd.
964 2902 1017 2937 15.
1042 2891 1124 2937 ὑπὸ]
1149 2897 1186 2933 -ὖ-
1206 2896 1272 2926 τῶν
1289 2891 1380 2927 Edd.
1398 2892 1506 2926 invito
1523 2891 1567 2926 A.
1616 2891 1702 2927 ι’δίας
1719 2891 1810 2927 Edd.
1829 2900 1909 2927 ante

334 2938 467 2982 Migne.
671 2940 725 2974 16.
751 2937 832 2975 εἰοις
849 2939 950 2975 αὐτὰς
967 2939 1056 2984 (Sic)
1073 2951 1136 2984 pro
1154 2939 1201 2975 εἷς
1217 2938 1361 2984 ὄλεθρον
1376 2938 1421 2972 Α.
1613 2949 1665 2990 19.
1690 2937 1904 2992 Ἀμβακούμ]

332 2984 452 3027 ἡσαίου
472 2986 513 3020 Β.
813 2997 868 3021 20.
894 2987 996 3020 αὐτοῦ
1013 2987 1057 3020 A.
1076 2987 1164 3031 αὐτῷ
1185 2985 1275 3020 Edd.
1324 2984 1455 3031 κλοιὸν]
1474 2985 1583 3028 πηλὸν
1600 2984 1659 3020 iid.
1678 2985 1796 3021 invitis
1813 2986 1857 3022 A.
1863 2987 1904 3022 B.

333 3030 388 3065 26.
414 3033 519 3079 ἑαυτῷ
537 3033 580 3068 A.
587 3032 628 3068 Β.
647 3033 734 3067 αὐτῶ
755 3033 847 3068 Edd.
896 3034 984 3080 αὐτῷ
1003 3045 1066 3078 pro
1084 3033 1186 3067 αὐτοῦ
1202 3032 1262 3068 iid.

1944 682 1968 723 5

1937 1925 1985 1950 20

2009 505 2014 524 ..
2009 315 2021 455 .μ-..-Ῡ.--Α
2009 184 2016 314 *aa—n...-
2012 165 2016 177 η
2011 10 2021 155 κ--η-ς,
2011 0 2021 15 „-

1946 1095 1993 1121 10
