<?xml version="1.0" encoding="UTF-8"?>
<!DOCTYPE html PUBLIC "-//W3C//DTD XHTML 1.0 Transitional//EN"
    "http://www.w3.org/TR/xhtml1/DTD/xhtml1-transitional.dtd">
<html xmlns="http://www.w3.org/1999/xhtml" xml:lang="en" lang="en">
 <head>
  <title>
</title>
<meta http-equiv="Content-Type" content="text/html;charset=utf-8" />
  <meta name='ocr-system' content='tesseract 3.04.00' />
  <meta name='ocr-capabilities' content='ocr_page ocr_carea ocr_par ocr_line ocrx_word'/>
</head>
<body>
  <div class='ocr_page' id='page_1' title='image "./operacyrilli01cyriuoft_0296.png"; bbox 0 0 2021 3434; ppageno 0'>
   <div class='ocr_carea' id='block_1_1' title="bbox 285 133 1855 187">
    <p class='ocr_par' dir='ltr' id='par_1_1' title="bbox 285 133 1855 187">
     <span class='ocr_line' id='line_1_1' title="bbox 285 133 1855 187; baseline -0.001 -13"><span class='ocrx_word' id='word_1_1' title='bbox 285 136 369 175; x_wconf 79' lang='lat'>256</span> <span class='ocrx_word' id='word_1_2' title='bbox 674 138 723 178; x_wconf 92' lang='lat' dir='ltr'>B.</span> <span class='ocrx_word' id='word_1_3' title='bbox 767 138 1039 178; x_wconf 87' lang='lat' dir='ltr'>CYRILLI</span> <span class='ocrx_word' id='word_1_4' title='bbox 1078 136 1462 178; x_wconf 88' lang='lat' dir='ltr'><strong>ALEXANDR.</strong></span> <span class='ocrx_word' id='word_1_5' title='bbox 1693 133 1855 187; x_wconf 77' lang='lat' dir='ltr'>xii.13.</span> 
     </span>
    </p>
   </div>
   <div class='ocr_carea' id='block_1_2' title="bbox 53 241 1928 2118">
    <p class='ocr_par' dir='ltr' id='par_1_2' title="bbox 53 241 1928 1789">
     <span class='ocr_line' id='line_1_2' title="bbox 283 241 1857 314; baseline -0.002 -20"><span class='ocrx_word' id='word_1_6' title='bbox 283 246 444 310; x_wconf 84' lang='grc' dir='ltr'>χρῆμα</span> <span class='ocrx_word' id='word_1_7' title='bbox 477 243 594 310; x_wconf 81' lang='grc' dir='ltr'>πρὸς</span> <span class='ocrx_word' id='word_1_8' title='bbox 627 245 823 314; x_wconf 77' lang='grc' dir='ltr'>ἔλεγχον</span> <span class='ocrx_word' id='word_1_9' title='bbox 852 249 935 311; x_wconf 84' lang='grc' dir='ltr'>τῆς</span> <span class='ocrx_word' id='word_1_10' title='bbox 971 247 1045 298; x_wconf 78' lang='grc' dir='ltr'>ἐπὶ</span> <span class='ocrx_word' id='word_1_11' title='bbox 1081 247 1320 312; x_wconf 82' lang='grc' dir='ltr'>μεγίστοις</span> <span class='ocrx_word' id='word_1_12' title='bbox 1355 245 1581 314; x_wconf 77' lang='grc' dir='ltr'>ῥᾳθυμίας</span> <span class='ocrx_word' id='word_1_13' title='bbox 1617 247 1710 294; x_wconf 82' lang='grc' dir='ltr'>τῶν</span> <span class='ocrx_word' id='word_1_14' title='bbox 1748 241 1857 292; x_wconf 80' lang='grc' dir='ltr'>δέκα</span> 
     </span>
     <span class='ocr_line' id='line_1_3' title="bbox 285 321 1857 393; baseline -0.001 -18"><span class='ocrx_word' id='word_1_15' title='bbox 285 329 467 392; x_wconf 82' lang='grc' dir='ltr'>φυλῶν.</span> <span class='ocrx_word' id='word_1_16' title='bbox 530 330 629 379; x_wconf 83' lang='grc' dir='ltr'>πῶς</span> <span class='ocrx_word' id='word_1_17' title='bbox 668 326 760 393; x_wconf 80' lang='grc' dir='ltr'>γὰρ</span> <span class='ocrx_word' id='word_1_18' title='bbox 807 328 889 378; x_wconf 84' lang='grc' dir='ltr'>οὑκ</span> <span class='ocrx_word' id='word_1_19' title='bbox 927 327 986 378; x_wconf 80' lang='grc' dir='ltr'>ἀν</span> <span class='ocrx_word' id='word_1_20' title='bbox 1031 326 1264 393; x_wconf 87' lang='grc' dir='ltr'>ἀγάσαιτό</span> <span class='ocrx_word' id='word_1_21' title='bbox 1306 349 1375 380; x_wconf 88' lang='grc' dir='ltr'>τις</span> <span class='ocrx_word' id='word_1_22' title='bbox 1425 325 1507 376; x_wconf 80' lang='grc' dir='ltr'>τὸν</span> <span class='ocrx_word' id='word_1_23' title='bbox 1544 324 1731 387; x_wconf 84' lang='grc' dir='ltr'>Ἰακὼβ,</span> <span class='ocrx_word' id='word_1_24' title='bbox 1775 321 1857 374; x_wconf 81' lang='grc' dir='ltr'>τὸν</span> 
     </span>
     <span class='ocr_line' id='line_1_4' title="bbox 284 405 1857 473; baseline -0.001 -18"><span class='ocrx_word' id='word_1_25' title='bbox 284 408 404 456; x_wconf 80' lang='grc' dir='ltr'>οὕτω</span> <span class='ocrx_word' id='word_1_26' title='bbox 430 406 596 473; x_wconf 82' lang='grc' dir='ltr'>πικρὸν</span> <span class='ocrx_word' id='word_1_27' title='bbox 622 410 698 459; x_wconf 78' lang='grc' dir='ltr'>καὶ</span> <span class='ocrx_word' id='word_1_28' title='bbox 724 408 978 460; x_wconf 81' lang='grc' dir='ltr'>δύσοιστον</span> <span class='ocrx_word' id='word_1_29' title='bbox 1004 408 1273 460; x_wconf 87' lang='grc' dir='ltr'>ἀνατλάντα</span> <span class='ocrx_word' id='word_1_30' title='bbox 1296 406 1453 470; x_wconf 84' lang='grc' dir='ltr'>πόνον,</span> <span class='ocrx_word' id='word_1_31' title='bbox 1474 408 1550 458; x_wconf 79' lang='grc' dir='ltr'>καὶ</span> <span class='ocrx_word' id='word_1_32' title='bbox 1574 405 1627 457; x_wconf 82' lang='grc' dir='ltr'>τὸ</span> <span class='ocrx_word' id='word_1_33' title='bbox 1655 405 1857 465; x_wconf 84' lang='grc' dir='ltr'>θητεύειν</span> 
     </span>
     <span class='ocr_line' id='line_1_5' title="bbox 283 487 1853 560; baseline -0.001 -24"><span class='ocrx_word' id='word_1_34' title='bbox 283 491 349 555; x_wconf 73' lang='grc' dir='ltr'>τῷ</span> <span class='ocrx_word' id='word_1_35' title='bbox 374 488 544 550; x_wconf 81' lang='grc' dir='ltr'>Λάβαν</span> <span class='ocrx_word' id='word_1_36' title='bbox 570 491 623 540; x_wconf 84' lang='grc' dir='ltr'>οὐ</span> <span class='ocrx_word' id='word_1_37' title='bbox 647 490 1057 557; x_wconf 82' lang='grc' dir='ltr'>παραιτησάμενον</span> <span class='ocrx_word' id='word_1_38' title='bbox 1083 494 1156 543; x_wconf 80' lang='grc' dir='ltr'>ἐπὶ</span> <span class='ocrx_word' id='word_1_39' title='bbox 1181 491 1367 560; x_wconf 73' lang='grc' dir='ltr'>γυναιξὶ</span> <span class='ocrx_word' id='word_1_40' title='bbox 1400 491 1474 541; x_wconf 76' lang='grc' dir='ltr'>καὶ</span> <span class='ocrx_word' id='word_1_41' title='bbox 1507 487 1673 555; x_wconf 81' lang='grc' dir='ltr'>γάμοις</span> <span class='ocrx_word' id='word_1_42' title='bbox 1694 509 1704 548; x_wconf 93' lang='grc'><strong>;</strong></span> <span class='ocrx_word' id='word_1_43' title='bbox 1746 487 1853 536; x_wconf 90' lang='grc' dir='ltr'>ἀλλ’</span> 
     </span>
     <span class='ocr_line' id='line_1_6' title="bbox 237 566 1897 641; baseline 0.002 -22"><span class='ocrx_word' id='word_1_44' title='bbox 237 578 264 618; x_wconf 85' lang='lat' dir='ltr'><strong>b</strong></span> <span class='ocrx_word' id='word_1_45' title='bbox 284 573 321 620; x_wconf 86' lang='grc' dir='ltr'>εὶ</span> <span class='ocrx_word' id='word_1_46' title='bbox 359 572 435 620; x_wconf 86' lang='grc' dir='ltr'>καὶ</span> <span class='ocrx_word' id='word_1_47' title='bbox 474 571 636 637; x_wconf 78' lang='grc' dir='ltr'>μικρὸς</span> <span class='ocrx_word' id='word_1_48' title='bbox 670 577 836 641; x_wconf 86' lang='grc' dir='ltr'>κομιδῇ</span> <span class='ocrx_word' id='word_1_49' title='bbox 872 580 953 625; x_wconf 88' lang='grc' dir='ltr'>τοῦ</span> <span class='ocrx_word' id='word_1_50' title='bbox 984 573 1279 641; x_wconf 83' lang='grc' dir='ltr'>προπάτορος</span> <span class='ocrx_word' id='word_1_51' title='bbox 1308 574 1333 623; x_wconf 89' lang='grc' dir='ltr'>ὁ</span> <span class='ocrx_word' id='word_1_52' title='bbox 1367 570 1549 635; x_wconf 83' lang='grc' dir='ltr'>μισθός·</span> <span class='ocrx_word' id='word_1_53' title='bbox 1588 568 1738 635; x_wconf 80' lang='grc' dir='ltr'>γάμος</span> <span class='ocrx_word' id='word_1_54' title='bbox 1764 566 1856 634; x_wconf 78' lang='grc' dir='ltr'>γὰρ</span> <span class='ocrx_word' id='word_1_55' title='bbox 1876 585 1897 623; x_wconf 89' lang='grc'>5</span> 
     </span>
     <span class='ocr_line' id='line_1_7' title="bbox 282 651 1858 725; baseline -0.001 -23"><span class='ocrx_word' id='word_1_56' title='bbox 282 651 353 715; x_wconf 78' lang='grc' dir='ltr'>ἦν,</span> <span class='ocrx_word' id='word_1_57' title='bbox 380 654 443 707; x_wconf 86' lang='grc' dir='ltr'>ὡς</span> <span class='ocrx_word' id='word_1_58' title='bbox 480 653 615 721; x_wconf 73' lang='grc' dir='ltr'>ἔφην·</span> <span class='ocrx_word' id='word_1_59' title='bbox 657 654 786 718; x_wconf 86' lang='grc' dir='ltr'>πλὴν</span> <span class='ocrx_word' id='word_1_60' title='bbox 817 653 1078 725; x_wconf 72' lang='grc' dir='ltr'>ἐφυλάξατο</span> <span class='ocrx_word' id='word_1_61' title='bbox 1109 657 1184 706; x_wconf 80' lang='grc' dir='ltr'>καὶ</span> <span class='ocrx_word' id='word_1_62' title='bbox 1218 653 1435 721; x_wconf 87' lang='grc' dir='ltr'>τετήρηκε</span> <span class='ocrx_word' id='word_1_63' title='bbox 1472 651 1557 717; x_wconf 86' lang='grc' dir='ltr'>τὴν</span> <span class='ocrx_word' id='word_1_64' title='bbox 1593 653 1756 703; x_wconf 89' lang='grc' dir='ltr'>πίστιν</span> <span class='ocrx_word' id='word_1_65' title='bbox 1791 654 1858 719; x_wconf 76' lang='grc' dir='ltr'>τῷ</span> 
     </span>
     <span class='ocr_line' id='line_1_8' title="bbox 281 730 1858 807; baseline -0.001 -23"><span class='ocrx_word' id='word_1_66' title='bbox 281 732 365 785; x_wconf 83' lang='grc' dir='ltr'>τὸν</span> <span class='ocrx_word' id='word_1_67' title='bbox 402 735 556 800; x_wconf 88' lang='grc' dir='ltr'>γάμον</span> <span class='ocrx_word' id='word_1_68' title='bbox 593 737 916 807; x_wconf 77' lang='grc' dir='ltr'>ὑπεσχημένῳ.</span> <span class='ocrx_word' id='word_1_69' title='bbox 977 736 1208 802; x_wconf 87' lang='grc' dir='ltr'>πεπόνηκε</span> <span class='ocrx_word' id='word_1_70' title='bbox 1245 736 1291 787; x_wconf 82' lang='grc' dir='ltr'>δὲ</span> <span class='ocrx_word' id='word_1_71' title='bbox 1327 735 1429 787; x_wconf 83' lang='grc' dir='ltr'>οὐδὲ</span> <span class='ocrx_word' id='word_1_72' title='bbox 1467 737 1540 787; x_wconf 81' lang='grc' dir='ltr'>ἐπὶ</span> <span class='ocrx_word' id='word_1_73' title='bbox 1579 734 1742 787; x_wconf 80' lang='grc' dir='ltr'>οἰκείας</span> <span class='ocrx_word' id='word_1_74' title='bbox 1771 730 1858 784; x_wconf 89' lang='grc' dir='ltr'>πό-</span> 
     </span>
     <span class='ocr_line' id='line_1_9' title="bbox 281 814 1855 884; baseline 0 -19"><span class='ocrx_word' id='word_1_75' title='bbox 281 824 399 870; x_wconf 88' lang='grc' dir='ltr'>λεως</span> <span class='ocrx_word' id='word_1_76' title='bbox 432 814 460 881; x_wconf 83' lang='grc' dir='ltr'>ὴ</span> <span class='ocrx_word' id='word_1_77' title='bbox 487 820 575 883; x_wconf 84' lang='grc' dir='ltr'>γῆς</span> <span class='ocrx_word' id='word_1_78' title='bbox 609 816 637 882; x_wconf 80' lang='grc' dir='ltr'>ἢ</span> <span class='ocrx_word' id='word_1_79' title='bbox 673 819 845 882; x_wconf 83' lang='grc' dir='ltr'>ἑστίας,</span> <span class='ocrx_word' id='word_1_80' title='bbox 872 819 980 869; x_wconf 88' lang='grc' dir='ltr'>ἀλλ’</span> <span class='ocrx_word' id='word_1_81' title='bbox 1010 817 1073 870; x_wconf 78' lang='grc' dir='ltr'>ὧν</span> <span class='ocrx_word' id='word_1_82' title='bbox 1107 817 1353 884; x_wconf 87' lang='grc' dir='ltr'>ἐπηλύτης,</span> <span class='ocrx_word' id='word_1_83' title='bbox 1385 819 1461 868; x_wconf 85' lang='grc' dir='ltr'>καὶ</span> <span class='ocrx_word' id='word_1_84' title='bbox 1499 817 1749 882; x_wconf 81' lang='grc' dir='ltr'>διατρίβων</span> <span class='ocrx_word' id='word_1_85' title='bbox 1786 814 1855 866; x_wconf 87' lang='grc' dir='ltr'>ἐπ’</span> 
     </span>
     <span class='ocr_line' id='line_1_10' title="bbox 282 896 1857 965; baseline -0.001 -17"><span class='ocrx_word' id='word_1_86' title='bbox 282 899 574 964; x_wconf 82' lang='grc' dir='ltr'>ἀλλοδαπῆς.</span> <span class='ocrx_word' id='word_1_87' title='bbox 642 903 717 952; x_wconf 79' lang='grc' dir='ltr'>καὶ</span> <span class='ocrx_word' id='word_1_88' title='bbox 754 899 811 965; x_wconf 81' lang='grc' dir='ltr'>ἧν</span> <span class='ocrx_word' id='word_1_89' title='bbox 849 900 934 964; x_wconf 83' lang='grc' dir='ltr'>μὲν</span> <span class='ocrx_word' id='word_1_90' title='bbox 970 907 1175 955; x_wconf 89' lang='grc' dir='ltr'>τοιοῦτος</span> <span class='ocrx_word' id='word_1_91' title='bbox 1213 902 1238 951; x_wconf 83' lang='grc' dir='ltr'>ὁ</span> <span class='ocrx_word' id='word_1_92' title='bbox 1267 898 1452 962; x_wconf 81' lang='grc' dir='ltr'>Ἰακὼβ,</span> <span class='ocrx_word' id='word_1_93' title='bbox 1490 899 1658 962; x_wconf 74' lang='grc' dir='ltr'>ἴδωμεν</span> <span class='ocrx_word' id='word_1_94' title='bbox 1696 896 1744 948; x_wconf 84' lang='grc' dir='ltr'>δὲ</span> <span class='ocrx_word' id='word_1_95' title='bbox 1781 899 1857 948; x_wconf 81' lang='grc' dir='ltr'>καὶ</span> 
     </span>
     <span class='ocr_line' id='line_1_11' title="bbox 280 978 1928 1051; baseline -0.001 -21"><span class='ocrx_word' id='word_1_96' title='bbox 280 979 338 1030; x_wconf 78' lang='grc' dir='ltr'>τὰ</span> <span class='ocrx_word' id='word_1_97' title='bbox 381 986 475 1032; x_wconf 81' lang='grc' dir='ltr'>τῶν</span> <span class='ocrx_word' id='word_1_98' title='bbox 516 982 572 1051; x_wconf 78' lang='grc' dir='ltr'>ἐξ</span> <span class='ocrx_word' id='word_1_99' title='bbox 600 982 800 1049; x_wconf 81' lang='grc' dir='ltr'>Ἰσραὴλ</span> <span class='ocrx_word' id='word_1_100' title='bbox 839 982 1125 1049; x_wconf 85' lang='grc' dir='ltr'>ἐγκλήματα.</span> <span class='ocrx_word' id='word_1_101' title='bbox 1188 984 1270 1034; x_wconf 82' lang='grc' dir='ltr'>οὐκ</span> <span class='ocrx_word' id='word_1_102' title='bbox 1311 986 1372 1037; x_wconf 81' lang='grc' dir='ltr'>εἷς</span> <span class='ocrx_word' id='word_1_103' title='bbox 1414 982 1595 1033; x_wconf 85' lang='grc' dir='ltr'>ὀθνειάν</span> <span class='ocrx_word' id='word_1_104' title='bbox 1631 978 1857 1043; x_wconf 75' lang='grc' dir='ltr'>ἐπέμπετο</span> <span class='ocrx_word' id='word_1_105' title='bbox 1880 1002 1928 1028; x_wconf 91' lang='lat'>10</span> 
     </span>
     <span class='ocr_line' id='line_1_12' title="bbox 280 1061 1857 1135; baseline 0.001 -22"><span class='ocrx_word' id='word_1_106' title='bbox 280 1064 382 1126; x_wconf 79' lang='grc' dir='ltr'>γῆν·</span> <span class='ocrx_word' id='word_1_107' title='bbox 423 1064 533 1114; x_wconf 89' lang='grc' dir='ltr'>ἀλλ’</span> <span class='ocrx_word' id='word_1_108' title='bbox 559 1066 607 1114; x_wconf 86' lang='grc' dir='ltr'>ἐν</span> <span class='ocrx_word' id='word_1_109' title='bbox 633 1064 903 1132; x_wconf 86' lang='grc' dir='ltr'>δορικτήτου</span> <span class='ocrx_word' id='word_1_110' title='bbox 934 1067 1073 1135; x_wconf 75' lang='grc' dir='ltr'>μοίρᾳ</span> <span class='ocrx_word' id='word_1_111' title='bbox 1098 1065 1312 1128; x_wconf 84' lang='grc' dir='ltr'>κείμενος,</span> <span class='ocrx_word' id='word_1_112' title='bbox 1340 1063 1544 1128; x_wconf 86' lang='grc' dir='ltr'>θητεύων</span> <span class='ocrx_word' id='word_1_113' title='bbox 1571 1061 1857 1128; x_wconf 78' lang='grc' dir='ltr'>Αἰγυπτίοις,</span> 
     </span>
     <span class='ocr_line' id='line_1_13' title="bbox 280 1144 1858 1214; baseline -0.001 -21"><span class='ocrx_word' id='word_1_114' title='bbox 280 1146 355 1194; x_wconf 77' lang='grc' dir='ltr'>καὶ</span> <span class='ocrx_word' id='word_1_115' title='bbox 385 1144 590 1208; x_wconf 76' lang='grc' dir='ltr'>ἄμισθον</span> <span class='ocrx_word' id='word_1_116' title='bbox 627 1147 869 1209; x_wconf 82' lang='grc' dir='ltr'>ὑπομένων</span> <span class='ocrx_word' id='word_1_117' title='bbox 907 1146 1077 1214; x_wconf 78' lang='grc' dir='ltr'>ἱδρῶτά</span> <span class='ocrx_word' id='word_1_118' title='bbox 1113 1169 1240 1209; x_wconf 79' lang='grc' dir='ltr'>ποτε,</span> <span class='ocrx_word' id='word_1_119' title='bbox 1267 1145 1455 1209; x_wconf 87' lang='grc' dir='ltr'>δυνάμει</span> <span class='ocrx_word' id='word_1_120' title='bbox 1482 1148 1606 1195; x_wconf 79' lang='grc' dir='ltr'>Θεοῦ</span> <span class='ocrx_word' id='word_1_121' title='bbox 1644 1146 1726 1207; x_wconf 83' lang='grc' dir='ltr'>τῆς</span> <span class='ocrx_word' id='word_1_122' title='bbox 1763 1146 1858 1194; x_wconf 80' lang='grc' dir='ltr'>τῶν</span> 
     </span>
     <span class='ocr_line' id='line_1_14' title="bbox 280 1227 1858 1297; baseline 0 -21"><span class='ocrx_word' id='word_1_123' title='bbox 280 1228 684 1280; x_wconf 87' lang='grc' dir='ltr'>πλεονεκτούντων</span> <span class='ocrx_word' id='word_1_124' title='bbox 728 1229 1056 1293; x_wconf 83' lang='grc' dir='ltr'>ἀπηλλάττετο</span> <span class='ocrx_word' id='word_1_125' title='bbox 1096 1229 1263 1297; x_wconf 80' lang='grc' dir='ltr'>χώρας,</span> <span class='ocrx_word' id='word_1_126' title='bbox 1304 1230 1380 1280; x_wconf 79' lang='grc' dir='ltr'>καὶ</span> <span class='ocrx_word' id='word_1_127' title='bbox 1419 1227 1620 1293; x_wconf 72' lang='grc' dir='ltr'>ἐκάθιζεν</span> <span class='ocrx_word' id='word_1_128' title='bbox 1661 1229 1724 1280; x_wconf 78' lang='grc' dir='ltr'>εἰς</span> <span class='ocrx_word' id='word_1_129' title='bbox 1767 1229 1858 1292; x_wconf 83' lang='grc' dir='ltr'>γῆν</span> 
     </span>
     <span class='ocr_line' id='line_1_15' title="bbox 239 1307 1857 1378; baseline 0 -20"><span class='ocrx_word' id='word_1_130' title='bbox 239 1327 261 1353; x_wconf 82' lang='lat' dir='ltr'>e</span> <span class='ocrx_word' id='word_1_131' title='bbox 281 1307 366 1372; x_wconf 86' lang='grc' dir='ltr'>τὴν</span> <span class='ocrx_word' id='word_1_132' title='bbox 384 1314 479 1362; x_wconf 80' lang='grc' dir='ltr'>τοῖς</span> <span class='ocrx_word' id='word_1_133' title='bbox 502 1310 740 1377; x_wconf 87' lang='grc' dir='ltr'>πατράσιν</span> <span class='ocrx_word' id='word_1_134' title='bbox 765 1311 1135 1377; x_wconf 71' lang='grc' dir='ltr'>ἐπηγγελμένην.</span> <span class='ocrx_word' id='word_1_135' title='bbox 1187 1312 1240 1361; x_wconf 82' lang='grc' dir='ltr'>οὐ</span> <span class='ocrx_word' id='word_1_136' title='bbox 1264 1309 1413 1377; x_wconf 87' lang='grc' dir='ltr'>γάμος</span> <span class='ocrx_word' id='word_1_137' title='bbox 1436 1307 1492 1373; x_wconf 80' lang='grc' dir='ltr'>ἧν</span> <span class='ocrx_word' id='word_1_138' title='bbox 1516 1310 1640 1378; x_wconf 71' lang='grc' dir='ltr'>αὐτῷ</span> <span class='ocrx_word' id='word_1_139' title='bbox 1665 1308 1857 1374; x_wconf 88' lang='grc' dir='ltr'>γυναίου</span> 
     </span>
     <span class='ocr_line' id='line_1_16' title="bbox 277 1390 1926 1459; baseline -0.001 -18"><span class='ocrx_word' id='word_1_140' title='bbox 277 1392 576 1456; x_wconf 89' lang='grc' dir='ltr'>προκείμενος</span> <span class='ocrx_word' id='word_1_141' title='bbox 619 1396 680 1446; x_wconf 80' lang='grc' dir='ltr'>εἷς</span> <span class='ocrx_word' id='word_1_142' title='bbox 725 1392 985 1443; x_wconf 82' lang='grc' dir='ltr'>ἀντέκτισιν</span> <span class='ocrx_word' id='word_1_143' title='bbox 1026 1390 1296 1459; x_wconf 86' lang='grc' dir='ltr'>τετηρηκότι</span> <span class='ocrx_word' id='word_1_144' title='bbox 1340 1391 1422 1443; x_wconf 86' lang='grc' dir='ltr'>τὸν</span> <span class='ocrx_word' id='word_1_145' title='bbox 1463 1390 1619 1454; x_wconf 83' lang='grc' dir='ltr'>νόμον,</span> <span class='ocrx_word' id='word_1_146' title='bbox 1657 1391 1856 1457; x_wconf 86' lang='grc' dir='ltr'>χορηγία</span> <span class='ocrx_word' id='word_1_147' title='bbox 1879 1413 1926 1452; x_wconf 87' lang='lat'>15</span> 
     </span>
     <span class='ocr_line' id='line_1_17' title="bbox 53 1471 1857 1556; baseline 0 -34"><span class='ocrx_word' id='word_1_148' title='bbox 53 1477 162 1556; x_wconf 46' lang='lat' dir='ltr'>ilgx‘gd·</span> <span class='ocrx_word' id='word_1_149' title='bbox 279 1474 327 1522; x_wconf 80' lang='grc' dir='ltr'>δὲ</span> <span class='ocrx_word' id='word_1_150' title='bbox 353 1477 542 1536; x_wconf 84' lang='grc' dir='ltr'>μᾶλλον</span> <span class='ocrx_word' id='word_1_151' title='bbox 567 1474 852 1544; x_wconf 86' lang='grc' dir='ltr'>ἀμφιλαφὴς</span> <span class='ocrx_word' id='word_1_152' title='bbox 875 1472 1051 1528; x_wconf 77' lang='grc' dir='ltr'>παντὸς</span> <span class='ocrx_word' id='word_1_153' title='bbox 1078 1477 1271 1540; x_wconf 84' lang='grc' dir='ltr'>ἀγαθοῦ,</span> <span class='ocrx_word' id='word_1_154' title='bbox 1297 1481 1325 1503; x_wconf 80' lang='grc'><strong><em>“</em></strong></span> <span class='ocrx_word' id='word_1_155' title='bbox 1341 1477 1402 1539; x_wconf 82' lang='grc' dir='ltr'>γῆ</span> <span class='ocrx_word' id='word_1_156' title='bbox 1426 1473 1600 1540; x_wconf 79' lang='grc' dir='ltr'>ῥέουσα</span> <span class='ocrx_word' id='word_1_157' title='bbox 1627 1471 1756 1538; x_wconf 81' lang='grc' dir='ltr'>γάλα</span> <span class='ocrx_word' id='word_1_158' title='bbox 1782 1474 1857 1523; x_wconf 78' lang='grc' dir='ltr'>καὶ</span> 
     </span>
     <span class='ocr_line' id='line_1_18' title="bbox 93 1547 1858 1622; baseline 0.001 -19"><span class='ocrx_word' id='word_1_159' title='bbox 93 1548 99 1554; x_wconf 53' lang='grc'><em>“</em></span> <span class='ocrx_word' id='word_1_160' title='bbox 142 1547 149 1555; x_wconf 54' lang='grc'><strong>’</strong></span> <span class='ocrx_word' id='word_1_161' title='bbox 278 1560 306 1583; x_wconf 82' lang='grc'><strong>“</strong></span> <span class='ocrx_word' id='word_1_162' title='bbox 331 1552 483 1617; x_wconf 79' lang='grc' dir='ltr'>με’λι,”</span> <span class='ocrx_word' id='word_1_163' title='bbox 511 1554 565 1606; x_wconf 82' lang='grc' dir='ltr'>τὸ</span> <span class='ocrx_word' id='word_1_164' title='bbox 592 1560 843 1607; x_wconf 85' lang='grc' dir='ltr'>καταθλεῖν</span> <span class='ocrx_word' id='word_1_165' title='bbox 870 1556 1099 1607; x_wconf 86' lang='grc' dir='ltr'>δύνασθαι</span> <span class='ocrx_word' id='word_1_166' title='bbox 1125 1560 1218 1606; x_wconf 79' lang='grc' dir='ltr'>τῶν</span> <span class='ocrx_word' id='word_1_167' title='bbox 1243 1555 1611 1619; x_wconf 84' lang='grc' dir='ltr'>ἀνθεστηκότων,</span> <span class='ocrx_word' id='word_1_168' title='bbox 1640 1552 1758 1622; x_wconf 77' lang='grc' dir='ltr'>δόξα</span> <span class='ocrx_word' id='word_1_169' title='bbox 1782 1557 1858 1605; x_wconf 80' lang='grc' dir='ltr'>καὶ</span> 
     </span>
     <span class='ocr_line' id='line_1_19' title="bbox 276 1635 1858 1704; baseline 0.002 -18"><span class='ocrx_word' id='word_1_170' title='bbox 276 1641 498 1699; x_wconf 85' lang='grc' dir='ltr'>πλοῦτος,</span> <span class='ocrx_word' id='word_1_171' title='bbox 527 1639 602 1688; x_wconf 78' lang='grc' dir='ltr'>καὶ</span> <span class='ocrx_word' id='word_1_172' title='bbox 637 1637 696 1688; x_wconf 81' lang='grc' dir='ltr'>τὰ</span> <span class='ocrx_word' id='word_1_173' title='bbox 723 1639 932 1689; x_wconf 88' lang='grc' dir='ltr'>ἐντεῦθεν</span> <span class='ocrx_word' id='word_1_174' title='bbox 965 1637 1224 1704; x_wconf 82' lang='grc' dir='ltr'>αὐχήματα,</span> <span class='ocrx_word' id='word_1_175' title='bbox 1253 1640 1329 1688; x_wconf 84' lang='grc' dir='ltr'>καὶ</span> <span class='ocrx_word' id='word_1_176' title='bbox 1354 1636 1402 1687; x_wconf 89' lang='grc' dir='ltr'>τί</span> <span class='ocrx_word' id='word_1_177' title='bbox 1427 1635 1520 1702; x_wconf 79' lang='grc' dir='ltr'>γὰρ</span> <span class='ocrx_word' id='word_1_178' title='bbox 1547 1636 1649 1703; x_wconf 76' lang='grc' dir='ltr'>οὐχὶ</span> <span class='ocrx_word' id='word_1_179' title='bbox 1675 1639 1769 1686; x_wconf 82' lang='grc' dir='ltr'>τῶν</span> <span class='ocrx_word' id='word_1_180' title='bbox 1795 1639 1858 1690; x_wconf 83' lang='grc' dir='ltr'>εἱς</span> 
     </span>
     <span class='ocr_line' id='line_1_20' title="bbox 276 1718 1857 1789; baseline 0.001 -22"><span class='ocrx_word' id='word_1_181' title='bbox 276 1718 521 1784; x_wconf 83' lang='grc' dir='ltr'>εὐημερίαν</span> <span class='ocrx_word' id='word_1_182' title='bbox 559 1722 632 1770; x_wconf 79' lang='grc' dir='ltr'>καὶ</span> <span class='ocrx_word' id='word_1_183' title='bbox 673 1718 888 1788; x_wconf 87' lang='grc' dir='ltr'>τρυφήν;</span> <span class='ocrx_word' id='word_1_184' title='bbox 938 1721 1047 1770; x_wconf 87' lang='grc' dir='ltr'>ἀλλ’</span> <span class='ocrx_word' id='word_1_185' title='bbox 1089 1721 1172 1770; x_wconf 82' lang='grc' dir='ltr'>οὐκ</span> <span class='ocrx_word' id='word_1_186' title='bbox 1211 1719 1489 1789; x_wconf 69' lang='grc' dir='ltr'>ἐφυλάξατο.</span> <span class='ocrx_word' id='word_1_187' title='bbox 1556 1718 1857 1784; x_wconf 77' lang='grc' dir='ltr'>παραβέβηκε</span> 
     </span>
    </p>

    <p class='ocr_par' dir='ltr' id='par_1_3' title="bbox 233 1798 1927 2033">
     <span class='ocr_line' id='line_1_21' title="bbox 276 1798 1927 1870; baseline 0.002 -21"><span class='ocrx_word' id='word_1_188' title='bbox 276 1798 384 1864; x_wconf 80' lang='grc' dir='ltr'>γὰρ,</span> <span class='ocrx_word' id='word_1_189' title='bbox 417 1800 581 1866; x_wconf 89' lang='grc' dir='ltr'>ὀλίγου</span> <span class='ocrx_word' id='word_1_190' title='bbox 619 1806 864 1855; x_wconf 81' lang='grc' dir='ltr'>παντελῶς</span> <span class='ocrx_word' id='word_1_191' title='bbox 897 1801 1106 1870; x_wconf 74' lang='grc' dir='ltr'>ἀξιώσας</span> <span class='ocrx_word' id='word_1_192' title='bbox 1144 1802 1292 1867; x_wconf 88' lang='grc' dir='ltr'>λόγου</span> <span class='ocrx_word' id='word_1_193' title='bbox 1330 1801 1415 1864; x_wconf 89' lang='grc' dir='ltr'>τὴν</span> <span class='ocrx_word' id='word_1_194' title='bbox 1453 1799 1666 1866; x_wconf 86' lang='grc' dir='ltr'>τήρησιν.</span> <span class='ocrx_word' id='word_1_195' title='bbox 1732 1800 1853 1866; x_wconf 87' lang='grc' dir='ltr'>πρό·</span> <span class='ocrx_word' id='word_1_196' title='bbox 1877 1826 1927 1852; x_wconf 91' lang='lat'>20</span> 
     </span>
     <span class='ocr_line' id='line_1_22' title="bbox 233 1880 1856 1950; baseline -0.001 -13"><span class='ocrx_word' id='word_1_197' title='bbox 233 1885 424 1945; x_wconf 73' lang='grc' dir='ltr'>ἅδηλον</span> <span class='ocrx_word' id='word_1_198' title='bbox 461 1884 556 1946; x_wconf 77' lang='grc' dir='ltr'>οὖν,</span> <span class='ocrx_word' id='word_1_199' title='bbox 591 1883 660 1935; x_wconf 78' lang='grc' dir='ltr'>ὅτι</span> <span class='ocrx_word' id='word_1_200' title='bbox 693 1887 775 1948; x_wconf 86' lang='grc' dir='ltr'>τῆς</span> <span class='ocrx_word' id='word_1_201' title='bbox 812 1888 907 1934; x_wconf 81' lang='grc' dir='ltr'>τῶν</span> <span class='ocrx_word' id='word_1_202' title='bbox 943 1883 1157 1950; x_wconf 68' lang='grc' dir='ltr'>πατερων</span> <span class='ocrx_word' id='word_1_203' title='bbox 1195 1884 1428 1936; x_wconf 89' lang='grc' dir='ltr'>ἐπιεικείας</span> <span class='ocrx_word' id='word_1_204' title='bbox 1466 1880 1660 1933; x_wconf 88' lang='grc' dir='ltr'>κατόπιν</span> <span class='ocrx_word' id='word_1_205' title='bbox 1699 1881 1856 1946; x_wconf 81' lang='grc' dir='ltr'>ἰόντες,</span> 
     </span>
     <span class='ocr_line' id='line_1_23' title="bbox 277 1964 1857 2033; baseline 0.003 -18"><span class='ocrx_word' id='word_1_206' title='bbox 277 1966 352 2015; x_wconf 79' lang='grc' dir='ltr'>καὶ</span> <span class='ocrx_word' id='word_1_207' title='bbox 384 1971 521 2017; x_wconf 89' lang='grc' dir='ltr'>τοῦτο</span> <span class='ocrx_word' id='word_1_208' title='bbox 561 1966 782 2032; x_wconf 78' lang='grc' dir='ltr'>ἀμέτρως,</span> <span class='ocrx_word' id='word_1_209' title='bbox 818 1965 920 2016; x_wconf 80' lang='grc' dir='ltr'>οὐδὲ</span> <span class='ocrx_word' id='word_1_210' title='bbox 960 1969 1042 2030; x_wconf 85' lang='grc' dir='ltr'>τῆς</span> <span class='ocrx_word' id='word_1_211' title='bbox 1085 1966 1267 2019; x_wconf 84' lang='grc' dir='ltr'>ἐκείνοις</span> <span class='ocrx_word' id='word_1_212' title='bbox 1306 1964 1632 2029; x_wconf 89' lang='grc' dir='ltr'>ε’κνεμηθείσης</span> <span class='ocrx_word' id='word_1_213' title='bbox 1670 1967 1857 2033; x_wconf 87' lang='grc' dir='ltr'>φειδοῦς</span> 
     </span>
    </p>

    <p class='ocr_par' dir='ltr' id='par_1_4' title="bbox 277 2047 1448 2118">
     <span class='ocr_line' id='line_1_24' title="bbox 277 2047 1448 2118; baseline -0.001 -19"><span class='ocrx_word' id='word_1_214' title='bbox 277 2049 325 2099; x_wconf 88' lang='grc' dir='ltr'>ἐν</span> <span class='ocrx_word' id='word_1_215' title='bbox 349 2048 530 2118; x_wconf 73' lang='grc' dir='ltr'>μεθέξει</span> <span class='ocrx_word' id='word_1_216' title='bbox 556 2048 850 2115; x_wconf 88' lang='grc' dir='ltr'>γενήσονται·</span> <span class='ocrx_word' id='word_1_217' title='bbox 890 2049 1061 2102; x_wconf 89' lang='grc' dir='ltr'>δίκαιος</span> <span class='ocrx_word' id='word_1_218' title='bbox 1087 2048 1180 2116; x_wconf 80' lang='grc' dir='ltr'>γὰρ</span> <span class='ocrx_word' id='word_1_219' title='bbox 1207 2049 1231 2099; x_wconf 89' lang='grc' dir='ltr'>ὁ</span> <span class='ocrx_word' id='word_1_220' title='bbox 1260 2047 1448 2116; x_wconf 85' lang='grc' dir='ltr'>Κριτής.</span> 
     </span>
    </p>
   </div>
   <div class='ocr_carea' id='block_1_3' title="bbox 211 2273 1855 2336">
    <p class='ocr_par' dir='ltr' id='par_1_5' title="bbox 211 2273 1855 2336">
     <span class='ocr_line' id='line_1_25' title="bbox 211 2273 1855 2336; baseline -0.002 -16"><span class='ocrx_word' id='word_1_221' title='bbox 211 2298 257 2332; x_wconf 80' lang='lat'>13</span> <span class='ocrx_word' id='word_1_222' title='bbox 281 2278 355 2320; x_wconf 78' lang='grc' dir='ltr'>Καὶ</span> <span class='ocrx_word' id='word_1_223' title='bbox 397 2278 441 2320; x_wconf 79' lang='grc' dir='ltr'>ἐν</span> <span class='ocrx_word' id='word_1_224' title='bbox 481 2279 689 2336; x_wconf 62' lang='grc' dir='ltr'>Προφήτῌ</span> <span class='ocrx_word' id='word_1_225' title='bbox 727 2279 911 2326; x_wconf 67' lang='lat' dir='ltr'>&amp;vn-isare</span> <span class='ocrx_word' id='word_1_226' title='bbox 946 2278 1093 2335; x_wconf 74' lang='grc' dir='ltr'>Κύριος</span> <span class='ocrx_word' id='word_1_227' title='bbox 1135 2277 1207 2320; x_wconf 86' lang='grc' dir='ltr'>τὸν</span> <span class='ocrx_word' id='word_1_228' title='bbox 1239 2276 1414 2335; x_wconf 59' lang='grc' dir='ltr'>Ἰσραὴλ</span> <span class='ocrx_word' id='word_1_229' title='bbox 1450 2277 1496 2319; x_wconf 72' lang='grc' dir='ltr'>ἐξ</span> <span class='ocrx_word' id='word_1_230' title='bbox 1529 2273 1748 2326; x_wconf 76' lang='grc' dir='ltr'>ΑἶΓύΠτου,</span> <span class='ocrx_word' id='word_1_231' title='bbox 1786 2275 1855 2316; x_wconf 76' lang='grc' dir='ltr'>καὶ</span> 
     </span>
    </p>
   </div>
   <div class='ocr_carea' id='block_1_4' title="bbox 344 2363 1924 2421">
    <p class='ocr_par' dir='ltr' id='par_1_6' title="bbox 344 2363 1924 2421">
     <span class='ocr_line' id='line_1_26' title="bbox 344 2363 1924 2421; baseline 0 -17"><span class='ocrx_word' id='word_1_232' title='bbox 344 2364 390 2405; x_wconf 85' lang='grc' dir='ltr'>ἐν</span> <span class='ocrx_word' id='word_1_233' title='bbox 417 2364 627 2421; x_wconf 74' lang='grc' dir='ltr'>Προφι-ἰτῌ</span> <span class='ocrx_word' id='word_1_234' title='bbox 655 2363 932 2420; x_wconf 71' lang='grc' dir='ltr'>ὃιεφυλάχθι-ι.</span> <span class='ocrx_word' id='word_1_235' title='bbox 1875 2364 1924 2404; x_wconf 88' lang='lat'>25</span> 
     </span>
    </p>
   </div>
   <div class='ocr_carea' id='block_1_5' title="bbox 351 2480 1856 2553">
    <p class='ocr_par' dir='ltr' id='par_1_7' title="bbox 351 2480 1856 2553">
     <span class='ocr_line' id='line_1_27' title="bbox 351 2480 1856 2553; baseline -0.004 -15"><span class='ocrx_word' id='word_1_236' title='bbox 351 2485 454 2552; x_wconf 85' lang='grc' dir='ltr'>Τὴν</span> <span class='ocrx_word' id='word_1_237' title='bbox 488 2488 638 2538; x_wconf 78' lang='grc' dir='ltr'>αἰτίαν</span> <span class='ocrx_word' id='word_1_238' title='bbox 675 2487 784 2552; x_wconf 83' lang='grc' dir='ltr'>ἡμῖν</span> <span class='ocrx_word' id='word_1_239' title='bbox 820 2488 868 2538; x_wconf 87' lang='grc' dir='ltr'>ἐν</span> <span class='ocrx_word' id='word_1_240' title='bbox 905 2485 1084 2541; x_wconf 88' lang='grc' dir='ltr'>τούτοις</span> <span class='ocrx_word' id='word_1_241' title='bbox 1122 2489 1362 2553; x_wconf 84' lang='grc' dir='ltr'>διατρανοῖ</span> <span class='ocrx_word' id='word_1_242' title='bbox 1386 2489 1469 2536; x_wconf 86' lang='grc' dir='ltr'>τοῦ</span> <span class='ocrx_word' id='word_1_243' title='bbox 1502 2482 1617 2548; x_wconf 86' lang='grc' dir='ltr'>μήτε</span> <span class='ocrx_word' id='word_1_244' title='bbox 1643 2480 1856 2553; x_wconf 79' lang='grc' dir='ltr'>φυλάξαι</span> 
     </span>
    </p>
   </div>
   <div class='ocr_carea' id='block_1_6' title="bbox 277 2648 1856 2930">
    <p class='ocr_par' dir='ltr' id='par_1_8' title="bbox 277 2648 1856 2930">
     <span class='ocr_line' id='line_1_28' title="bbox 328 2648 1855 2698; baseline -0.003 -12"><span class='ocrx_word' id='word_1_245' title='bbox 328 2663 358 2686; x_wconf 91' lang='lat'>1.</span> <span class='ocrx_word' id='word_1_246' title='bbox 384 2653 547 2698; x_wconf 78' lang='grc' dir='ltr'>μεγίστης</span> <span class='ocrx_word' id='word_1_247' title='bbox 564 2653 644 2697; x_wconf 76' lang='lat' dir='ltr'>(sic)</span> <span class='ocrx_word' id='word_1_248' title='bbox 666 2653 711 2687; x_wconf 95' lang='lat' dir='ltr'>D.</span> <span class='ocrx_word' id='word_1_249' title='bbox 943 2663 978 2697; x_wconf 88' lang='lat'>5.</span> <span class='ocrx_word' id='word_1_250' title='bbox 1006 2653 1066 2686; x_wconf 88' lang='grc' dir='ltr'>τοῦ</span> <span class='ocrx_word' id='word_1_251' title='bbox 1083 2657 1306 2696; x_wconf 87' lang='lat' dir='ltr'><strong>assumptum</strong></span> <span class='ocrx_word' id='word_1_252' title='bbox 1323 2662 1363 2684; x_wconf 86' lang='lat' dir='ltr'>ex</span> <span class='ocrx_word' id='word_1_253' title='bbox 1383 2649 1478 2684; x_wconf 88' lang='lat' dir='ltr'><strong>B.D.</strong></span> <span class='ocrx_word' id='word_1_254' title='bbox 1715 2657 1746 2694; x_wconf 91' lang='lat'>7.</span> <span class='ocrx_word' id='word_1_255' title='bbox 1777 2648 1855 2682; x_wconf 77' lang='grc' dir='ltr'>οὐδὲ</span> 
     </span>
     <span class='ocr_line' id='line_1_29' title="bbox 279 2694 1856 2743; baseline -0.002 -12"><span class='ocrx_word' id='word_1_256' title='bbox 279 2710 348 2732; x_wconf 89' lang='lat' dir='ltr'>om.</span> <span class='ocrx_word' id='word_1_257' title='bbox 368 2699 412 2733; x_wconf 92' lang='lat' dir='ltr'>D.</span> <span class='ocrx_word' id='word_1_258' title='bbox 641 2701 674 2735; x_wconf 89' lang='lat'>8.</span> <span class='ocrx_word' id='word_1_259' title='bbox 702 2698 861 2743; x_wconf 80' lang='grc' dir='ltr'>ε’πιλῦτης</span> <span class='ocrx_word' id='word_1_260' title='bbox 878 2699 959 2743; x_wconf 73' lang='lat' dir='ltr'>(Sic)</span> <span class='ocrx_word' id='word_1_261' title='bbox 978 2699 1024 2732; x_wconf 93' lang='lat' dir='ltr'>D.</span> <span class='ocrx_word' id='word_1_262' title='bbox 1264 2709 1316 2732; x_wconf 87' lang='grc' dir='ltr'><strong>ΙΙ.</strong></span> <span class='ocrx_word' id='word_1_263' title='bbox 1343 2696 1546 2742; x_wconf 87' lang='grc' dir='ltr'>δορυκτὴτου</span> <span class='ocrx_word' id='word_1_264' title='bbox 1564 2694 1656 2729; x_wconf 84' lang='lat' dir='ltr'><strong>Edd.</strong></span> <span class='ocrx_word' id='word_1_265' title='bbox 1705 2695 1759 2729; x_wconf 82' lang='grc' dir='ltr'>καὶ</span> <span class='ocrx_word' id='word_1_266' title='bbox 1776 2702 1856 2739; x_wconf 85' lang='lat' dir='ltr'><strong>post</strong></span> 
     </span>
     <span class='ocr_line' id='line_1_30' title="bbox 280 2741 1854 2791; baseline -0.001 -14"><span class='ocrx_word' id='word_1_267' title='bbox 280 2745 426 2786; x_wconf 86' lang='grc' dir='ltr'>κείμενος</span> <span class='ocrx_word' id='word_1_268' title='bbox 442 2746 521 2780; x_wconf 85' lang='lat' dir='ltr'>add.</span> <span class='ocrx_word' id='word_1_269' title='bbox 542 2747 589 2781; x_wconf 91' lang='lat' dir='ltr'>D.</span> <span class='ocrx_word' id='word_1_270' title='bbox 816 2757 868 2791; x_wconf 85' lang='lat'>13.</span> <span class='ocrx_word' id='word_1_271' title='bbox 895 2744 1147 2791; x_wconf 82' lang='grc' dir='ltr'>ἀπηλλάττετο]</span> <span class='ocrx_word' id='word_1_272' title='bbox 1164 2744 1340 2789; x_wconf 80' lang='grc' dir='ltr'>ἀπήλλαξέ</span> <span class='ocrx_word' id='word_1_273' title='bbox 1357 2759 1393 2778; x_wconf 90' lang='grc' dir='ltr'>τε</span> <span class='ocrx_word' id='word_1_274' title='bbox 1410 2743 1469 2777; x_wconf 88' lang='lat' dir='ltr'>iid.</span> <span class='ocrx_word' id='word_1_275' title='bbox 1519 2743 1573 2776; x_wconf 84' lang='grc' dir='ltr'>καὶ</span> <span class='ocrx_word' id='word_1_276' title='bbox 1590 2741 1754 2788; x_wconf 79' lang='grc' dir='ltr'>ἐκάθιζεν]</span> <span class='ocrx_word' id='word_1_277' title='bbox 1774 2742 1854 2781; x_wconf 80' lang='grc' dir='ltr'>ἐβά-</span> 
     </span>
     <span class='ocr_line' id='line_1_31' title="bbox 279 2787 1853 2837; baseline -0.001 -14"><span class='ocrx_word' id='word_1_278' title='bbox 279 2791 366 2832; x_wconf 83' lang='grc' dir='ltr'>διζεν</span> <span class='ocrx_word' id='word_1_279' title='bbox 384 2792 438 2835; x_wconf 49' lang='lat' dir='ltr'>D.‘</span> <span class='ocrx_word' id='word_1_280' title='bbox 743 2805 797 2836; x_wconf 82' lang='lat'>14.</span> <span class='ocrx_word' id='word_1_281' title='bbox 824 2794 884 2837; x_wconf 89' lang='grc' dir='ltr'>τὴν</span> <span class='ocrx_word' id='word_1_282' title='bbox 901 2805 970 2827; x_wconf 90' lang='lat' dir='ltr'>om.</span> <span class='ocrx_word' id='word_1_283' title='bbox 992 2793 1038 2826; x_wconf 89' lang='lat' dir='ltr'>D.</span> <span class='ocrx_word' id='word_1_284' title='bbox 1340 2800 1392 2835; x_wconf 82' lang='lat'>15.</span> <span class='ocrx_word' id='word_1_285' title='bbox 1417 2787 1621 2834; x_wconf 81' lang='grc' dir='ltr'>ἀντέκτισιν]</span> <span class='ocrx_word' id='word_1_286' title='bbox 1641 2793 1678 2829; x_wconf 85' lang='grc' dir='ltr'>-Ι-</span> <span class='ocrx_word' id='word_1_287' title='bbox 1699 2789 1743 2824; x_wconf 85' lang='grc' dir='ltr'>ὧς</span> <span class='ocrx_word' id='word_1_288' title='bbox 1760 2788 1853 2823; x_wconf 86' lang='lat' dir='ltr'><strong>Edd.</strong></span> 
     </span>
     <span class='ocr_line' id='line_1_32' title="bbox 277 2834 1852 2884; baseline -0.001 -14"><span class='ocrx_word' id='word_1_289' title='bbox 277 2839 385 2881; x_wconf 83' lang='grc' dir='ltr'>γάμον</span> <span class='ocrx_word' id='word_1_290' title='bbox 401 2850 463 2882; x_wconf 82' lang='lat' dir='ltr'>pro</span> <span class='ocrx_word' id='word_1_291' title='bbox 481 2841 580 2882; x_wconf 87' lang='grc' dir='ltr'>νόμον</span> <span class='ocrx_word' id='word_1_292' title='bbox 598 2840 655 2875; x_wconf 82' lang='lat' dir='ltr'>iid.</span> <span class='ocrx_word' id='word_1_293' title='bbox 879 2840 932 2874; x_wconf 84' lang='lat'>18.</span> <span class='ocrx_word' id='word_1_294' title='bbox 961 2839 1037 2884; x_wconf 77' lang='grc' dir='ltr'>οὐχὶ</span> <span class='ocrx_word' id='word_1_295' title='bbox 1054 2842 1120 2873; x_wconf 81' lang='grc' dir='ltr'>τῶν</span> <span class='ocrx_word' id='word_1_296' title='bbox 1138 2838 1180 2873; x_wconf 89' lang='grc' dir='ltr'>Β.</span> <span class='ocrx_word' id='word_1_297' title='bbox 1196 2841 1262 2873; x_wconf 84' lang='grc' dir='ltr'>τῶν</span> <span class='ocrx_word' id='word_1_298' title='bbox 1279 2838 1337 2872; x_wconf 83' lang='grc' dir='ltr'>οὐκ</span> <span class='ocrx_word' id='word_1_299' title='bbox 1356 2837 1445 2882; x_wconf 82' lang='lat' dir='ltr'>(Sic)</span> <span class='ocrx_word' id='word_1_300' title='bbox 1464 2836 1510 2870; x_wconf 92' lang='lat' dir='ltr'>D.</span> <span class='ocrx_word' id='word_1_301' title='bbox 1529 2836 1607 2881; x_wconf 79' lang='grc' dir='ltr'>οὐχὶ</span> <span class='ocrx_word' id='word_1_302' title='bbox 1623 2837 1661 2869; x_wconf 93' lang='grc' dir='ltr'>τὸ</span> <span class='ocrx_word' id='word_1_303' title='bbox 1678 2839 1744 2869; x_wconf 81' lang='grc' dir='ltr'>τῶν</span> <span class='ocrx_word' id='word_1_304' title='bbox 1761 2834 1852 2869; x_wconf 85' lang='lat' dir='ltr'><strong>Edd.</strong></span> 
     </span>
     <span class='ocr_line' id='line_1_33' title="bbox 280 2881 1853 2930; baseline 0 -14"><span class='ocrx_word' id='word_1_305' title='bbox 280 2894 335 2916; x_wconf 85' lang='lat'>22.</span> <span class='ocrx_word' id='word_1_306' title='bbox 365 2884 437 2929; x_wconf 82' lang='grc' dir='ltr'>τῆς]</span> <span class='ocrx_word' id='word_1_307' title='bbox 457 2888 526 2921; x_wconf 79' lang='grc' dir='ltr'>τοῖς</span> <span class='ocrx_word' id='word_1_308' title='bbox 544 2886 602 2920; x_wconf 82' lang='lat' dir='ltr'><strong>iid.</strong></span> <span class='ocrx_word' id='word_1_309' title='bbox 836 2898 892 2929; x_wconf 88' lang='lat'>24.</span> <span class='ocrx_word' id='word_1_310' title='bbox 920 2886 958 2930; x_wconf 82' lang='grc' dir='ltr'>ἐξ</span> <span class='ocrx_word' id='word_1_311' title='bbox 976 2886 1068 2920; x_wconf 88' lang='lat' dir='ltr'>B.D.</span> <span class='ocrx_word' id='word_1_312' title='bbox 1088 2885 1207 2930; x_wconf 82' lang='lat' dir='ltr'>(Alex.</span> <span class='ocrx_word' id='word_1_313' title='bbox 1227 2885 1301 2920; x_wconf 88' lang='lat' dir='ltr'>XII</span> <span class='ocrx_word' id='word_1_314' title='bbox 1320 2891 1398 2919; x_wconf 85' lang='lat' dir='ltr'>ante</span> <span class='ocrx_word' id='word_1_315' title='bbox 1416 2882 1524 2928; x_wconf 88' lang='lat' dir='ltr'>corr.)</span> <span class='ocrx_word' id='word_1_316' title='bbox 1543 2883 1587 2918; x_wconf 88' lang='lat' dir='ltr'>cf.</span> <span class='ocrx_word' id='word_1_317' title='bbox 1608 2882 1671 2927; x_wconf 89' lang='lat'>185</span> <span class='ocrx_word' id='word_1_318' title='bbox 1690 2894 1720 2917; x_wconf 91' lang='lat' dir='ltr'>c.</span> <span class='ocrx_word' id='word_1_319' title='bbox 1739 2881 1775 2916; x_wconf 85' lang='grc' dir='ltr'>ἐκ</span> <span class='ocrx_word' id='word_1_320' title='bbox 1791 2882 1853 2927; x_wconf 83' lang='grc' dir='ltr'>γῆς</span> 
     </span>
    </p>
   </div>
   <div class='ocr_carea' id='block_1_7' title="bbox 280 2929 1126 2975">
    <p class='ocr_par' dir='ltr' id='par_1_9' title="bbox 280 2929 1126 2975">
     <span class='ocr_line' id='line_1_34' title="bbox 280 2929 1126 2975; baseline 0.004 -11"><span class='ocrx_word' id='word_1_321' title='bbox 280 2929 369 2964; x_wconf 86' lang='lat' dir='ltr'>Edd.</span> <span class='ocrx_word' id='word_1_322' title='bbox 388 2930 502 2975; x_wconf 66' lang='lat' dir='ltr'>(vat.)</span> <span class='ocrx_word' id='word_1_323' title='bbox 723 2934 777 2967; x_wconf 81' lang='lat'>26.</span> <span class='ocrx_word' id='word_1_324' title='bbox 809 2934 916 2968; x_wconf 76' lang='grc' dir='ltr'>αἰκίαν</span> <span class='ocrx_word' id='word_1_325' title='bbox 934 2932 1126 2968; x_wconf 79' lang='lat' dir='ltr'><strong>AubertuS.</strong></span> 
     </span>
    </p>
   </div>
   <div class='ocr_carea' id='block_1_8' title="bbox 1993 0 2021 3434">
    <p class='ocr_par' dir='ltr' id='par_1_10' title="bbox 1993 0 2021 3434">
     <span class='ocr_line' id='line_1_35' title="bbox 1993 0 2021 3434; baseline 0 0"><span class='ocrx_word' id='word_1_326' title='bbox 1993 0 2021 3434; x_wconf 95' lang='lat' dir='ltr'> </span> 
     </span>
    </p>
   </div>
  </div>
 </body>
</html>
