2021 3434
298 208 383 247 4:20
700 204 749 243 B.
792 198 1068 242 CYRILLI
1106 195 1485 238 ALEXANDR.
1745 190 1802 232 iii.
1826 204 1867 241 4.

299 323 436 368 τοῦτο
467 318 542 366 καὶ
577 315 728 366 αὐτῶν
757 315 858 364 ἐστι
897 311 1096 375 θέλημα.
1161 310 1326 360 οὐκοῦν
1350 305 1404 358 τὸ
1433 304 1697 372 προφήταις
1723 305 1869 354 ἐπιτι-

301 404 407 463 μᾶν,
438 396 568 448 οὐδὲν
602 395 756 463 ἕτερόν
791 397 934 457 ἐστιν,
969 391 999 457 ἢ
1037 392 1134 443 κατ’
1168 393 1278 454 ἐμοῦ
1317 388 1485 440 λοιπὸν
1520 390 1754 439 ποιεῖσθαι
1790 383 1876 447 τὴν

301 479 567 548 ἐπίπληξιν.
629 476 838 529 τοιοῦτόν
871 499 915 527 τι
957 477 1029 526 καὶ
1066 476 1091 524 ὁ
1129 472 1296 538 Σωτὴρ
1334 475 1429 524 τοῖς
1467 470 1614 535 ἁγίοις
1651 469 1878 531 μαθηταῖς

81 572 241 655 &nigab
304 565 480 631 εἴρηκεν
507 564 612 614 “‘O
643 561 887 630 δεχόμενος
926 561 1044 622 ὑμᾶς
1081 557 1159 622 ἐμὲ
1199 557 1394 624 δέχεται·
1436 555 1511 606 καὶ
1550 555 1575 604 ὁ
1618 550 1697 616 ἐμὲ
1738 547 1875 617 δεχό-

107 642 113 647 '
177 641 183 646 ⁸
303 654 331 676 “
356 668 504 709 μενος,
532 645 710 712 δέχεται
744 642 826 694 τὸν
851 638 1203 694 ἀποστείλαντά
1233 639 1331 702 με.”
1396 635 1687 702 προσέταττε
1713 631 1760 684 δὲ
1785 635 1880 684 τοῖς
1899 654 1922 693 5

304 727 633 798 ἐξωθουμένοις
675 727 751 776 καὶ
795 723 936 775 αὑτὸν
977 721 1331 786 ἀπομάττεσθαι
1379 717 1461 770 τὸν
1511 715 1749 783 κονιορτὸν
1788 717 1883 766 τῶν

595 809 607 825 ι

84 828 136 859 Ib-
156 835 204 867 ¹5-
305 813 476 873 ποδῶν,
498 813 638 861 εἶπων
665 815 692 838 “
709 805 825 859 “Orc
851 805 1148 871 ἀνεκτότερον
1174 802 1307 854 ε”σται
1332 805 1394 869 γῇ
1421 797 1646 862 Σοδόμων
1670 799 1718 848 ἐν
1737 795 1885 864 ἡμέρᾳ

267 926 288 952 0
308 901 334 924 ‘⁶
358 893 568 959 κρίσεως,
595 890 623 956 ἢ
650 895 708 958 τῇ
734 889 870 941 πόλει
895 887 1078 955 ἐκείνῃ.”
1138 884 1419 952 προσίεσθαι
1445 880 1500 946 δὴ
1527 881 1608 932 οῦν
1633 882 1886 946 ἀναγκαῖον

307 973 413 1029 τοὺς
457 973 516 1026 τὰ
558 977 681 1024 Θεοῦ
721 970 1083 1038 πρεσβεύοντας,
1122 969 1195 1019 καὶ
1240 965 1301 1017 τὰ
1340 966 1481 1015 αὐτοῦ
1522 965 1748 1014 δοκοῦντα
1789 964 1887 1012 δια-

309 1056 658 1124 πορθμεύοντας
693 1059 754 1108 εἰς
787 1054 919 1118 ἡμᾶς,
953 1050 1109 1105 ὁποῖός
1143 1073 1212 1103 τις
1243 1047 1300 1113 ἧν
1335 1049 1359 1098 ὁ
1398 1046 1650 1099 θεσπέσιος
1679 1047 1888 1104 Παῦλος,
1912 1074 1957 1100 10
2019 1063 2021 1087 ι

92 1153 198 1184 2002
218 1163 249 1182 v.
310 1138 612 1192 ἐπιστέλλων
646 1140 720 1188 καὶ
761 1136 915 1201 λε’γων
957 1132 1150 1199 66’Υπὲρ
1182 1135 1399 1198 Χριστοῦ
1437 1129 1517 1180 οῦν
1554 1125 1890 1194 πρεσβεύομεν,

91 1208 142 1229 ω’
313 1231 339 1253 “
364 1225 426 1276 ὡς
483 1227 565 1272 τοῦ
617 1224 741 1271 Θεοῦ
793 1221 1178 1284 παρακαλοῦντος
1229 1212 1282 1264 δι’
1333 1213 1478 1277 ἡμῶν,
1530 1209 1726 1273 δεόμεθα
1776 1204 1891 1272 ὑπὲρ

313 1312 340 1335 “
366 1308 596 1372 Χριστοῦ,
636 1301 967 1366 καταλλάγητε
1005 1302 1071 1368 τῷ
1110 1297 1261 1365 Θεῷ.”

275 1584 296 1617 4
318 1566 363 1609 Εἰ
390 1567 606 1623 ἑρεύξεται
634 1564 744 1604 >xi-:mv
770 1564 817 1604 ἐκ
841 1564 915 1603 τοῦ
939 1561 1095 1618 δρυμοῦ
1119 1560 1247 1600 αὐτοῦ
1275 1560 1407 1614 θήραν
1434 1555 1509 1596 οὐκ
1534 1554 1670 1609 ἔχων;
1702 1551 1737 1593 εἰ
1764 1550 1895 1593 δώσει

384 1651 565 1698 σκύμνος
591 1647 742 1704 φωνήν
769 1646 897 1688 αὐτοῦ
930 1645 977 1686 ὲκ
1009 1649 1081 1685 τῆς
1118 1642 1307 1699 μάνδραε
1345 1641 1474 1681 αὐτοῦ
1512 1634 1810 1687 καθόλου,“ἐἁν
1836 1633 1892 1684 μή
1918 1641 1964 1682 15

385 1734 555 1790 ἁρπάσῌ
581 1749 644 1784 τι,-

102 1881 183 1917 277
201 1882 250 1916 A.
282 1891 303 1914 a
395 1861 459 1909 Οἱ
497 1856 556 1908 τὰ
598 1861 691 1907 τῶν
735 1857 908 1922 θηρίων
951 1856 1456 1918 πολυπραγμονοῦντες
1506 1848 1601 1912 ἔθη,
1647 1848 1770 1915 φασὶ
1817 1842 1900 1894 τὸν

322 1942 490 1992 λεόντα
541 1941 719 2007 τροφῆς
768 1940 815 1988 ἐν
863 1937 1010 2005 ἐνδείᾳ
1065 1932 1293 2000 γεγονότα
1345 1934 1622 1999 περιφοιτᾶν
1670 1929 1902 1980 εὐσθενῶς·

323 2024 408 2091 ὅρη
434 2046 483 2074 τε
509 2024 585 2073 καὶ
614 2021 762 2074 νάπας
789 2022 863 2070 καὶ
892 2017 1086 2091 δρυμοὺς,
1112 2016 1227 2086 τῇδέ
1247 2038 1294 2067 τε
1323 2017 1506 2066 κάκεῖσε
1540 2011 1623 2063 τὸν
1648 2007 1902 2080 ὀφθαλμὸν

324 2104 714 2173 περιστρέφοντα,
754 2104 833 2154 καί
865 2125 910 2152 τι
947 2105 1041 2152 τῶν
1084 2101 1132 2150 ἐν
1169 2100 1300 2151 ὕλαις
1334 2094 1640 2159 βοσκομένων
1680 2092 1903 2160 ζητοῦντα
1921 2110 1969 2137 20

326 2193 507 2250 λαβεῖν.
575 2185 758 2238 ἐπειδὰν
789 2184 836 2236 δὲ
870 2182 1100 2248 θεάσηταί
1125 2205 1170 2233 τι
1203 2184 1297 2232 τῶν
1323 2179 1588 2242 ἐπιτηδείων
1612 2180 1673 2230 εἰς
1707 2170 1903 2243 τροφὴν,

327 2271 426 2324 εἶτα
468 2270 656 2335 γένηται
696 2267 919 2332 πλησίον,
961 2264 1110 2316 δεινόν
1152 2286 1196 2314 τι
1242 2264 1315 2313 καὶ
1357 2259 1560 2327 δυσηχὲς
1601 2257 1906 2325 βρυχώμενον

328 2357 563 2407 ποιεῖσθαι
601 2349 686 2414 τὴν
720 2350 903 2419 ἔφοδον.
965 2352 1003 2399 εἰ
1037 2346 1083 2398 δὲ
1115 2345 1170 2410 δὴ
1206 2347 1280 2396 καὶ
1315 2341 1640 2408 ἀποκομίζοιτο
1664 2344 1760 2393 τοῖς
1789 2335 1907 2390 σκύ-

331 2460 462 2501 μνοις
491 2434 550 2486 τὰ
580 2439 641 2487 εὶς
676 2431 871 2501 τροφὴν,
907 2429 1003 2482 εἶτα
1034 2430 1213 2496 γένοιτο
1250 2429 1331 2491 τῆς
1370 2421 1568 2495 μάνδραις
1606 2421 1758 2488 ἐγγὺς,
1788 2423 1901 2472 ἀνα-

385 2657 414 2680 1.
441 2643 533 2689 ἐστι]
553 2645 648 2678 ἔσται
665 2641 757 2676 Edd.
776 2641 893 2675 invitis
912 2639 1002 2674 Α.Β.
1240 2647 1271 2670 2.
1297 2636 1418 2670 λοιπὸν
1433 2639 1513 2679 post
1528 2631 1699 2668 ποιεῖσθαι
1716 2637 1848 2676 transp.
1863 2630 1907 2664 A.

335 2705 367 2738 3.
393 2692 556 2737 μαθηταῖς
572 2689 700 2734 εἴρηκεν
716 2689 759 2722 Α.
778 2689 867 2733 φησι
884 2687 1045 2731 μαθηταῖς
1062 2684 1154 2719 Edd.
1342 2695 1376 2724 4.
1401 2683 1419 2715 ὁ
1438 2681 1493 2725 ἐμὲ
1512 2680 1702 2725 δεχόμενος,
1720 2678 1854 2723 δέχεται
1866 2677 1909 2711 Α.

337 2742 354 2774 ὁ
371 2739 415 2783 μὴ
433 2740 506 2784 δεχ.
524 2738 562 2771 οὐ
580 2737 713 2782 δέχεται
732 2736 773 2769 Β.
793 2734 885 2769 Edd.
1172 2740 1203 2776 7.
1230 2729 1281 2764 ὅτι
1298 2741 1368 2763 om.
1388 2728 1430 2762 B.
1481 2726 1578 2761 Haec
1596 2727 1631 2761 ἐν
1647 2725 1752 2770 ἡμέρᾳ
1769 2725 1911 2769 κρίσεως

339 2791 558 2820 accesserunt
574 2796 615 2818 ex
634 2783 676 2817 B.
727 2782 794 2816 Pro
812 2781 952 2827 quibus,
971 2780 1006 2814 ἐν
1021 2782 1060 2824 τῇ
1079 2778 1184 2824 ἡμέρᾳ
1202 2777 1305 2820 ἐκείνῃ
1324 2775 1463 2821 praebet
1480 2774 1523 2808 A.
1689 2784 1723 2817 9.
1748 2773 1850 2806 αὐτοῦ
1865 2770 1909 2804 A.

339 2833 427 2879 αὐτῷ
448 2832 489 2866 Β.
508 2831 601 2865 Edd.
651 2827 905 2874 διαπορθμεύειν
922 2829 965 2861 Α.
1186 2836 1240 2864 10,
1262 2835 1314 2857 ΙΙ.
1341 2824 1359 2856 ὁ
1377 2821 1562 2857 θεσπέσιος
1579 2826 1612 2853 et
1629 2818 1844 2854 ἐπιστέλλων
1859 2816 1912 2852 καὶ

339 2885 518 2923 assumpta
534 2890 575 2912 ex
593 2877 685 2911 Α.Β.
924 2885 976 2909 11.
1003 2872 1060 2908 οὖν
1077 2872 1221 2906 accessit
1237 2883 1279 2904 ex
1295 2871 1339 2903 A.
1561 2878 1613 2912 ¹9·
1638 2881 1675 2900 τε
1691 2870 1912 2909 assumptum

340 2937 381 2958 ex
402 2925 442 2958 B.
454 2926 490 2959 b.
509 2924 605 2958 deest
622 2924 658 2957 in
674 2925 717 2957 A.
909 2932 963 2956 20.
990 2922 1149 2964 ζητοῦντα
1166 2923 1387 2962 assumptum
1406 2927 1447 2950 ex
1464 2914 1553 2948 Α.Β.
1572 2912 1756 2959 ζητούντων
1773 2910 1862 2956 (sic)
1876 2910 1911 2944 b.

343 2982 398 3005 21.
417 2972 453 3005 δέ
471 2983 540 3005 om.
560 2971 602 3004 B.
732 2980 787 3003 22.
805 2984 839 3003 τε
859 2980 921 3014 pro
937 2983 968 3001 τι
985 2967 1020 3002 b.
1039 2967 1214 3001 Neutrum
1231 2964 1335 2998 habet
1352 2963 1396 2997 A.
1540 2972 1596 3005 23·
1622 2960 1675 2995 καὶ
1692 2964 1912 3003 assumptum

343 3029 382 3052 ex
402 3017 491 3051 A.B.
506 3017 540 3051 b.
590 3017 783 3059 ἀποκομίζοι
804 3016 843 3049 Β.
863 3014 1093 3057 ἇποκομῖζειτο
1110 3013 1145 3048 b.
1197 3011 1322 3045 Statim
1338 3011 1407 3045 τοῖς
1425 3020 1494 3043 om.
1514 3008 1555 3042 A.
1572 3007 1606 3041 b.
