2021 3434
90 230 118 270 i.
141 241 178 283 5.
482 229 558 269 IN
610 227 993 269 MICI-IAEAM.
1054 228 1203 269 TOM.
1237 228 1272 269 Ι.
1581 229 1663 269 609

90 338 146 402 δὴ
191 338 329 403 λέγω,
370 337 452 388 τὸν
495 338 544 387 ἐν
587 337 837 406 Σαμαρείᾳ,
880 337 1162 401 καθίστησιν
1202 338 1372 402 ἐναργῆ
1414 334 1472 386 τὰ
1512 336 1664 386 αὐτῶν

89 418 377 486 ἐγκλήματα.
442 417 698 487 Σαμάρειαν
725 419 772 469 δὲ
807 416 924 468 εἶναι’
947 422 1068 486 φησι
1096 422 1178 482 τῆς
1204 420 1422 479 ἀσεβείας
1448 417 1502 469 τὸ
1529 415 1660 471 εἶδος.

90 504 165 552 καὶ
200 503 253 551 οὐ
285 501 432 565 δήπου
467 501 635 569 φαμὲν,
663 503 724 554 ὡς
757 499 901 564 αὐτὴν
932 504 1131 551 αἰτιᾶται
1164 499 1249 563 τὴν
1280 500 1455 567 χώραν·
1499 501 1665 567 κομιδῇ

89 582 183 649 γὰρ
209 582 516 646 ἀπόπληκτον
543 582 596 632 τὸ
631 585 740 649 τῇδε
767 586 899 632 νοεῖν·
941 581 1207 649 Σαμάρειαν
1233 581 1281 632 δὲ
1313 580 1371 632 τὰ
1406 586 1468 635 εἷς
1496 580 1661 644 Σαμά-

47 684 70 722 5
89 663 216 731 ρειοῖν
254 669 417 732 φησιν,
443 663 540 714 οἷον
578 662 660 717 τὰς
699 663 934 727 δαμάλεις,
961 663 1043 715 τὸν
1074 663 1267 726 Χαμὼς,
1302 662 1384 714 τὸν
1411 662 1563 725 Βάαλ,
1590 664 1665 713 καὶ

89 744 148 796 τὰ
173 748 220 797 ἐν
247 748 362 814 αὐτῇ
398 746 695 812 πραττόμενα
722 745 841 796 κατά
867 769 1005 796 τινων
1029 744 1103 795 διὰ
1136 748 1217 808 τῆς
1251 750 1344 796 τῶν
1370 745 1665 811 κρατούντων
1683 766 1703 791 e

87 828 375 896 πλεονεξίας.
445 828 535 895 ε”φη
586 827 680 894 γὰρ
727 827 798 878 ὅτι
850 835 876 856 “
900 828 1297 892 Κατεκονδύλιζον
1341 831 1402 880 εἷς
1453 826 1666 895 κεφαλὰς
1727 835 1879 866 Amosii.

90 915 117 938 ‘⁶
141 914 357 977 πτωχῶν,
385 911 460 960 καὶ
496 908 604 960 ὁδὸν
629 913 857 960 ταπεινῶν
888 907 1168 977 ἐξέκλιναν.”
1232 910 1306 958 καὶ
1333 907 1450 975 πρὸς
1488 909 1667 962 τούτοις
1730 888 1757 920 7-

88 990 259 1056 ε”λεγον
294 999 320 1021 “
342 991 468 1042 Πότε
507 992 795 1042 διελεύσεται
834 992 859 1040 ὁ
898 990 990 1054 μὴν
1029 993 1103 1041 καὶ
1143 989 1565 1054 ἀπεμπολήσομεν,
1595 991 1670 1040 καὶ
1730 1001 1889 1039 Ib-viii-5·

90 1079 116 1102 ‘⁶
141 1071 199 1123 τὰ
225 1072 454 1135 σάββατα
492 1075 566 1123 καὶ
605 1073 852 1141 ἀνοίξομεν
878 1070 1143 1138 θησαυροὺς
1168 1077 1250 1122 τοῦ
1276 1075 1471 1134 ποιῆσαι
1505 1071 1668 1137 μικρὸν

89 1161 117 1183 “
141 1153 314 1221 μέτρον
356 1157 431 1206 καὶ
472 1161 554 1205 τοῦ
597 1160 859 1220 μεγαλῦναι
902 1154 1135 1218 στάθμιον
1176 1158 1250 1204 καὶ
1289 1157 1486 1217 ποιῆσαι
1532 1152 1670 1219 ζυγὸν

90 1243 117 1266 “
143 1236 302 1288 ἄδικον
324 1237 366 1299 3”
413 1237 640 1305 οἱμαρτίσιν
665 1238 740 1287 καὶ
760 1238 830 1288 τοῦ
857 1233 999 1287 Ἰούδα
1025 1234 1110 1299 τὴν
1136 1236 1425 1304 Ἰερουσαλὴμ
1451 1235 1670 1302 γενέσθαι

90 1319 227 1386 φησί.
285 1321 360 1370 καὶ
405 1320 502 1369 οὔτι
543 1342 636 1369 που
673 1317 860 1371 πάντως
905 1318 1048 1382 αὐτὴν
1089 1320 1137 1369 ἐν
1179 1318 1357 1371 τούτοις
1399 1316 1485 1381 τὴν
1528 1317 1670 1368 πόλιν

90 1400 397 1464 αἰτιασόμεθα
439 1407 719 1468 φρονοῦντες
761 1401 928 1466 ὀρθῶς·
985 1400 1242 1465 οἰησόμεθα
1290 1399 1338 1450 δὲ
1381 1404 1572 1463 μᾶλλον
1612 1398 1670 1449 τὰ

26 1502 71 1540 15
90 1483 137 1533 ἐν
156 1484 272 1551 αὐτῇ
297 1481 594 1549 πραττόμενα
621 1486 687 1551 τῷ
707 1481 862 1533 Ἰούδα
881 1483 1102 1547 γενέσθαι
1122 1481 1239 1548 πρὸς
1266 1483 1510 1547 ἁμαρτίαν.
1561 1504 1670 1532 κατ-
1688 1490 1715 1531 (1

89 1569 249 1633 ῃτιᾶτο
275 1564 328 1615 δέ
347 1588 438 1616 που
465 1564 585 1618 Θεὸς
610 1569 704 1614 τῶν
728 1565 964 1615 Ἰουδαίων
990 1564 1072 1617 τὰς
1105 1565 1360 1630 παροινίας,
1387 1568 1461 1614 καὶ
1500 1563 1556 1627 δὴ
1595 1565 1670 1614 καὶ

507 1651 526 1660 Α

93 1646 300 1715 ἔφασκεν
350 1649 555 1713 ἐναργως
600 1645 757 1697 ““Οτι
801 1647 899 1697 κατ’
938 1645 1134 1712 ἀριθμὸν
1178 1645 1366 1697 πόλεών
1409 1669 1500 1696 σου
1545 1644 1671 1709 ἦσαν
1732 1659 1875 1733 HSier-ii-

93 1735 120 1756 ‘⁴
149 1728 249 1779 θεοί
278 1752 369 1779 σου
394 1728 563 1791 Ἰούδα,
590 1730 665 1779 καὶ
698 1727 796 1779 κατ’
826 1728 1023 1794 ἀριθμὸν
1049 1728 1214 1779 διόδων
1248 1731 1328 1790 τῆς
1354 1726 1671 1793 Ἰερουσαλὴμ
1733 1714 1748 1734 ²
1776 1713 1848 1745 ‚29-

95 1817 121 1839 ⁵⁶
146 1809 340 1879 ἐτάξατε
383 1810 570 1874 βωμοὺς
611 1816 693 1861 τοῦ
738 1815 907 1874 θυμιᾶν
945 1812 1002 1878 τῇ
1043 1809 1194 1861 Βάαλ.
1271 1810 1345 1860 ἵνα
1391 1811 1440 1860 τί
1483 1815 1671 1861 λαλεῖτε

94 1898 121 1920 “
145 1891 263 1957 πρὸς
287 1891 372 1956 με’;
412 1892 581 1947 πάντες
618 1894 740 1956 ὑμεῖς
778 1891 1060 1956 ἠνομήσατε,
1087 1894 1161 1943 καὶ
1187 1890 1355 1944 πάντες
1394 1893 1517 1953 ὑμεῖς
1551 1893 1667 1956 ἠσε-

94 1980 121 2002 “
145 1973 329 2038 βήσατε
365 1977 427 2028 εἷς
463 1974 553 2039 ἐμὲ,
592 1975 719 2040 λέγει
748 1975 921 2040 Κύριος
952 1972 1336 2039 παντοκράτωρ.”
1401 1973 1670 2038 ἐπιπλήττει
1704 2017 1707 2022 .

95 2055 143 2106 δὲ
192 2057 345 2110 αὐτοῖς
387 2059 462 2107 καὶ
514 2056 589 2107 διὰ
634 2059 792 2124 φωνῆς
833 2056 1040 2107 Ἡσαΐου
1091 2057 1245 2121 λέγων
1290 2063 1317 2084 “
1338 2059 1450 2108 Πῶς
1492 2055 1672 2120 ἐγένετο
1732 2069 1894 2099 ES-i-21-

94 2144 122 2166 ‘⁶
147 2137 298 2204 πόρνη
336 2139 475 2193 πόλις
514 2138 662 2202 πιστὴ
691 2138 827 2200 Σιὼν,
863 2137 1049 2205 πλήρης
1087 2138 1299 2204 κρίσεως,
1336 2139 1384 2187 ἐν
1421 2136 1449 2205 ᾗ
1493 2139 1669 2188 δικαιο-
1734 2121 1784 2151 η’

96 2226 122 2249 ⁶⁶
147 2220 268 2285 σύνη
310 2219 529 2286 ἐκοιμήθη
570 2223 618 2272 ἐν
658 2222 789 2287 αὐτῇ,
835 2226 916 2271 νῦν
956 2220 1005 2271 δὲ
1049 2220 1284 2288 φονευταί.
1356 2218 1410 2269 τὸ
1454 2219 1710 2286 ἀργύριονε

27 2325 74 2363 25
96 2308 122 2330 ‘⁶
148 2303 276 2365 ὑμῶν
301 2303 535 2365 ἀδόκιμον·
599 2307 640 2354 οἱ
668 2302 876 2367 κάπηλοί
896 2326 988 2354 σου
1013 2304 1244 2368 μίσγουσι
1270 2300 1351 2351 τὸν
1378 2298 1502 2352 οἶνον
1530 2303 1672 2353 ὕδατι.

95 2390 122 2413 “
146 2387 187 2434 οἱ
224 2384 445 2452 ἄρχοντές
479 2408 570 2436 σου
608 2387 867 2448 ἀπειθοῦσι,
900 2387 1106 2436 κοινωνοὶ
1147 2387 1374 2446 κλεπτῶν,
1403 2385 1674 2445 ἀγαπῶντες

96 2472 124 2494 “
149 2469 288 2533 δῶρα,
327 2467 569 2521 διώκοντες
603 2466 918 2530 ἀνταπόδομα,
954 2469 1176 2534 ὀρφανοῖς
1217 2467 1270 2516 οὐ
1310 2467 1558 2532 κρίνοντες,
1600 2468 1674 2516 καὶ

143 2617 174 2641 2
201 2608 310 2652 φησιν
327 2606 409 2642 εἶναι
426 2608 564 2642 inverso
581 2607 702 2641 ordine
720 2607 763 2640 A.
1010 2617 1043 2651 3.
1069 2620 1121 2640 πω
1138 2617 1201 2650 pro
1218 2620 1283 2639 που
1301 2604 1393 2639 Edd.
1411 2605 1527 2639 invitis
1545 2605 1671 2639 A.B.b.

101 2667 134 2696 4.
161 2656 345 2699 Σαμάρειαν
362 2653 415 2700 δὲ]
435 2655 526 2688 ἀλλὰ
543 2656 729 2699 Σαμάρειαν
749 2654 789 2687 Β.
807 2653 914 2687 invito
931 2653 967 2688 b.
1158 2662 1188 2697 7.
1215 2651 1299 2697 ἔφη]
1319 2651 1411 2697 λέγει
1429 2653 1471 2685 A.
1522 2653 1674 2696 κεφαλὴν

99 2703 237 2746 πτωχοῦ
256 2701 298 2735 Β.
454 2702 487 2735 8.
514 2701 645 2744 εξεκλιγ
635 2716 685 2734 ον
702 2703 743 2734 A.
763 2700 839 2745 (22.
859 2700 918 2743 al.)
1084 2712 1116 2744 9.
1142 2698 1428 2743 ἅπεμπολὴσομεν
1446 2699 1487 2732 Β.
1507 2699 1549 2732 cf.
1569 2711 1674 2743 supra

101 2759 137 2781 ln
154 2750 264 2781 Amos
282 2759 346 2793 331
369 2748 402 2782 d.
421 2748 660 2792 ἐμπολήσομεν
677 2747 768 2792 (ἐνπ.
787 2749 829 2780 A.
835 2746 851 2790 )
869 2747 912 2780 A.
934 2745 1026 2780 Edd.
1384 2757 1436 2779 ΙΙ.
1462 2747 1522 2779 τοῦ
1539 2757 1609 2779 om.
1628 2747 1671 2779 A.

103 2805 156 2838 13.
180 2793 262 2839 που]
281 2809 351 2830 πως
370 2795 460 2828 Edd.
673 2806 725 2836 14.
752 2792 972 2837 αἰτιασόμεθα
990 2793 1033 2826 A.
1040 2792 1080 2826 B.
1099 2792 1277 2835 αι’τιώμεθα
1296 2791 1387 2826 Edd.
1437 2792 1620 2836 οἰησόμεθα
1638 2792 1670 2826 b.

97 2841 259 2884 οἷσόμεθα
286 2841 374 2886 (sic)
400 2842 444 2875 A.
471 2841 699 2885 οἷηθησόμεθα
718 2840 809 2874 Edd.
1170 2839 1221 2872 16.
1247 2854 1312 2873 που
1330 2845 1551 2883 assumptum
1569 2851 1610 2872 ex
1627 2839 1671 2873 A

102 2896 154 2931 17.
179 2886 283 2931 ἦσαν]
307 2893 343 2928 -1-
365 2903 395 2921 οι
414 2888 507 2923 Edd.
525 2888 642 2922 invitis
660 2888 703 2920 A.
710 2887 751 2920 B.
994 2897 1046 2930 19.
1073 2886 1212 2930 ἐτάξατε
1229 2886 1272 2920 Α.
1291 2885 1434 2928 ε’πὴξατε
1453 2886 1495 2919 Β.
1513 2885 1674 2930 ἐπέταξας

99 2933 188 2978 (Slc)
207 2934 298 2968 Edd.
347 2937 393 2980 τῷ
412 2947 475 2979 pro
493 2937 531 2978 τῇ
554 2933 778 2968 Edd.i1w1tis
798 2934 840 2966 A.
848 2932 887 2966 B.
1015 2943 1071 2977 27.
1097 2933 1274 2976 κρίνοντες,
1293 2933 1345 2966 καὶ
1363 2931 1488 2977 κρίσει]
1509 2933 1674 2976 κρίνοντες

100 2980 211 3023 κρίσιν
235 2981 288 3014 καὶ
312 2982 352 3014 A
380 2981 439 3015 sed
466 2982 677 3026 cs.sup1a
661 2980 726 3014 266
754 2992 782 3014 c.
839 2980 876 3013 in
903 2979 939 3013 S.
961 2979 1046 3014 Luc.
1078 2980 1184 3014 Hom.
1204 2980 1260 3024 83.
1287 2991 1320 3024 p.
1341 2980 1418 3014 280.
1447 2980 1671 3029 reliquiarum

101 3026 213 3061 Graee.
241 3028 283 3061 cf.
303 3028 355 3062 ed.
379 3028 455 3073 Syr.

158 3097 250 3125 VOL.
274 3098 303 3125 Ι.
860 3098 886 3135 4
910 3097 924 3123 1
