2021 3434
86 224 110 265 i.
133 238 174 276 4,
196 236 234 278 5.
559 225 629 266 IN
672 225 908 264 OSEAM.
969 223 1119 264 'POM.
1154 223 1188 264 Ι.
1607 227 1660 265 29

85 331 222 387 αὐτὸς
257 334 282 384 ὀ
317 334 570 387 θεσπέσιος
602 334 871 397 βαπτιστὴς
903 334 1194 385 ἀποστέλλει
1218 331 1347 386 τινὰς
1378 336 1472 384 τῶν
1499 332 1664 383 ἑαυτοῦ

84 419 307 479 μαθητῶν
344 439 462 483 προς
499 415 582 468 τὸν
620 416 777 483 κύριον
810 417 942 480 ἡμῶν
966 417 1157 478 Ἰησοῦν
1194 414 1276 466 τὸν
1310 412 1542 481 Χριστὸν,
1587 417 1703 464 καὶᾶ
1743 429 1863 463 21Α.

86 497 142 562 δὴ
170 496 499 550 διεπυνθάνετο
525 499 692 564 λέγων,
720 506 746 528 “
764 497 832 549 Συ
857 496 898 548 εἶ
929 499 953 548 ὁ
980 497 1240 564 ἐρχόμενος,
1266 495 1295 561 ἢ
1323 497 1478 563 ἕτερον
1506 518 1660 561 προσ·
1722 514 1884 544 SMatth.

86 586 114 608 “
141 581 406 644 δοκῶμεν·”
369 622 380 640 ,
440 578 555 631 “On
580 579 627 631 δὲ
653 579 710 644 ἧν
730 585 791 633 εἷς
818 578 971 630 εἰκόνα
990 583 1220 645 Χριστοῦ,
1242 602 1316 629 και
1335 584 1473 629 τοῦτο
1493 582 1666 646 σαφῶς
1726 558 1770 588 xi
1790 566 1821 597 3

45 680 67 718 5
87 663 135 713 ἐκ
161 666 254 713 τῶν
289 661 357 713 ἐπ’
381 663 505 731 αὐτῷ
529 660 866 728 γεγραμμένων
898 660 1134 724 εἰσόμεθα.
1199 660 1411 724 ἐπεθύμει
1450 659 1534 724 μὲν
1572 659 1667 726 γὰρ

86 745 111 795 ὁ
155 743 347 811 Ἀχαὰβ
396 743 788 807 κατακτήσασθαι
836 741 920 793 τὸν
966 744 1224 805 ἀμπελῶνα
1277 743 1437 804 αὐτοῦ,
1484 745 1558 793 καὶ
1603 745 1667 796 εἷς

86 828 236 889 κῆπον
274 823 494 893 λαχάνων
531 823 880 888 μετασκευάσαι
917 823 972 874 τὸ
1009 825 1155 877 οὕτως
1195 823 1431 891 ἐξαίρετον
1473 824 1662 891 χωρίον.

88 909 112 958 ὀ
140 907 189 959 δὲ
214 906 460 974 ἠγανάκτει
494 905 612 972 πρὸς
645 911 798 968 τοῦτο,
825 907 900 956 καὶ
935 908 996 959 ὡς
1029 906 1111 956 οὐκ
1146 904 1203 955 ἀν
1229 903 1419 971 προοῖτό
1445 928 1559 956 ποτε
1585 904 1667 956 τὸν

87 997 170 1042 τοῦ
204 1013 380 1057 πατρος
414 991 684 1052 ἀμπελῶνα,
711 988 1018 1056 διισχυριζετο
1050 991 1239 1056 σαφῶς.
1310 995 1336 1017 “
1358 987 1444 1051 Μή
1471 1010 1549 1049 μοι
1575 987 1667 1087 γὰρ
1730 999 1849 1039 3Reg

187 1073 200 1089 t
1729 1053 1783 1073 ΚΣ
1801 1051 1830 1082 3

25 1094 70 1118 10
89 1080 116 1102 ‘⁶
141 1095 332 1139 γενοιτο,
373 1074 510 1141 φησὶ,
560 1073 813 1136 προδοῦναι
863 1072 1122 1134 ἀμπελῶνα
1170 1069 1349 1136 πατρός
1399 1092 1490 1134 μου
1540 1071 1651 1120 σοί.’
1657 1071 1713 1125 ’b

88 1155 241 1218 ἐπειδὴ
280 1153 328 1204 δε
359 1159 497 1205 τοῦτο
531 1152 797 1217 μεμάθηκεν
834 1153 863 1217 ἡ
898 1151 1122 1217 θεομισὴς
1162 1154 1237 1203 καὶ
1278 1152 1488 1217 βεβηλος
1521 1151 1666 1217 Ἰεζά-

86 1242 191 1299 βελ,
217 1236 244 1300 ἡ
271 1234 378 1289 τοῦς
401 1235 649 1305 προφήτας
677 1235 925 1297 διώκουσα,
947 1237 1022 1286 καὶ
1049 1239 1145 1288 τοῖς
1172 1234 1361 1289 δικαίοις
1387 1235 1666 1296 ἐπιβουλεύ-

86 1341 220 1381 ουσα,
253 1317 537 1384 δυστρόποις
570 1316 924 1385 ἐπιχειρήμασιν
958 1318 1278 1386 ἐξεμηχανᾶτο
1311 1321 1378 1386 τῷ
1404 1317 1562 1387 δικαίῳ
1587 1316 1670 1368 τὸν
1731 1326 1782 1400 Ξ)-
1803 1327 1821 1356 S

88 1399 247 1468 φόνον·
300 1401 375 1451 καὶ
402 1399 458 1464 δὴ
485 1402 560 1450 καὶ
586 1402 882 1466 ἀναιρεθῆναι
907 1398 1337 1466 παρασκευάσασα,
1364 1404 1670 1466 κληρονομεῖν
1748 1381 1802 1411 (Μ’

23 1482 263 1540 Ῑ5ἐκέλευε
296 1486 362 1552 τῷ
398 1481 705 1552 συνῳκηκότι,
747 1484 869 1551 φημὶ
908 1481 964 1546 δὴ
1000 1486 1066 1551 τῷ
1099 1481 1308 1550 Ἀχαάβ.
1375 1484 1449 1532 ἐπὶ
1490 1482 1671 1535 τούτοις

89 1563 273 1618 εἰκότως
305 1563 554 1630 ἠγανάκτει
585 1563 720 1628 Θεὸς,
745 1566 821 1616 καὶ
846 1563 902 1628 δὴ
930 1566 1004 1615 καὶ
1037 1564 1297 1628 ἐκδικήσειν
1325 1563 1670 1629 ἐπαγγέλλεται
1731 1572 1782 1647 {b-
1806 1579 1842 1612 17

87 1645 140 1698 τὸ
179 1646 294 1711 αἷμα
331 1653 412 1698 τοῦ
446 1645 678 1713 Ἰεσράελ.
746 1646 973 1715 ἀνῄρηται
1014 1652 1130 1712 γοῦν
1167 1645 1360 1714 Ἀχαὰβ
1402 1644 1491 1697 ὑπὸ
1531 1647 1670 1710 Ἰηοῦ,
1749 1627 1803 1657 qq*

89 1727 296 1794 καθάπερ
321 1730 410 1794 ἤδη
442 1730 739 1795 προείπομεν·
785 1728 1049 1796 προσετέθη
1083 1727 1132 1781 δὲ
1164 1729 1290 1799 αὐτῷ
1315 1730 1389 1779 καὶ
1416 1728 1444 1792 ἡ
1470 1728 1665 1794 παμπό-
1692 1750 1712 1776 c

89 1834 225 1878 νηρος
249 1810 472 1878 Ἰεζάβελ.

23 1916 70 1941 20
163 1892 280 1960 Φέρε
321 1892 376 1957 δὴ
419 1894 513 1956 οὖν,
549 1897 612 1947 εἷς
647 1892 864 1960 Χριστὸν
906 1894 1214 1963 ἀναφέρωμεν
1253 1892 1313 1945 τὰ
1354 1896 1416 1948 ὡς
1453 1895 1502 1944 ἐν
1540 1891 1673 1961 τύπῳ

88 1980 184 2029 τοῖς
244 1974 395 2027 πάλαι
456 1976 757 2042 γεγενημένα.
841 1978 865 2027 ὁ
915 1975 1002 2040 μὲν
1063 1976 1155 2042 γὰρ
1219 1975 1468 2045 προφήτης
1520 1974 1672 2045 φησὶν

88 2057 309 2121 Ἡσαΐας,
333 2057 403 2109 ὅτι
441 2057 744 2121 66Ἀμπελὼν
780 2058 976 2124 ἐγενήθη
1012 2063 1078 2127 τῷ
1109 2059 1395 2128 ἠγαπημένῳ
1430 2060 1477 2109 ἐν
1516 2057 1671 2123 κέρατι
1733 2077 1821 2108 Esai.
1839 2088 1870 2108 v.

89 2145 117 2168 “
143 2141 191 2191 ἐν
209 2138 338 2210 τόπῳ
358 2140 528 2192 πίονι.”
588 2147 615 2170 “
632 2143 708 2191 καὶ
738 2139 795 2205 ἧν
828 2142 853 2192 ὁ
885 2141 1111 2204 ἀμπελὼν
1131 2141 1378 2207 ἄνθρωπος
1399 2146 1482 2191 τοῦ
1502 2139 1672 2202 Ἰούδα,
1734 2164 1784 2195 1b.
1807 2173 1835 2204 7·

91 2228 117 2250 ‘⁶
143 2220 380 2290 νεόφυτον,
397 2222 740 2288 ἠγαπημένον.”
806 2224 915 2274 ἀλλ’
938 2226 979 2274 οἱ
999 2222 1299 2289 τοῦἸσραὴλ
1321 2221 1581 2288 ἡγούμενοι,
1608 2219 1674 2271 ῶν

25 2326 72 2365 25
92 2302 147 2354 ἂν
172 2303 238 2369 εἴη
265 2308 338 2355 καὶ
364 2304 507 2358 τύπος
534 2306 559 2355 ὃ
577 2303 766 2373 Ἀχαάβ
792 2306 1083 2368 βασιλεύων,
1114 2303 1418 2369 ἐπεθύμησαν
1445 2303 1565 2371 ἔχειν
1591 2302 1674 2354 τὸν

91 2387 347 2448 ἀμπελῶνα
390 2387 547 2438 αὐτοῦ·
603 2388 689 2455 οὐχ
735 2387 810 2438 ἵνα
851 2385 881 2455 ᾗ
921 2390 1095 2453 κλῆρος
1141 2387 1388 2455 ἐξαίρετος,
1432 2385 1675 2437 τουτέστιν

92 2467 332 2530 ἀμπελών·
389 2467 498 2519 ἀλλ’
526 2469 602 2520 ἵνα
640 2470 988 2537 κεχερσωμένος
1019 2471 1167 2533 κῆπος
1208 2468 1389 2534 γένοιτο
1429 2469 1673 2535 λαχανίας,
1693 2473 1720 2514 d

91 2549 348 2612 τουτέστιν,
375 2551 449 2600 ἐπὶ
472 2548 526 2600 τὸ
552 2551 849 2618 ἀσυγκρίτως
876 2551 1075 2602 ἔλαττον
1102 2550 1424 2619 καταφέροιτο·
1465 2550 1673 2615 πλείστη

91 2629 185 2697 γὰρ
220 2630 313 2694 ὅση
338 2630 488 2695 κήπου
526 2630 750 2699 λαχάνων
783 2631 901 2699 πρὸς
935 2634 1194 2696 ἀμπελῶνα
1225 2631 1445 2701 διαφορά.
1513 2634 1589 2683 καὶ
1620 2633 1674 2683 τὸ

26 2742 74 2777 30
94 2713 158 2763 ἔτι
193 2712 347 2779 μεῖζον
383 2713 431 2763 ἐν
465 2712 658 2775 τούτοις,
693 2715 775 2765 οὐκ
813 2716 1107 2782 ἀσυμφανές.
1177 2713 1420 2780 γεγονότες
1461 2713 1547 2778 μὲν
1581 2713 1674 2781 γὰρ

94 2794 182 2846 ὑπὸ
234 2798 434 2864 Χριστῷ
490 2799 584 2845 τῶν
627 2796 865 2847 Ἰουδαίων
915 2800 958 2846 οὶ
1009 2799 1159 2859 δῆμοι,
1202 2801 1302 2850 πῶς
1347 2798 1430 2848 οὐκ
1471 2796 1675 2860 ε”μελλον

138 2920 169 2943 2.
194 2909 252 2943 τὸν
274 2909 332 2943 alt.
359 2914 582 2954 assumptum
607 2921 649 2943 ex
674 2909 714 2943 B.
995 2909 1028 2945 8.
1053 2912 1203 2954 προιεῖτό
1232 2911 1324 2946 Edd.
1354 2909 1507 2956 προΐοιτο
1538 2911 1672 2956 Migne.

97 2966 150 3000 13.
176 2955 398 3001 ὃυστρόποις]
418 2956 628 3000 δυστρόφοις
646 2956 738 2991 Edd.
836 2968 890 2992 21.
912 2958 1022 3002 φησὶν
1038 2964 1260 3003 assumptum
1277 2971 1318 2992 ex
1337 2958 1380 2992 B.
1483 2969 1537 3003 27.
1556 2973 1672 3004 κεχερ-

95 3001 259 3048 σωμένος]
279 3002 496 3047 χερσωμένος
514 3003 607 3038 Edd.
946 3004 1001 3038 28.
1032 3005 1070 3039 τὸ
1087 3004 1316 3052 ἀσυγκρίτως]
1336 3007 1382 3052 τῷ
1400 3005 1594 3053 ἀσυγκρίτῳ
1612 3004 1672 3039 iid.

96 3059 152 3092 31.
179 3048 342 3095 ἔμελλον]
365 3054 401 3091 -Ι-
423 3049 462 3083 ἅν
478 3049 538 3084 iid-
