2021 3434
321 185 405 223 53³.
712 187 763 228 B.
809 188 1085 228 CYRILLI
1126 188 1506 229 ALEXANDR.
1773 185 1827 224 ix.
1851 184 1890 223 6.

395 295 592 361 Λέγοιτο
635 296 678 348 δ’
724 297 783 349 ἂν
824 301 897 350 καὶ
939 301 1012 350 ἐπὶ
1055 303 1282 365 Χριστοῦ,
1323 302 1398 350 καὶ
1442 303 1573 362 μάλα
1616 298 1799 350 εἰκότως
1835 297 1893 347 ‘O

322 374 551 444 οἱκοὸομῶν
591 384 650 433 εἷς
684 378 749 431 τον
790 380 948 448 οὐροινον
986 384 1211 441 σἰνοιβοιο-ιν
1250 384 1392 433 αὐτοῦ.
1456 381 1557 432 ε”στι
1582 379 1667 443 μὲν
1692 378 1784 445 γὰρ
1811 379 1892 428 αὑ-

319 457 398 511 τὸς
432 458 609 511 ἄνωθεν
648 463 721 512 καὶ
755 462 812 531 ἐξ
847 464 1058 529 οὐρανοῦ,
1100 463 1171 515 ὅτι
1215 462 1335 517 Θεὸς
1378 465 1426 514 ἐκ
1466 466 1591 513 Θεοῦ
1629 460 1897 527 γεγέννηται

111 543 117 554 ¹
420 538 433 556 χ
538 541 550 557 '
830 543 843 558 ²
1047 548 1060 564 x
1114 546 1136 563 ν
1405 546 1415 560 ,
1508 544 1520 560 x
1588 545 1597 559 2
1709 547 1729 556 Α
1815 542 1836 558 ,p

96 543 246 626 ῗίὶξθζδη·
319 561 439 590 κατα
481 545 646 609 φυσιν·
705 566 943 610 τοιγαρτοι
988 568 1063 596 και
1106 551 1315 642 εφασκεν
1358 553 1385 574 “
1421 549 1534 610 Εγω
1575 566 1625 594 εκ
1667 566 1761 594 των
1802 566 1898 593 ανω

273 629 345 671 b“
371 624 473 687 Εἷμῖ.
480 624 504 639 ”
568 626 890 692 μεμαρτύρηκε
928 626 976 678 δὲ
1011 651 1086 678 και
1125 629 1150 678 ὁ
1188 627 1343 696 σοφὸς
1368 627 1587 690 Ἰωάννης
1617 623 1769 690 λέγων
1794 626 1897 690 περὶ
1919 639 1940 676 5

95 704 210 788 ἐξῇ·
317 705 458 755 αὐτοῦ
497 712 523 735 “
542 706 604 756 O
647 706 825 758 ἄνωθεν
870 708 1116 776 ἐρχόμενος
1154 709 1308 760 ἐπάνω
1346 707 1536 761 πάντων
1569 707 1731 759 εστί·’ν
1735 705 1896 755 ’ἀλλ’

317 810 436 854 εχων
460 788 696 842 οὐσιωδῶς
727 789 813 853 τὴν
848 796 906 845 εἰς
941 790 1134 862 οὐρανους
1160 791 1395 852 οὶνοίβοισιν·
1434 791 1679 856 προῦκειτο
1704 788 1810 855 γὰρ,
1837 789 1899 841 ὡς

316 869 455 935 ἔφην,
499 872 561 923 ὡς
599 874 718 940 Θεῷ·
759 870 970 937 βάσιμον
1001 873 1145 936 αὐτὴν
1183 875 1391 942 ἀπέφηνε
1430 877 1526 925 τοῖς
1561 873 1634 923 ἐπὶ
1673 873 1754 934 τῆς
1793 872 1894 935 γῆς·

94 949 180 1025 ἑξεῖ)
200 949 242 980 vi.
316 959 342 980 ‘⁶
368 951 633 1018 πρόδρομος
673 953 764 1020 γὰρ
801 954 915 1021 ὑπὲρ
952 956 1115 1019 ἡμῶν”
1156 955 1298 1019 ἀνέβη
1330 955 1448 1022 πρὸς
1477 954 1559 1005 τὸν
1597 951 1798 1017 Πατέρα,
1827 954 1898 1001 καὶ

93 1049 143 1079 1b.
156 1059 187 1080 x.
202 1057 251 1079 20.
315 1035 377 1087 ὡς
401 1034 426 1084 ὁ
455 1034 707 1089 θεσπέσιος
741 1036 912 1105 γράφει
937 1041 1130 1092 Παῦλος
1156 1045 1181 1067 “
1200 1038 1484 1106 πρόσφατον
1510 1038 1618 1100 ἡμῖν
1644 1038 1718 1086 καὶ
1745 1034 1902 1101 ζῶσαν
1926 1055 1973 1079 10
2010 1103 2011 1106 Ἴ

93 1125 251 1164 Ib.ix.24.
315 1123 341 1145 “
368 1117 645 1168 ἐνεκαίνισεν
684 1119 835 1169 ὁδόν””
888 1121 1161 1188 ἐνεφανίσεν
1196 1122 1256 1174 ὡς
1299 1120 1544 1186 ἄνθρωπος
1577 1126 1604 1148 “
1625 1141 1738 1184 UW‘P
1771 1117 1902 1181 ἡμῶν

93 1213 253 1254 Ephii.6.
315 1205 342 1228 ‘⁶
367 1203 432 1267 τῷ
464 1200 710 1269 προσώπῳ
744 1207 826 1252 τοῦ
866 1202 1025 1253 Θεοῦ”
1055 1205 1128 1253 καὶ
1157 1200 1367 1268 Πατρὸς,
1403 1201 1452 1256 ὃς
1484 1200 1901 1265 Kat“ov1J7{yecp6v

315 1287 344 1309 “
366 1281 486 1344 ἡμᾶς
524 1283 647 1350 αὐτῷ
687 1285 762 1333 καὶ
800 1284 1108 1335 συνεκάθισεν
1142 1286 1190 1335 ἐν
1228 1289 1323 1338 τοῖς
1358 1284 1682 1350 ἐπουρανίοις.”
1746 1281 1900 1346 ἐπειδὴ

277 1384 297 1410 c
316 1362 408 1429 γὰρ
431 1364 574 1427 ἀνέβη
601 1364 826 1430 Χριστὸς,
854 1365 938 1430 τὴν
965 1368 1084 1417 ἰδίαν
1119 1367 1344 1426 οινοὶβοισιν
1380 1365 1648 1436 ᾠκοδόμησε
1678 1366 1752 1416 καὶ
1778 1366 1900 1429 ἡμῖν,

94 1452 243 1527 ἰῑνΤξΙΘΞΞ·
316 1445 443 1511 ε’ίπερ
474 1447 603 1496 ἐστὶν
633 1446 813 1511 ἀληθὴς
845 1449 869 1498 ὁ
899 1447 1123 1514 μακάριος
1156 1452 1350 1502 Παῦλος
1387 1448 1540 1514 λέγων
1573 1457 1599 1478 ‘⁶
1615 1452 1769 1499 Τοῦτο
1808 1447 1900 1514 γὰρ
1924 1465 1969 1503 15
2006 1448 2008 1459 ἑ

101 1520 148 1580 ιτ.
179 1505 195 1536 5
318 1534 344 1557 ‘⁶
371 1528 476 1590 ὑμῖν
502 1527 703 1593 λέγομεν
728 1532 776 1580 ἐν
816 1528 947 1600 λόγῳ
979 1532 1167 1597 Κυρίου,
1195 1531 1266 1581 ὅτι
1297 1532 1422 1595 ἡμεῖς
1449 1535 1491 1581 οἱ
1516 1531 1680 1597 ζῶντες
1706 1534 1745 1580 οἱ
1772 1552 1899 1595 περι·
2006 1527 2007 1534 ¹

318 1617 344 1639 “
370 1609 637 1674 λειπόμενοι
664 1615 725 1665 εἷς
753 1612 838 1676 τὴν
863 1614 1129 1678 παρουσίαν
1158 1619 1239 1664 τοῦ
1269 1613 1444 1679 Κυρίου
1469 1614 1522 1664 οὐ
1547 1612 1611 1677 μὴ
1640 1612 1902 1680 φθάσωμεν

319 1699 346 1722 “
371 1690 478 1746 τοὺς
521 1694 836 1758 κοιμηθέντας,
876 1694 946 1745 ὅτι
984 1693 1122 1748 αὐτὸς
1165 1696 1190 1744 ὁ
1228 1695 1400 1761 Κύριος
1433 1698 1480 1745 ἐν
1519 1694 1816 1758 κελεύσματι,
1855 1697 1903 1745 ἐν

320 1782 347 1805 “
372 1779 508 1844 φωνῇ
538 1775 840 1844 ἀρχαγγέλου
874 1779 949 1828 καὶ
983 1779 1032 1828 ἐν
1063 1777 1301 1844 σάλπιγγι
1328 1781 1451 1829 Θεοῦ
1478 1777 1796 1842 καταβήσεται
1822 1779 1899 1828 ἀπ’
2004 1847 2005 1850 ¹

318 1865 346 1887 ‘⁶
373 1859 583 1924 οὐρανοῦ,
623 1862 697 1909 καὶ
736 1863 777 1910 οἱ
819 1861 969 1925 νεκροὶ
1001 1861 1048 1910 ἐν
1079 1863 1278 1930 Χριστῷ
1310 1859 1661 1925 ἀναστήσονται
1698 1864 1900 1926 πρῶτον,
1922 1881 1971 1906 20
2004 1855 2005 1859 Ἰ

319 1948 347 1970 “
371 1940 527 1991 ἔπειτα
566 1941 694 2004 ἡμεῖς
729 1945 770 1992 οἱ
809 1941 972 2007 ζῶντες
1008 1945 1050 1993 οἱ
1088 1941 1460 2009 περιλειπόμενοι
1492 1941 1589 2005 ἅμα
1623 1941 1715 1993 σὺν
1749 1943 1902 1996 αὐτοῖς

321 2030 348 2052 “
376 2024 753 2089 ἁρπαγησόμεθα
791 2027 838 2075 ἐν
874 2025 1092 2093 νεφέλαις
1126 2029 1187 2078 εἰς
1222 2025 1489 2089 ἀπάντησιν
1527 2031 1609 2076 τοῦ
1638 2026 1812 2090 Κυρίου
1843 2029 1904 2078 εἷς

324 2113 351 2136 “
377 2106 503 2171 ἀέρα,
549 2109 624 2156 καὶ
669 2107 813 2160 οὕτως
853 2106 1054 2158 πάντοτε
1105 2106 1196 2158 σὺν
1244 2108 1403 2177 Κυρίῳ
1448 2106 1698 2171 ἐσόμεθα.”
1763 2106 1905 2171 ἀνέβη

323 2188 478 2239 τοίνυν
513 2190 574 2242 ὡς
609 2188 867 2255 ἅνθρωπος,
896 2189 970 2240 ἵνα
1004 2191 1079 2240 καὶ
1113 2188 1198 2253 τὴν
1231 2190 1355 2258 αὐτῷ
1379 2193 1453 2240 καὶ
1479 2189 1607 2259 μόνῳ
1631 2190 1906 2255 πρέπουσαν

325 2270 563 2329 οὶνοίβασιν·
603 2270 673 2321 ὅτι
709 2269 830 2325 Θεὸς
865 2274 940 2322 καὶ
978 2274 1027 2322 ἐκ
1067 2275 1191 2323 Θεοῦ
1229 2272 1347 2322 ἔστι·
1390 2273 1464 2322 καὶ
1503 2272 1612 2335 ἡμῖν
1643 2277 1738 2324 τοῖς
1769 2293 1904 2322 πεπι-
1926 2289 1974 2327 25

326 2352 578 2404 στευκόσιν
603 2353 824 2422 ἀποφήνῃ
848 2353 1017 2418 βατήν.
1102 2353 1239 2409 αὐτὸς
1268 2360 1343 2406 κον)
1375 2353 1442 2414 τὴν
1470 2355 1588 2405 ἰδίαν
1614 2355 1904 2419 ἐπαγγελίαν

393 2525 485 2559 1.δέ
514 2537 576 2569 pro
604 2525 632 2559 δ’
660 2524 700 2559 ἂν
728 2526 772 2560 Α.
845 2525 917 2571 ἐπὶ]
946 2530 982 2567 -†-
1013 2528 1072 2560 τοῦ
1101 2528 1145 2559 A.
1216 2525 1255 2559 ‘O
1282 2526 1466 2570 οἰκοδομῶν
1490 2526 1533 2559 A.
1558 2525 1594 2562 ὃς
1618 2526 1787 2571 οἰκοδομεῖ
1812 2527 1903 2562 Edd.

329 2580 361 2617 7.
387 2572 457 2617 ἔχει
477 2572 701 2606 Edd.1nut1s
721 2575 762 2606 A.
770 2573 809 2607 Β.
861 2576 1055 2618 προῦκειται
1073 2572 1161 2618 (sic)
1181 2572 1272 2607 Edd.
1290 2575 1460 2617 πρόκειται
1479 2573 1613 2618 Migne.
1803 2576 1836 2609 8.
1861 2576 1906 2611 ὡς

329 2621 403 2664 Θεῷ
420 2619 571 2662 βάσιμον
587 2619 690 2662 αὐτὴν
705 2619 857 2665 ἀπέφηνε
874 2622 944 2655 τοῖς
959 2620 1002 2654 Β.
1020 2621 1064 2656 ὡς
1082 2623 1157 2666 Θεῷ
1173 2621 1257 2661 βάσ.
1276 2620 1377 2663 αὐτὴν
1393 2620 1564 2664 ἀποφῆναι
1582 2621 1704 2656 τοῖςΑ.
1724 2621 1768 2656 ὡς
1781 2621 1884 2668 Θεῴ“
1870 2636 1907 2657 ος

328 2666 478 2708 βάσιμον
493 2666 595 2700 αὐτὸν
610 2666 763 2711 ἀπέφηνε
779 2668 850 2702 τοῖς
869 2666 960 2702 Edd.
1203 2678 1255 2701 10.
1283 2669 1301 2700 ὁ
1319 2667 1501 2702 θεσπεσίος
1518 2667 1643 2712 γράφει
1661 2670 1798 2704 Παῦλος
1814 2669 1858 2702 A.
1864 2669 1906 2703 Β.

330 2714 468 2747 Παῦλος
483 2713 611 2758 γραφει
630 2713 721 2747 Edd.
1156 2725 1208 2748 11.
1233 2714 1432 2758 ἐνεφάνισεν
1448 2713 1492 2747 Α.
1510 2713 1713 2758 ἐνεφανίσθη
1731 2716 1796 2760 γὰρ
1815 2715 1906 2750 Edd.

335 2769 389 2803 15.
416 2759 546 2793 Haec‘
530 2774 548 2793 ο
565 2761 724 2804 μακάριος
741 2760 891 2794 desunt
884 2772 920 2794 ln
938 2759 1030 2795 Edd.
1078 2761 1221 2813 γράφων
1238 2772 1301 2806 pro
1318 2760 1381 2805 λεγ
1383 2775 1428 2794 ων
1444 2761 1487 2795 Α.
1554 2760 1649 2795 Haec
1666 2764 1855 2796 τοῦτο-λά
1857 2777 1906 2809 γῳ

333 2806 458 2850 Κυρίου
475 2813 508 2840 et
525 2807 556 2840 οἱ
572 2809 741 2850 περιλειπ.
744 2809 850 2841 -τοῦ
868 2807 993 2852 Κυρίου
1011 2807 1161 2842 desunt
1155 2819 1189 2841 ln
1210 2807 1299 2841 Edd.
1593 2809 1829 2853 Ῥφθάσομεν
1845 2810 1905 2843 iid.

336 2853 401 2885 18-
379 2863 459 2886 2-1.
485 2852 537 2887 ὅτι
554 2853 653 2889 αὐτὸς
669 2855 767 2887 ὁ-οἱ
785 2855 902 2896 ζῶντες
919 2855 950 2888 οἶ
965 2856 1235 2899 περιλειπόμενοι
1253 2818 1583 2888 Α.Β.ἀλλἘ(1(1.Ι
1725 2867 1780 2890 22.
1810 2855 1905 2890 Haec

332 2898 378 2933 εἷς
395 2899 777 2944 ἀπάντησιν-ἐσόμεθα
795 2901 945 2935 desunt
938 2913 973 2934 ln
992 2900 1084 2935 Edd.
1378 2911 1431 2944 23.
1458 2901 1522 2934 σὺν
1541 2901 1652 2948 Κυρίῳ
1670 2901 1701 2936 Α
1719 2914 1790 2948 mg.
1812 2902 1852 2936 B.
1870 2903 1906 2937 ἐν

333 2946 444 2990 Κυρίῳ
462 2947 506 2979 A.
662 2959 715 2989 24.
743 2948 935 2992 Assumpta
952 2948 1004 2981 καὶ
1021 2947 1118 2992 prius
1137 2959 1178 2981 ex
1196 2948 1238 2981 A.
1245 2947 1285 2981 B.
1305 2947 1357 2981 καὶ
1375 2949 1432 2981 alt.
1451 2959 1491 2981 ex
1511 2948 1553 2982 A
1706 2959 1744 2983 2—·
1728 2972 1759 2991 ).
1782 2951 1851 2985 τοῖς
1867 2964 1902 2983 π.

332 3006 363 3024 (ι.
383 2992 503 3037 βατην]
524 2993 679 3038 ἀποφήνῃ
696 2995 802 3037 βατην
820 2996 888 3030 τοῖς
903 2996 1165 3030 πεπιστευκόσιν
1182 2994 1228 3030 εἷς
1245 2995 1344 3029 αὐτόν
1363 2994 1402 3027 Β.
