2021 3434
155 197 395 258 vii.11—13.
535 208 607 249 IN
655 211 1040 259 MICHAEAM.
1099 219 1248 259 TOM.
1282 220 1366 261 III.
1646 227 1727 266 729

147 305 325 369 πόλεις,
362 315 436 363 καὶ
476 321 535 370 εἰς
572 316 854 391 διαμερισμὸν
892 328 967 375 καὶ
1009 328 1363 395 καταστροφήν.
1431 334 1472 380 οἱ
1510 330 1594 393 μὲν
1633 333 1725 399 γὰρ

144 388 328 454 ἐκείνης,
356 397 396 443 οἱ
435 395 483 446 δὲ
521 401 602 462 τῆς
638 402 855 467 γείτονος,
883 407 1026 472 ἕτεροι
1057 407 1104 458 δὲ
1140 411 1222 472 τῆς
1251 410 1423 475 ὁμόρου
1447 434 1719 478 καταστρα-

143 469 399 537 τεύσονται,
428 481 503 528 καὶ
530 479 719 546 ἀπάσης
753 491 1154 553 καταδραμοῦνται
1192 494 1273 553 τῆς
1306 495 1392 556 γῆς
1429 494 1474 561 ἐξ
1514 494 1626 562 ὄρους
1664 501 1723 550 εἰς

143 551 244 619 ἔρος,
271 556 328 623 ἐξ
358 557 466 621 ἠοῦς
504 565 566 614 εἷς
597 563 747 628 δύσιν,
774 569 835 620 ὡς
867 570 915 619 ἐκ
950 572 1118 635 βορέου
1148 570 1265 637 πρὸς
1303 572 1450 636 νότον,
1491 578 1553 629 ὡς
1585 577 1722 644 μέχρι

98 635 380 699 5τερμάτων
434 640 629 695 ἅπασαν
691 649 856 703 ἁπλῶς
914 655 1263 720 καταδῃοῦσθαι
1325 655 1409 719 τὴν
1468 660 1575 720 γῆν,
1629 658 1764 710 εἰπόὶ)

138 715 266 784 Τύρου
305 719 382 775 ἕως
421 733 630 789 ποταμοῦ
663 731 737 780 καὶ
777 731 822 800 ἐξ
861 732 970 800 ἴρεως
999 739 1056 788 εἰς
1085 736 1188 800 ἔρος.
1255 736 1372 790 εἰκὸς
1408 737 1455 789 δὲ
1490 738 1545 802 δὴ
1572 739 1719 791 πάλιν

139 796 307 866 νόμιμοι
347 804 500 869 λέγειν
544 809 592 857 ἐν
631 811 810 865 τούτοις
852 812 934 867 τὰς
976 817 1024 865 ἐν
1061 816 1152 866 ἔθει
1194 820 1457 882 τεθειμένας
1494 827 1590 875 τοῖς
1623 827 1718 873 τῶν

136 881 342 933 εἰδώλων
376 886 612 947 τεμένεσιν
650 893 824 958 ἑορτὰς,
864 895 1010 960 ἤγουν
1046 897 1128 951 τὰς
1167 901 1349 953 θυσίας.
1417 904 1715 969 ἀνῃρημένων

133 961 226 1026 γὰρ
253 965 405 1020 αὐτοῖς
431 974 524 1019 τῶν
550 972 750 1037 πόλεων,
778 976 914 1026 οἴκων
940 1001 988 1028 τε
1015 981 1090 1029 καὶ
1116 985 1210 1030 τῶν
1236 983 1283 1031 ἐν
1309 984 1462 1036 αὐτοῖς
1494 985 1715 1035 ἁπάντων

67 1063 114 1087 10
133 1044 508 1113 διηρπασμένων,
534 1054 602 1107 τίς
633 1056 657 1104 ὁ
681 1058 956 1122 πληρώσων
980 1060 1044 1110 ἔτι
1076 1060 1134 1111 τὰ
1169 1065 1490 1126 νενομισμένα,
1518 1068 1591 1116 καὶ
1618 1072 1713 1121 τοῖς

129 1132 224 1178 τῶν
250 1132 455 1184 εἰδώλων
481 1137 604 1188 ἕδεσι
631 1142 704 1190 καὶ
733 1147 857 1195 ναοῖς
882 1149 1187 1207 προσκομιῶν
1213 1145 1266 1196 τὸ
1293 1147 1470 1208 σεῙΒαςς

194 1209 284 1263 Ἴοι
325 1215 368 1264 δ’
412 1214 471 1267 ἀν
512 1220 536 1268 ὁ
582 1220 740 1285 λόγος,
785 1225 860 1273 καὶ
905 1225 1036 1286 μάλα
1079 1227 1276 1291 εἰκότως,
1316 1231 1391 1280 καὶ
1436 1229 1506 1281 ἐπ’
1546 1233 1710 1286 αὐτοὺς

129 1294 254 1362 εἴπερ
306 1297 459 1352 ἕλοιτό
503 1326 572 1356 τις
614 1304 722 1360 τοὺς
765 1308 1072 1377 ἑτερόφρονας
1121 1315 1196 1362 καὶ
1241 1314 1590 1383 δοκησισόφους
1633 1320 1708 1368 καὶ

126 1376 186 1428 τὰ
217 1379 335 1445 ὀρθοὶ
365 1385 447 1446 τῆς
482 1382 773 1450 Ἐκκλησιάς
805 1390 1018 1456 δόγματα
1057 1395 1441 1463 διαστρέφοντας.
1509 1398 1744 1461 ἥλωσανο

61 1473 107 1512 15
125 1458 219 1524 γὰρ
257 1463 318 1515 ὡς
358 1465 530 1529 πόλεις,
572 1470 647 1518 καὶ
687 1475 745 1525 εἰς
785 1467 1067 1541 &Quem-subu
1105 1476 1331 1540 γεγόνασι
1369 1483 1464 1532 τοῖς
1505 1481 1701 1547 ἐχθροῖς·

123 1543 270 1605 δῆλον
319 1543 366 1595 δὲ
408 1546 478 1597 ὅτι
518 1554 612 1603 τοῖς
657 1555 1038 1620 κοσμοκράτορσι
1078 1563 1160 1608 τοῦ
1206 1562 1369 1613 αἰῶνος
1406 1561 1586 1612 τούτου·
1630 1567 1704 1615 καὶ

120 1625 299 1690 μερίδες
324 1628 579 1694 γεγόνασιν
605 1634 875 1697 ἀλωπέκων,
904 1637 1020 1687 κατὰ
1059 1639 1113 1689 τὸ
1147 1643 1481 1706 γεγραμμένον,
1507 1647 1699 1711 μερισά-
1762 1655 1816 1729 {³³-
1832 1656 1902 1688 lxii.

120 1728 249 1769 μενοι
285 1708 370 1773 τὴν
404 1713 626 1772 ἀσέβειαν
664 1718 738 1766 καὶ
777 1716 882 1771 τοὺς
917 1722 1000 1782 τῆς
1037 1725 1353 1789 βλασφημίας
1385 1725 1584 1789 τρόπους
1625 1730 1699 1778 καὶ
1789 1709 1814 1731 Ῑ’

120 1792 203 1853 τῆς
225 1792 445 1856 ἀληθείας
471 1794 555 1859 τὴν
581 1797 885 1865 κατάῥρησιν.
948 1803 1220 1867 συμβέβηκε
1257 1805 1306 1855 δὲ
1340 1809 1471 1857 ταυτὶ
1503 1811 1577 1859 καὶ
1604 1815 1699 1863 τοῖς

54 1872 354 1926 2οἹουδαίων
398 1876 570 1941 δήμοις,
618 1879 692 1931 ὅτε
742 1881 824 1932 τὸν
866 1883 1173 1949 Ἐμμανουὴλ
1217 1889 1418 1942 ἀνοσίως
1459 1893 1698 1957 περιυβρί-

117 1977 300 2020 σαντες,
351 1959 671 2025 ἐκβεβλήκασι
721 1963 805 2026 μὲν
861 1966 952 2034 ἔξω
1008 1972 1090 2018 τοῦ
1137 1970 1425 2032 ἀμπελῶνος,
1476 1972 1593 2022 κατὰ
1642 1973 1695 2024 τὸ
1757 1984 1914 2035 SMatth.

115 2040 451 2105 γεγραμμένον,
494 2048 684 2113 σταυρῷ
734 2044 783 2095 δὲ
832 2048 1116 2113 παρέδοσαν,
1168 2052 1315 2102 καίτοι
1357 2052 1573 2118 λέγοντες
1619 2061 1693 2107 καὶ
1756 2039 1894 2071 XXI-39.

112 2120 422 2186 ἐπεγνωκότες
460 2123 529 2174 ὅτι
567 2125 704 2179 αὐτός
741 2128 871 2178 ἐστιν
904 2130 928 2179 ὁ
962 2130 1265 2195 κληρονόμος.
1333 2134 1567 2200 τοιγάρτοι
1602 2160 1688 2188 πε·
1711 2146 1803 2186 dIb.
1825 2154 1874 2194 38-

111 2199 369 2267 πόρθηνται
405 2207 479 2256 καὶ
516 2208 694 2261 ἀκλεῶς
726 2210 1028 2273 διολώλασιν,
1057 2213 1143 2279 οὐχ
1176 2214 1330 2279 ἑτέρου
1361 2239 1442 2266 του
1479 2218 1629 2283 χάριν,
1661 2219 1689 2284 ἢ

46 2297 94 2334 25
114 2282 165 2334 ἐκ
193 2284 370 2354 καρπῶν
395 2285 747 2358 ἐπιτηδευμάτων
774 2291 920 2344 αὐτῶν.
985 2293 1087 2344 δέον
1117 2293 1210 2360 γὰρ
1245 2296 1454 2360 ἄγασθαι
1481 2298 1562 2350 τὸν
1588 2306 1685 2366 Δη-

113 2365 352 2431 μιουργὸν,
381 2371 464 2433 τῆς
497 2373 560 2424 εἰς
592 2371 675 2422 τὸν
714 2373 896 2436 κόσμον
927 2374 1124 2440 ἀγάπης,
1151 2376 1220 2427 ὅτι
1247 2377 1371 2429 ((τὸν
1397 2379 1512 2431 Υὶὸν
1545 2383 1687 2434 αὑτοῦ
1747 2393 1890 2427 S·J0a¹¹-

1760 2449 1792 2469 Il.
1855 2464 1862 2471 .

113 2453 141 2475 “’
165 2445 248 2498 τὸν
276 2452 524 2516 Μονογενῆ
559 2453 764 2517 δέδωκεν,
793 2455 867 2505 ἵνα
899 2460 990 2510 πᾶς
1025 2458 1050 2507 ὁ
1085 2460 1320 2510 πιστεύων
1355 2465 1417 2514 εὶς
1447 2461 1587 2514 αὐτὸν
1620 2465 1684 2530 μὴ
1747 2449 1757 2469 l
1814 2439 1851 2470 16

157 2598 191 2632 3.
217 2588 254 2632 ἐξ
272 2589 370 2633 ὀροῦς
386 2590 429 2624 A.
448 2591 486 2635 ἐξ
503 2592 591 2636 ὀρῶν
608 2593 700 2628 Edd.
749 2595 796 2631 εἷς
813 2594 908 2640 ὅρος]
929 2596 974 2631 εἷς
991 2595 1051 2639 ὅρη
1070 2597 1112 2630 Α.
1255 2611 1288 2641 4.
1316 2599 1472 2645 ἐξιούσης
1489 2602 1535 2638 εἷς
1551 2605 1684 2646 βρῶσιν

109 2633 199 2678 (sic)
216 2647 279 2679 pro
296 2636 334 2679 ἐξ
351 2635 429 2681 ἠοῦς
445 2639 491 2674 εἷς
508 2639 607 2674 δύσιν
624 2641 667 2674 Α.
719 2640 842 2676 Statim
861 2643 904 2677 ὡς
921 2650 1141 2688 assumptum
1159 2656 1200 2678 ex
1216 2646 1304 2680 AB.
1445 2658 1478 2691 5.
1505 2649 1619 2686 ἁπλῶς
1637 2654 1680 2686 Α.

108 2681 228 2717 αὐτοὺς
243 2682 333 2717 Edd.
385 2684 509 2719 Statim
527 2687 712 2730 καταδῃοῦν
728 2688 785 2722 iid.
805 2689 921 2722 invitis
939 2690 1029 2723 A.B.
1250 2692 1283 2726 6.
1309 2692 1411 2739 εἰκὸς]
1431 2693 1519 2731 οἶκος
1538 2698 1617 2739 (Sic)
1636 2700 1679 2732 Α.

110 2735 141 2771 7.
167 2729 305 2772 νόμιμον
323 2730 414 2765 Edd.
431 2732 547 2767 invitis
564 2733 646 2768 A.b.
891 2736 923 2769 8.
953 2737 1010 2771 τὰς
1027 2737 1122 2770 deest
1140 2738 1175 2771 in
1192 2737 1227 2772 b.
1508 2755 1541 2786 9.
1567 2744 1680 2780 αὐτοῖς

107 2774 204 2817 prius
223 2776 266 2808 A.
284 2776 316 2810 b.
335 2777 443 2811 αὐτῶν
460 2779 551 2814 Edd.
610 2780 688 2825 παρ’
707 2793 769 2826 pro
786 2782 851 2826 γὰρ
868 2783 1074 2826 praecedens
1093 2784 1126 2817 b.
1401 2798 1452 2821 10.
1478 2790 1616 2832 πληρῶν
1635 2791 1678 2825 Β.

108 2820 234 2855 Statim
250 2823 298 2856 ἔτι
316 2835 385 2857 om.
406 2824 447 2858 B.
649 2839 700 2861 11.
726 2830 962 2873 προσκομίζων
980 2829 1063 2873 (Sic)
1082 2830 1124 2863 Α.
1318 2844 1369 2874 14.
1395 2834 1535 2876 ἥλωσαν
1551 2837 1616 2880 γὰρ
1635 2838 1678 2872 ὡς

105 2868 222 2902 πόλεις
239 2870 281 2902 Α.
300 2869 372 2913 ἥλω
388 2872 454 2916 ’γὰρ
471 2871 490 2915 ἡ
506 2874 606 2908 πόλις
625 2874 715 2909 Edd.
930 2884 983 2919 17.
1009 2876 1204 2922 γεγόνασιν]
1230 2882 1264 2918 —†-
1287 2883 1352 2913 τῶν
1374 2879 1413 2913 B.
1478 2882 1611 2928 μερισ.]
1636 2889 1673 2924 -f—

106 2913 142 2946 δὲ
162 2913 253 2948 Edd.
271 2915 388 2950 invitis
405 2918 495 2953 A.B.
781 2922 833 2955 18.
870 2920 964 2955 Haec
982 2924 1033 2955 καὶ
1051 2923 1128 2958 τοὺς
1144 2925 1202 2967 τῆς
1217 2926 1277 2964 βλ.
1296 2928 1440 2969 τρόπους
1457 2938 1676 2965 accesserunt

105 2971 147 2994 ex
166 2960 209 2994 A.
355 2974 406 3008 19.
432 2965 518 3012 τοῖς]
542 2971 577 3007 4-
598 2971 664 3001 τῶν
684 2967 724 3001 Β.
877 2979 930 3001 20.
957 2968 1007 3001 ὅτι
1026 2981 1088 3013 pro
1105 2970 1161 3004 ὅτε
1179 2970 1268 3005 Edd.
1288 2974 1565 3018 repugnantibus
1584 2977 1674 3012 AB.

106 3017 162 3049 24.
188 3022 247 3042 του
265 3020 334 3043 om.
354 3011 396 3045 A.
590 3025 644 3059 27.
670 3012 827 3059 δέδωκεν]
846 3014 966 3048 ἔδωκεν
983 3016 1025 3049 Α.

164 3076 254 3106 v01..
278 3080 305 3107 1.
880 3082 904 3125 5
927 3086 952 3111 A
