2021 3434
345 208 430 248 590
718 208 766 248 Β.
806 207 1084 249 CYRILLI
1127 209 1512 250 ALEXANDR.
1751 208 1809 248 iii.
1833 207 1927 262 6—9.

344 316 562 382 κατήκοοι
602 316 742 381 ἦσαν,
781 321 856 369 καὶ
899 318 1036 373 αὐτὸς
1075 321 1100 370 ὁ
1139 324 1206 389 τῷ
1244 320 1474 390 σκήπτρῳ
1513 319 1810 385 τετιμημένος
1853 321 1928 370 καὶ

344 404 444 452 ταῖς
484 399 707 451 ἀνωτάτω
747 401 1115 465 κατεστεμμένος
1153 403 1377 455 εὐκλείαις
1417 402 1641 469 ὑπεχώρει
1677 401 1762 466 μὲν
1795 399 1928 454 εὐθὺς

343 485 438 530 τῶν
472 483 555 544 τῆς
587 482 837 541 βασιλείας
877 481 1039 549 θρόνων,
1079 485 1312 550 ε’ῤῥῶσθαι
1351 483 1398 535 δὲ
1438 484 1632 552 φράσας
1670 488 1770 537 ταῖς
1802 484 1928 552 αὐτῷ

342 562 633 628 πρεπούσαις
667 568 879 626 στολαῖς,
907 567 983 615 καὶ
1021 566 1281 632 ἁλουργίδα
1315 565 1445 620 ἐκδὺς
1479 563 1770 633 περιεβάλετο
1809 565 1928 615 edn-

119 658 211 692 384
225 657 272 691 A.
305 668 427 706 anov,
464 644 706 696 τουτέστιν
741 647 788 696 ἐν
821 651 1053 700 πενθικοῖς
1091 646 1149 712 ἧν
1187 647 1449 716 σχήμασιν·
1505 647 1730 717 ἐφιζήσας
1766 645 1813 697 δὲ
1853 647 1968 702 καὶ5

343 723 501 795 σποδῷ
536 726 758 791 σύνθημα
795 734 891 782 τοῖς
930 729 1096 783 ἄλλοις
1134 731 1283 781 ἐδίδου
1322 729 1375 781 τὸ
1413 733 1580 797 χρῆναι
1614 732 1689 780 καὶ
1735 730 1927 790 ἀσιτεῖν,

342 810 417 858 καὶ
467 810 806 874 ἀκαταλήκτοις
852 816 1002 865 λιταῖς
1050 812 1389 880 ἐξημεροῦντας
1431 811 1555 863 Θεὸν
1606 811 1800 880 ἐξαιτεῖν
1845 809 1928 861 τὸν

341 890 490 941 ἔλεον.
557 894 705 960 σοφοὶ
746 892 794 944 δὲ
842 895 952 944 λίαν
1003 897 1045 945 οἱ
1094 898 1345 958 Νινευῖται,
1387 893 1823 958 συνεπιτηδεύοντες
1867 896 1927 960 τῇ

342 974 536 1042 νηστείᾳ
579 976 655 1025 καὶ
698 978 782 1039 τῆς
823 975 1122 1044 φαυλότητος
1171 975 1256 1040 τὴν
1300 974 1630 1044 ἀποστροφήν·
1684 975 1927 1038 μετανοίας
2009 1040 2012 1049 ,

341 1053 435 1121 γὰρ
467 1055 600 1109 οὗτος
633 1054 691 1106 ἂν
717 1057 784 1122 εἰἠ
819 1061 894 1109 καὶ
930 1059 1071 1122 μόνος
1099 1060 1123 1109 ὁ
1151 1058 1331 1124 ἀληθὴς
1356 1061 1430 1109 καὶ
1457 1057 1707 1121 ἀμώμητος
1733 1056 1918 1124 τρόπος.
1948 1081 2012 1122 ¹0}

341 1135 497 1201 ἐπειδὴ
536 1137 583 1188 δὲ
621 1138 676 1188 τὸ
713 1141 762 1189 ἐν
799 1139 977 1194 τούτοις
1010 1140 1214 1208 εὐτεχνές
1247 1141 1330 1191 οὐκ
1360 1140 1479 1208 ε”χων
1511 1141 1535 1190 ὁ
1560 1137 1777 1206 Ἰσραὴλ,
1811 1140 1926 1189 ἀλο-

342 1219 560 1284 γωτάτην
605 1220 712 1272 ἔσθ’
751 1220 827 1272 ὅτε
865 1224 939 1273 καὶ
980 1222 1192 1288 βέβηλον
1235 1224 1523 1274 ἐπεδείκνυτο
1564 1220 1649 1285 τὴν
1691 1221 1923 1285 νηστείαν,

342 1301 522 1353 ἐκέλευε
573 1307 639 1372 τῷ
687 1303 910 1372 προφήτῃ
961 1305 1080 1359 Θεὸς
1126 1309 1188 1359 εἷς
1233 1307 1357 1374 ὕψος
1400 1305 1589 1372 αἴροντα
1636 1304 1720 1368 τὴν
1762 1304 1926 1373 φωνὴν

121 1396 267 1427 Es.lviii.
296 1383 665 1449 bdwayyf'sXAecv
704 1387 873 1445 αὐτοῖς,
917 1386 988 1438 ὅτι
1037 1394 1065 1416 “
1085 1389 1160 1438 Οὐ
1209 1388 1383 1452 ταύτην
1431 1385 1515 1451 τὴν
1559 1387 1778 1451 νηστείαν
1819 1386 1919 1455 ἐξε-

122 1451 151 1481 5-

341 1473 369 1495 “
396 1465 622 1534 λεξάμην,
670 1468 796 1534 λε’γει
848 1468 1063 1535 Κύριος.”
1129 1472 1203 1521 καὶ
1254 1469 1329 1520 διὰ
1378 1471 1518 1521 ποίαν
1567 1470 1716 1520 αἰτίαν
1760 1471 1919 1530 διαμε·
1947 1486 1991 1526 15

119 1561 260 1603 Ib.3-5.
337 1546 539 1612 μήνυκεν
586 1548 738 1611 αὐτὸς,
789 1551 1048 1617 ἐπενεγκὼν
1091 1552 1223 1605 εὐθύς
1265 1553 1395 1602 “Ἐν
1445 1551 1538 1618 γὰρ
1589 1556 1688 1605 ταῖς
1736 1551 1924 1617 ἡμέραις

339 1638 365 1660 “
390 1635 485 1681 τῶν
529 1637 757 1696 νηστειῶν
809 1634 938 1697 ὑμῶν
989 1634 1222 1700 εὑρίσκετε
1269 1633 1327 1684 τὰ
1373 1633 1617 1698 θελήματα
1661 1630 1804 1697 ὑμῶν,
1849 1637 1924 1684 καὶ

337 1719 364 1742 “
389 1711 569 1768 πάντας
625 1714 732 1769 τοὺς
792 1716 1080 1783 ὑποχειρίους
1138 1716 1445 1767 ὑπονύσσετε·
1510 1720 1573 1770 εἷς
1620 1717 1794 1782 κρίσεις
1844 1717 1922 1767 καὶ

335 1801 363 1824 “
389 1794 545 1863 μάχας
577 1797 838 1861 νηστεύετε,
880 1800 955 1848 καὶ
993 1798 1185 1850 τύπτετε
1222 1803 1429 1864 πυγμαῖς
1467 1799 1698 1851 ταπεινόν.
1762 1798 1837 1849 ἵνα
1872 1798 1922 1849 τί

335 1884 363 1907 “
387 1900 466 1941 μοι
519 1880 766 1944 νηστεύετε
816 1882 878 1933 ὡς
929 1878 1136 1947 σήμερον
1176 1882 1464 1944 ἀκουσθῆναι
1509 1882 1558 1932 ἐν
1608 1884 1789 1949 κραυγῇ
1834 1880 1920 1946 τὴν
1941 1906 1988 1933 20

334 1967 363 1989 “
389 1959 553 2029 φωνὴν
602 1963 762 2026 ὑμῶν,
814 1963 866 2013 οὖ
911 1963 1084 2028 ταύτην
1121 1962 1207 2027 τὴν
1253 1965 1472 2029 νηστείαν
1513 1964 1802 2033 ἐξελεξάμην
1846 1966 1921 2015 καὶ

333 2049 362 2072 “
388 2042 564 2109 ἡμέραν
601 2050 848 2096 ταπεινοῦν
889 2045 1137 2112 ἄνθρωπον
1177 2045 1262 2111 τὴν
1306 2045 1472 2115 ψυχὴν
1512 2047 1699 2098 αὐτοῦ.”
1756 2047 1922 2098 οὐκοῦν
2002 2055 2007 2107 ξ

333 2126 545 2188 ἀμείνους
595 2130 636 2177 οἱ
677 2130 928 2191 Νινευῖται,
971 2127 1181 2194 καθαρὰν
1229 2131 1304 2179 καὶ
1353 2129 1549 2192 ἄμωμον
1603 2131 1921 2183 ἐπιτελοῦντες

332 2211 441 2277 Θεῷ
478 2208 564 2273 τὴν
600 2210 834 2273 νηστείαν.
902 2209 1224 2276 μεμαρτύρηκε
1261 2209 1354 2277 γὰρ
1392 2210 1446 2261 τὸ
1484 2210 1682 2277 γράμμα
1709 2209 1764 2262 τὸ
1799 2209 1921 2278 ἱερὸν

331 2289 402 2341 ὅτι
439 2287 722 2361 ἀπέστρεψεν
754 2290 946 2347 ἕκαστος
977 2294 1071 2344 dms}
1110 2291 1186 2352 τῆς
1222 2290 1315 2344 ὁὸοῧ
1350 2295 1480 2344 αὐτοῦ
1511 2292 1586 2353 τῆς
1618 2295 1801 2364 πονηροῖς
1841 2299 1917 2346 noe}
1938 2286 2006 2376 25}

293 2372 425 2424 eo’m‘o
470 2372 544 2433 τῆς
583 2371 769 2429 ἀδικίας
808 2373 882 2434 τῆς
924 2375 961 2425 ἐν
995 2379 1140 2440 χερσὶν
1186 2374 1338 2426 αὐτῶν.
1407 2374 1521 2426 εἵσω
1564 2374 1612 2426 δὲ
1651 2377 1800 2441 λόγου
1844 2377 1919 2427 καὶ
2001 2379 2005 2440 ξ

333 2455 502 2523 φρενὸς
540 2454 594 2506 τὸ
629 2455 864 2522 δρώμενον
901 2455 974 2520 ἦν.
1038 2456 1383 2508 πεπιστεύκασι
1416 2456 1510 2524 γὰρ
1552 2457 1622 2508 ὅτι
1662 2460 1916 2525 μετανοήσει
2000 2491 2005 2510 ι

332 2537 445 2592 Θεὸς
489 2543 566 2589 καὶ
609 2535 888 2607 ἀποστρέψει
928 2537 986 2589 τὰ
1025 2539 1070 2608 ἐξ
1109 2538 1247 2608 ὀργῆς.
1315 2537 1368 2590 τὸ
1410 2538 1458 2590 δὲ
1497 2541 1752 2607 μετανοήσει
1792 2541 1916 2608 φησὶ
1999 2550 2004 2603 Ι

332 2621 433 2670 ἀντὶ
484 2625 567 2670 τοῦ
617 2620 1062 2684 μεταβουλεύσεται,
1114 2619 1201 2673 κᾶν
1248 2620 1323 2689 ἰ’δῃ
1372 2620 1815 2690 μεταφοιτήσαντας
1866 2623 1915 2672 ἐκ

383 2753 413 2775 1.
438 2741 604 2779 Βασιλεὺς
621 2753 683 2786 pro
701 2744 746 2788 τῷ
766 2741 1138 2789 σκήπτρῳ-εὐκλείαις
1158 2743 1200 2778 Β.
1401 2754 1432 2777 2.
1459 2742 1556 2778 εὐθὺς
1570 2748 1794 2788 assumptum
1811 2754 1853 2776 ex
1871 2741 1914 2776 B.
1998 2736 2002 2776 Ῐ,

333 2799 365 2832 3.
392 2787 552 2833 ἕῤῥεσθαι
571 2787 662 2822 Edd.
839 2802 871 2831 4.
898 2788 967 2834 καὶ]
992 2794 1029 2830 -ὶ-
1050 2790 1109 2834 τὴν
1127 2789 1186 2823 iid.
1236 2790 1483 2834 περιεβάλλετο
1501 2789 1561 2824 iid.
1736 2800 1789 2824 10.
1818 2788 1915 2824 Haec
1998 2789 2002 2820 θ

333 2835 386 2867 καὶ
402 2837 503 2878 μόνος
520 2837 538 2868 ὁ
555 2841 775 2869 accesserunt
792 2847 833 2869 ex
854 2836 896 2870 B.
1090 2848 1101 2870 1
1113 2848 1142 2871 1.
1169 2838 1187 2870 ὁ
1204 2848 1274 2871 om.
1291 2837 1483 2871 Aubertus.
1689 2847 1742 2870 12.
1769 2836 1914 2870 ἐποιεῖτο

332 2892 394 2924 pro
412 2882 503 2915 ἐπεδ.
523 2881 614 2916 Edd.
666 2882 792 2916 Statim
809 2882 869 2926 τὴν
886 2895 957 2916 om.
976 2883 1036 2917 iid.
1240 2894 1292 2928 17.
1320 2884 1410 2927 ὑμῶν
1427 2882 1541 2928 prius]
1562 2883 1653 2927 ἡμῶν
1670 2882 1761 2918 Edd.
1780 2882 1912 2917 correxi
1997 2863 2021 2927 Ν

330 2933 409 2970 post
427 2928 560 2973 Migne.
705 2939 827 2974 19—22.
856 2929 953 2963 Haec
970 2929 1189 2975 ’ἶνα-ψυχὴν
1207 2931 1308 2964 αὐτοῦ
1326 2936 1507 2975 assumpta
1523 2942 1564 2964 ex
1584 2930 1624 2964 B.
1769 2929 1823 2963 26.
1852 2929 1911 2963 αὖ·
1996 2928 2000 2972 i
2016 2943 2021 2973 5

330 2975 389 3006 τοῦ
408 2973 498 3008 Edd.
699 2986 753 3020 27.
779 2976 844 3020 γὰρ
863 2983 1084 3022 assumptum
1105 2988 1146 3010 ex
1166 2977 1207 3011 B.
1412 2978 1466 3011 28.
1494 2977 1660 3022 ἀνακόψει
1677 2987 1740 3021 pro
1758 2976 1810 3009 καὶ
1827 2975 1910 3010 ἀπο-

332 3019 478 3064 στρέψει
496 3020 555 3055 iid.
751 3033 805 3065 29.
831 3022 1041 3067 βουλήσεται
1060 3034 1122 3068 pro
1139 3023 1449 3068 μεταβουλεύσεται
1469 3023 1528 3058 iid.
1577 3022 1650 3069 ἰ’δῃ]
1669 3022 1738 3066 εἵδῃ
1757 3022 1816 3057 fid.
