2021 3434
123 214 147 254 i.
171 230 212 268 4,
235 227 274 269 5.
592 215 665 255 IN
707 216 941 256 OSEAM.
1002 215 1151 255 TOM.
1186 213 1221 253 I.
1643 214 1698 253 27

122 327 147 377 ὁ
173 330 266 377 τῶν
291 323 477 375 δικαίων
508 324 812 390 προστάτης;
853 325 1131 393 συντρίψειν
1166 324 1247 375 οὖν
1278 320 1620 388 ἐπαγγέλλεται
1645 318 1698 370 τὸ

121 409 262 477 τόξον
292 413 375 458 τοῦ
400 408 600 474 Ἰσραὴλ
637 408 685 457 ἐν
720 411 778 475 τῇ
810 406 990 457 κοιλάδι
1025 412 1108 457 τοῦ
1132 404 1361 472 Ἰεσράελ.
1442 402 1698 465 νενίκηνται

121 490 228 557 γὰρ,
264 492 324 543 ὡς
363 489 495 559 ἔφην,
534 487 622 540 ὑπό
660 511 709 539 τε
747 494 829 540 τοῦ
854 487 1033 553 Ἀζαὴλ
1070 491 1143 539 καὶ
1178 488 1333 551 μέντοι
1363 491 1446 537 τοῦ
1476 484 1625 550 ”Αδερ
1651 487 1698 534 αἱ

122 575 271 642 φυλαὶ
304 578 386 623 τοῦ
411 570 627 637 Ἰσραήλ.

53 669 75 707 5
198 656 292 706 Καὶ
326 656 350 705 ὁ
376 653 460 717 μὲν
485 653 629 719 λόγος
662 654 710 703 ἐν
743 652 933 714 τούτοις,
959 657 1052 703 τῶν
1078 656 1322 718 ἱστορικῶς
1347 651 1699 717 πεπραγμένων·

123 738 235 806 φέρε
269 737 317 788 δὲ
350 738 425 788 καὶ
459 740 521 789 εἷς
555 734 639 799 τὴν
673 734 830 800 ἑτέραν
855 734 1046 802 γραφὴν
1071 734 1130 784 τὰ
1155 734 1309 785 εἰκότα
1335 734 1561 799 λέγωμεν,
1589 733 1700 782 ἀνα-

124 819 384 886 κομίζοντες
406 817 493 882 ἤδη
517 816 635 883 πρὸς
661 817 857 882 θεωρίαν
887 815 1203 880 πνευματικὴν
1233 815 1293 867 τὰ
1325 815 1536 882 εἰρημένα
1571 812 1700 880 παρὰ
1719 819 1746 859 d

125 907 261 954 Θεοῦ.
325 898 507 966 εὐγενὴς
533 898 617 961 μὲν
652 898 726 948 διὰ
758 898 864 952 τοὺς
895 899 1099 964 πατέρας
1124 899 1151 963 ἡ
1177 903 1271 948 τῶν
1290 898 1528 948 Ἰουδαίων
1554 919 1700 946 συνα-

124 983 272 1050 γωγή.
351 979 693 1047 λελατρεύκασι
731 980 824 1047 γὰρ
860 984 900 1031 οἱ
935 983 1057 1048 ἀμφὶ
1084 980 1166 1031 τὸν
1192 980 1450 1030 θεσπέσιον
1476 976 1701 1043 Ἀβραὰμ

60 1084 105 1108 ¹0
125 1070 231 1134 Θεῷ
254 1067 386 1131 ζῶντι
413 1065 486 1114 καὶ
512 1065 735 1132 ἀληθινῷ·
779 1064 854 1113 καὶ
880 1062 974 1127 μὴν
1009 1065 1083 1114 καὶ
1118 1061 1414 1126 δικαιοσύνης
1446 1058 1702 1127 γεγόνασιν

122 1147 404 1211 ἐπιμεληταὶ,
425 1148 499 1196 καὶ
527 1145 734 1199 ἁπάσαις
761 1147 1086 1212 ἀγαθοεργίαις
1106 1146 1154 1196 εὖ
1172 1144 1306 1208 μάλα
1325 1141 1701 1206 κατεστεμμένοι,

122 1233 196 1281 καὶ
234 1226 508 1293 γνησιότητι
544 1227 885 1293 διαπρέποντες·
926 1229 1001 1278 καὶ
1036 1226 1286 1291 ἀκλόνητοι
1313 1226 1397 1291 τὴν
1423 1227 1599 1287 πίστιν,
1627 1226 1702 1274 καὶ

121 1316 216 1363 πᾶν
253 1309 370 1364 εἶδος
407 1311 642 1363 ἐπιεικείας
677 1309 1006 1374 ἐπησκηκότες.
1071 1309 1225 1374 ἐπειδὴ
1252 1308 1300 1360 δὲ
1327 1314 1466 1372 λιμοῦ
1493 1305 1701 1371 κατωθή-

122 1417 296 1447 σαντος
340 1392 563 1461 ε’πέμιξαν
604 1393 890 1458 Αἰγυπτίοις,
930 1390 1027 1443 εἶτα
1070 1391 1275 1459 μακροὺς
1317 1393 1462 1442 ἐκεῖσε
1505 1392 1742 1440 &carere-e

58 1493 103 1531 15
123 1476 290 1527 λε’κασι
338 1473 547 1543 χρόνους,
593 1474 889 1542 ἑτερότροποί
931 1498 980 1526 τε
1033 1477 1107 1525 καὶ
1156 1474 1521 1541 ἑτερογνώμονες
1567 1475 1608 1523 οἱ
1652 1472 1708 1540 ἐξ

123 1559 275 1609 αὐτῶν
312 1556 550 1624 γεγόνασι,
577 1562 672 1612 τοῖς
706 1562 800 1608 τῶν
837 1557 1136 1608 ἐνοικούντων
1168 1557 1323 1608 ε”θεσιν
1361 1558 1557 1608 ἕπεσθαι
1583 1556 1698 1623 ᾑρη-

122 1639 247 1703 μένοι
296 1641 482 1692 λοιπόν·
548 1642 624 1691 καὶ
674 1641 816 1706 ὀλίγα
862 1644 1108 1694 παντελῶς
1170 1643 1251 1705 τῆς
1305 1644 1401 1693 τοῖς
1464 1637 1705 1705 πατράσιν

123 1723 360 1789 ἐντριβοῦς
399 1725 474 1774 καὶ
508 1721 749 1791 ἐξαιρέτως
788 1721 1154 1789 κατορθουμένης
1180 1723 1419 1784 εὐσεβείας
1445 1725 1699 1791 πεφροντι-

124 1803 265 1859 κότες.
327 1804 738 1872 προσκεκυνήκασι
774 1804 866 1871 γὰρ
897 1809 953 1872 τῇ
990 1807 1137 1856 κτίσει
1174 1804 1303 1870 παρὰ
1340 1804 1422 1855 τὸν
1461 1805 1703 1865 κτίσαντα,

57 1910 105 1934 20
124 1889 199 1938 καὶ
233 1893 327 1942 τοῖς
363 1888 512 1954 ἔργοις
547 1892 641 1939 τῶν
674 1893 840 1955 χειρῶν
878 1889 1044 1950 αὐτῶν,
1079 1887 1200 1939 καθὰ
1236 1886 1510 1954 γέγραπται·
1556 1886 1704 1955 κατῴ-

0 1964 1 1971 Ὶ
123 1993 265 2038 χοντο
300 1969 347 2021 δὲ
381 1971 632 2037 βδελυρίας
671 1974 732 2024 εἷς
773 1976 911 2021 τοῦτο
949 1973 1023 2022 καὶ
1061 1971 1274 2035 βεβήλου
1314 1969 1443 2035 ζωῆς,
1483 1972 1543 2023 ὡς
1582 1969 1705 2035 τάχα

123 2076 215 2104 που
253 2053 550 2121 φαυλότητος
588 2051 764 2119 τρόπον
803 2052 922 2119 ε”χειν
961 2053 1315 2117 ἀνεπιτήδευτον
1345 2056 1589 2104 παντελῶς
1622 2052 1698 2101 οὐ·
1724 2075 1745 2098 a

125 2135 248 2186 δένα.
327 2137 407 2186 καί
442 2136 525 2199 μοί
561 2158 605 2185 τι
641 2139 809 2186 παθεῖν
847 2137 1042 2186 δοκοῦσι
1081 2141 1276 2197 τοιοῦτο,
1314 2134 1428 2201 ὅπερ
1467 2133 1525 2184 ἂν
1563 2132 1705 2185 πάθοι

124 2216 241 2282 γυνὴ
280 2217 412 2287 σοφή
450 2241 499 2268 τε
533 2219 608 2268 καὶ
643 2217 840 2283 εὐγενὴς,
868 2217 950 2269 τὸν
988 2217 1072 2281 μὲν
1107 2219 1270 2282 ἑαυτῆς
1296 2222 1491 2281 μεθεῖσα
1514 2216 1705 2281 τρόπον,

0 2326 1 2362 ξ
60 2326 104 2362 25
126 2299 267 2362 μόνον
312 2300 358 2351 δὲ
402 2301 504 2368 οὐχὶ
545 2302 620 2351 καὶ
656 2302 890 2368 ε’ῤῥῶσθαι
933 2299 1170 2369 φράσασα
1213 2305 1308 2353 τοῖς
1352 2304 1414 2353 εἷς
1452 2299 1706 2362 εὐκοσμίαν

125 2382 501 2446 ἐπιτηδεύμασιν·
557 2383 851 2451 ἀνθῃρημένη
896 2383 944 2434 δὲ
988 2388 1177 2447 μᾶλλον
1216 2381 1268 2432 τὸ
1308 2383 1356 2432 ἐν
1400 2381 1505 2432 ε’ίδει
1546 2384 1620 2432 καὶ
1659 2383 1706 2431 ἐν

127 2463 375 2530 σχήμασιν
413 2466 615 2530 ὁρᾶσθαι
652 2470 898 2531 πορνικοῖς,
962 2464 1101 2532 ὅνπερ
1146 2463 1239 2531 γὰρ
1283 2463 1458 2530 τρόπον
1492 2464 1520 2528 ἡ
1552 2463 1705 2514 τοιάδε

128 2544 244 2611 γυνὴ
288 2545 372 2600 τὰς
419 2546 639 2598 ἁπάντων
686 2547 852 2611 ἡδονὰς
896 2549 967 2616 ἐφ’
1015 2548 1152 2615 ἑαυτῇ
1196 2552 1384 2613 πληροῖ,
1435 2547 1708 2614 δυσχερείας

128 2626 318 2692 ἁπάσης
367 2627 660 2696 ἐξῃρημένης,
702 2631 822 2680 οὕτω
873 2632 948 2680 καὶ
993 2629 1242 2695 ἀνθρώπου
1293 2629 1442 2697 ψυχὴ,
1489 2634 1584 2680 τῶν
1623 2632 1706 2693 τῆς

59 2737 108 2773 30
127 2710 363 2771 εὐσεβείας
401 2709 710 2761 ἀπονεύσασα
745 2710 1148 2773 σπουδασμάτων,
1187 2713 1262 2761 καὶ
1300 2711 1485 2778 ἀγάπης
1524 2714 1606 2775 τῆς
1644 2715 1751 2765 εἱςῐ)

128 2791 252 2843 Θεὸν
290 2791 594 2858 ἀλογήσασα,
627 2795 702 2842 καὶ
739 2793 1118 2859 προσκεκλιμένη
1157 2797 1223 2863 τῷ
1255 2797 1457 2862 Σατανᾷ,
1485 2794 1570 2847 τὰς
1612 2799 1706 2845 τῶν

178 2933 207 2956 1.
230 2922 268 2956 τὸ
286 2928 504 2966 assumptum
525 2934 564 2955 ex
585 2921 661 2955 Cat.
682 2922 797 2968 Mosq.
1031 2934 1083 2966 23.
1109 2923 1227 2959 πάθοιἾ
1248 2924 1345 2959 πάθει
1364 2924 1455 2959 Edd.
1474 2931 1552 2958 ante
1571 2925 1705 2970 Migne.

129 2968 183 3002 26.
210 2967 435 3013 ἀνθῃρημένη]
454 2969 639 3012 ἀνῃρημένη
660 2969 751 3003 Edd.
802 2970 836 3003 ἐν
853 2970 910 3003 alt.
930 2977 1151 3015 assumptum
1169 2965 1269 3005 ex-B.
1476 2983 1533 3016 31.
1558 2985 1706 3016 προσκε-

91 3037 95 3039 >
128 3015 281 3061 κλιμένη]
302 3016 577 3060 προσκεκλημένη
596 3016 687 3050 Edd.

872 3087 941 3116 ΕΖ

1763 1309 1925 1340 Gen.xlvi.

1763 1364 1833 1394 sqq.

1767 1812 1863 1843 Rom.
1883 1812 1903 1842 i.

1768 1866 1818 1894 25.

1766 1900 1861 1930 Hier.
1879 1900 1900 1930 i.

1772 1943 1819 1976 16.

1779 2065 1836 2098 20
1858 2064 1907 2097 A.
