2021 3434
140 166 182 208 ii.
209 182 245 209 1.
579 174 658 215 IN
698 175 973 217 JOELEM.
1033 177 1185 218 TOM.
1228 178 1264 218 I.
1622 182 1704 221 313

137 279 289 342 με’νοις
326 283 400 333 καὶ
435 284 786 351 κατοιμώζουσι.
848 287 1159 353 δεδαπάνηται
1197 288 1288 355 γὰρ
1326 290 1479 345 αὐτοῖς
1517 292 1579 344 ὡς
1614 288 1703 341 ὑπὸ
1722 311 1742 338 e

137 361 272 430 πυρὸς
303 363 362 414 τὰ
398 369 459 419 εἰς
496 372 604 418 νοῦν
634 367 803 434 ἀγαθὰ,
839 371 968 436 ἀκρίς
1001 394 1050 422 τε
1085 370 1202 423 αὐτὰ
1240 371 1379 436 νοητὴ
1414 372 1702 438 κατεδήδοκε,

135 447 210 495 καὶ
257 447 530 518 ἑξηράνθηο-αν
580 451 764 521 ἀφέσεις
814 452 991 507 ὑδάτων.
1073 463 1098 486 “
1123 457 1416 507 Ἐνετείλατο
1464 456 1556 523 γὰρ
1604 461 1702 511 ταῖς
1762 475 1818 507 Es.
1833 485 1862 506 v.
1878 474 1909 506 6.

135 533 162 556 ‘⁶
187 529 403 597 νεφέλαις
436 537 518 582 τοῦ
554 532 618 597 μὴ
651 534 818 603 βρέξαι
857 540 918 589 εἰς
961 538 1124 592 αὐτοὺς
1163 537 1330 602 ὑετὸν,”
1370 540 1488 591 κατὰ
1525 539 1578 591 τὸ
1617 563 1699 605 γε-

93 631 115 669 5
134 614 410 678 γραμμένον,
455 618 530 667 καὶ
567 617 790 683 γεγόνασι
835 620 1011 681 ἄβατος
1049 645 1099 674 τε
1143 625 1218 673 καὶ
1257 623 1450 690 ἄνυδρος
1487 627 1564 689 γῆ,
1605 625 1703 690 ἥτις
1762 636 1923 710 ξξνξὶῖἰὶθῑ·

132 695 186 744 οὐ
223 697 623 762 κατοικηθήσεται.
690 700 819 763 ἡμῶν
857 701 905 752 δὲ
940 702 995 767 δὴ
1035 703 1139 770 πέρι
1177 709 1270 755 τῶν
1307 707 1355 755 ἐν
1393 706 1550 757 πίστει
1586 709 1702 757 δεδι-
1762 732 1813 762 43
1870 703 1876 710 ’

131 776 395 839 καιωμένων
427 780 746 849 προανεφώνει
780 781 914 846 Θεὸς,
940 787 1015 835 καὶ
1049 789 1143 835 τῶν
1178 785 1253 836 διὰ
1282 790 1498 852 Χριστοῦ
1531 810 1700 854 χαρισ-

127 856 288 919 μάτων
330 861 763 929 ἀμφιλαφεστάτην
813 863 1008 917 ε”σεσθαι
1059 865 1144 930 τὴν
1193 869 1420 935 χορηγίαν
1469 869 1703 933 ὑπεδήλου

128 937 280 1004 λέγων
327 947 353 970 “
377 941 462 992 Ἐν
504 947 561 1011 τῇ
609 943 754 1014 ἡμέρᾳ
797 946 940 1015 ἐκείνῃ
989 949 1314 1018 ἀποσταλάξει
1357 948 1415 1000 τὰ
1458 949 1541 1016 ὅρη
1585 959 1702 1016 γλυ-
1762 964 1863 1041 ,Ιίξώῐέιὸ

65 1032 111 1058 10
128 1026 155 1049 “
181 1021 380 1085 κασμὸν,
432 1026 507 1074 καὶ
559 1029 600 1076 οἱ
650 1030 812 1085 βουνοῖ
851 1028 1106 1095 ῥυήσονται
1157 1030 1300 1097 γάλα,
1341 1033 1416 1082 καὶ
1459 1037 1611 1084 πᾶσαι
1655 1037 1701 1085 αἱ
1760 1021 1804 1041 ³¹
1867 1033 1874 1040 ⁵

127 1107 155 1130 “
179 1101 367 1171 ἀφέσεις
391 1104 545 1157 Ἰούδα
568 1107 824 1174 ῥυήσονται
850 1112 1008 1175 ὕδατα,
1035 1114 1110 1163 καὶ
1135 1112 1264 1179 πηγὴ
1291 1113 1347 1183 ἐξ
1369 1113 1494 1165 οἴκου
1522 1115 1699 1182 Κυρίου
1716 1128 1744 1169 d

128 1190 154 1213 ‘⁶
175 1184 479 1253 ἐξελεύσεται,
506 1190 581 1239 καὶ
614 1196 767 1242 ποτιεῖ
798 1191 880 1243 τὸν
913 1193 1190 1261 χειμάῤῥουν
1215 1199 1309 1246 τῶν
1338 1196 1582 1264 σχοίνων·”
1624 1199 1698 1248 καὶ

125 1263 217 1329 μὴν
260 1269 335 1318 καὶ
378 1269 540 1336 ἑτέρως
579 1277 606 1300 “
629 1270 758 1338 Ἐγὼ
802 1274 973 1342 Κύριος
1011 1277 1036 1327 ὁ
1075 1277 1207 1340 Θεὸς,
1246 1276 1336 1343 ἐγὼ
1381 1279 1698 1343 ἐπακούσομαι
1759 1294 1881 1369 Εξ-ῗξ-

126 1353 155 1375 “
179 1349 203 1398 ὁ
230 1348 350 1403 Θεὸς
371 1350 587 1418 Ἰσραὴλ,
614 1356 689 1404 καὶ
721 1356 802 1406 οὐκ
836 1358 1164 1428 ἐγκαταλείψω
1189 1359 1366 1423 αὐτοὺς,
1391 1362 1500 1411 ἀλλ’
1527 1362 1697 1431 ἀνοίξω
1761 1348 1810 1378 lh
1871 1362 1877 1368 ’

62 1442 107 1480 15
126 1435 152 1459 ‘⁶
178 1431 251 1481 ἐπὶ
275 1435 369 1483 τῶν
393 1433 536 1500 ὀρέων
560 1437 813 1501 ποταμοὺς,
841 1441 914 1490 καὶ
947 1441 996 1490 ἐν
1030 1441 1161 1511 μέσῳ
1193 1446 1287 1492 τῶν
1317 1444 1487 1494 πεδίων
1513 1447 1574 1498 εἷς
1600 1445 1698 1510 ἕλη,

126 1521 152 1544 “
178 1517 252 1566 καὶ
286 1515 370 1581 τὴν
415 1521 639 1587 διψῶσαν
678 1525 768 1586 γῆν
802 1525 850 1574 ἐν
886 1525 1219 1591 ὑδραγωγοΐς·”
1261 1528 1424 1578 οὐκοῦν
1456 1529 1581 1593 ἡμεῖς
1614 1529 1697 1593 μὲν

124 1597 172 1647 ἐν
216 1596 405 1654 τούτοις.
470 1605 508 1652 εἰ
552 1601 600 1653 δὲ
644 1602 700 1667 δὴ
739 1605 966 1672 βαδίζοιεν
1007 1611 1068 1661 εἰς
1118 1607 1415 1675 μετάγνωσιν
1458 1613 1533 1661 καὶ
1585 1613 1697 1662 ἀνα-

122 1679 351 1748 βλέψοιεν
399 1682 516 1748 πρὸς
559 1683 695 1748 Θεὸν,
737 1685 915 1752 λέγοιέν
956 1711 1005 1740 τε
1046 1692 1120 1741 καὶ
1161 1691 1292 1741 αὐτοί
1331 1692 1442 1761 Πρὶς
1481 1692 1531 1744 σὲ
1575 1692 1696 1764 Κύριε

126 1760 411 1831 κεκράξομαι,
443 1765 683 1833 λήψονται
720 1766 803 1822 τὰς
840 1774 934 1820 τῶν
972 1768 1134 1823 ὑδάτων
1168 1773 1365 1842 ἀφέσεις,
1401 1774 1733 1838 ἀντλήσουσίθ
1763 1791 1914 1831 Ib·xii-3·

58 1869 106 1895 20
123 1864 172 1892 τε
203 1844 306 1907 μεθ’
331 1845 462 1909 ἡμῶν
499 1847 552 1898 τὸ
593 1851 714 1916 ὕδωρ
749 1849 802 1901 τὸ
838 1851 1002 1916 νοητὸν
1028 1861 1053 1883 “
1076 1855 1125 1904 ἐκ
1163 1859 1257 1905 τῶν
1286 1860 1452 1920 πηγῶν
1484 1863 1566 1908 τοῦ
1598 1880 1695 1909 σω-

124 1932 150 1954 “
174 1927 368 1992 τηρίου,”
395 1929 770 1994 ποτισθήσονται
805 1933 853 1984 δὲ
884 1938 958 1985 καὶ
987 1935 1114 1986 6(τὸν
1151 1936 1428 2005 χειμάῤῥουν
1466 1942 1548 2002 τῆς
1587 1963 1693 2006 τρυ-
1752 1955 1912 1986 Ps-xxxv·

122 2014 149 2036 “
175 2009 292 2076 φῆς”
319 2010 447 2077 παρὰ
477 2018 559 2063 τοῦ
586 2016 709 2065 Θεοῦ
740 2019 814 2065 καὶ
842 2017 1046 2084 Πατρὸς,
1070 2020 1146 2069 καὶ
1174 2018 1258 2083 τὴν
1288 2019 1446 2086 πηγὴν
1470 2024 1552 2085 τῆς
1578 2020 1694 2087 ζωῆς
1753 2009 1782 2041 9,
1805 2010 1854 2031 ω’

121 2088 309 2158 ἕξουσιν
342 2093 390 2143 ἐν
422 2095 641 2159 καρδίαις.
709 2100 1041 2164 παρακείσεται
1069 2099 1118 2152 δὲ
1147 2102 1298 2155 αὐτοῖς
1325 2105 1386 2155 εἷς
1409 2103 1592 2172 τρυφὴν
1618 2107 1692 2155 καὶ

120 2170 181 2223 τᾶ.
217 2174 355 2242 ὡραῖοι
393 2173 468 2235 τῆς
505 2177 665 2246 ἐρήμου,
697 2179 924 2243 τουτέστι,
966 2180 1082 2246 νομὴ
1121 2182 1243 2247 καλὴ
1282 2186 1356 2234 καὶ
1395 2185 1690 2253 ἀμφιλαφὴς,

56 2277 102 2315 25
122 2256 183 2308 εἷς
215 2259 395 2319 γνῶσιν
428 2256 593 2312 αὐτοὺς
631 2260 965 2330 ἀποτρέφουσα
999 2262 1084 2328 τὴν
1121 2267 1168 2316 ἐν
1206 2269 1405 2335 Χριστῷ
1443 2267 1691 2332 νοουμένην

121 2335 247 2387 θείαν
272 2359 322 2388 τε
348 2339 422 2389 καὶ
447 2340 766 2406 εὐαγγελικήν.

1706 2466 1728 2490 a
1759 2459 1837 2497 214
1856 2460 1906 2495 A·

88 2544 90 2546 ’
121 2526 364 2571 Σαλπίσατε
402 2532 595 2579 σάλπη-Π
636 2533 680 2574 ὲν
719 2534 847 2586 Σιὼν,
883 2538 1091 2593 κΗρύὲατε
1133 2538 1177 2579 ἐν
1217 2539 1307 2595 ὄρει
1346 2540 1451 2595 ἀπίῳ
1490 2557 1581 2595 μου,
1619 2545 1806 2602 καὶΚεφ.
1822 2549 1878 2601 β’.

187 2615 513 2668 συῑχυθὲισονται
546 2618 700 2658 Πάντες
733 2617 772 2659 οἰ
808 2623 1097 2663 κατοικοῦντες
1130 2622 1205 2663 τήν
1240 2628 1324 2675 Γῆν,
1351 2624 1456 2667 διότι
1485 2629 1684 2685 Πάρεστιν

166 2754 200 2788 3.
225 2744 353 2780 ὑδάτων
369 2747 512 2780 accessit
529 2759 568 2781 ex
589 2748 631 2782 B.
873 2764 905 2794 4.
933 2753 979 2788 εἷς
994 2753 1112 2790 αὐτοὺς
1128 2755 1239 2801 ὑετὸν]
1259 2756 1354 2792 ὑετὸν
1370 2758 1424 2792 ἐπὶ
1440 2761 1498 2803 τῆς
1513 2762 1575 2806 γῆς
1592 2761 1683 2797 Edd.

119 2789 216 2833 γένος
231 2802 294 2835 pro
310 2793 541 2836 γεγραμμένον
557 2794 617 2829 iid.
804 2796 836 2831 6.
865 2798 963 2835 Quae
980 2806 1174 2845 sequuntur
1190 2814 1301 2848 usque
1319 2804 1362 2838 ad
1380 2805 1438 2840 fin.
1458 2807 1578 2842 scholii
1594 2808 1686 2852 ἡμῶν

120 2836 157 2870 δὲ
174 2837 315 2880 δὴ-καὶ
332 2839 549 2885 εὐαγγελικὴν
565 2852 635 2876 om.
653 2840 695 2875 Β.
716 2841 858 2878 Contuli
874 2846 981 2890 igitur
997 2858 1077 2880 cum
1096 2848 1141 2882 D.
1286 2860 1339 2895 17.
1365 2852 1410 2887 εἷς
1428 2853 1472 2886 D.
1491 2856 1574 2900 πρὸς
1592 2856 1684 2892 Edd.

123 2893 177 2923 20,
199 2895 250 2917 21.
277 2886 477 2928 νοητὸν-δέ
496 2888 550 2920 καὶ
568 2887 613 2922 D.
632 2890 760 2931 νοητὸν,
782 2891 837 2924 καὶ
862 2891 897 2925 ἐκ
919 2896 985 2926 τῶν
1003 2897 1118 2938 πηγῶν
1140 2897 1198 2929 τοῦ
1221 2898 1386 2942 σωτηρίου
1408 2901 1684 2945 ποτισθὴσονται,

121 2930 174 2963 καὶ
192 2930 283 2965 Edd.
425 2943 480 2978 25.
505 2933 748 2979 ἀποτρὲφουσα
767 2936 812 2971 D.
831 2937 1023 2984 ἆποστρὲφ.
1043 2940 1135 2975 Edd.
1277 2945 1332 2978 28.
1350 2947 1623 2991 συγχυθὴσονται
1643 2950 1684 2984 Β.

122 2976 288 3019 (240=b.
307 2977 350 3011 86
367 2981 456 3024 mg.)
474 2981 740 3026 συναχθὴτωσαν
758 2983 795 3017 F.
815 2984 956 3030 (Alex.)
976 2987 1247 3033 συγχυθήτωσαν
1264 2990 1355 3025 Edd.
1377 2992 1472 3035 (Vat.
1492 2996 1527 3037 N)

178 3043 269 3072 VOL.
292 3046 320 3072 Ῐ.
876 3053 895 3080 S
917 3056 935 3080 S
