2021 3434
263 155 345 194 292
651 154 699 192 B.
744 151 1021 192 CYRILLI
1062 151 1444 192 ALEXANDR.
1737 151 1763 191 i.
1787 165 1825 201 4.

260 261 545 315 αναστάσεις
580 265 661 324 τῆς
691 261 927 312 Ἰουδαίων
963 261 1129 329 χώρας,
1163 263 1237 311 καὶ
1275 265 1368 311 τῶν
1405 260 1647 326 περιοίκων
1685 262 1829 312 ἐθνῶν

260 343 729 409 καταστρατευόντων
762 345 866 394 ἐσθ’
895 343 985 402 ὅτε,
1021 346 1094 394 καὶ
1126 347 1220 393 τῶν
1249 345 1331 406 τῆς
1357 342 1600 408 Αἰγύπτου
1624 347 1827 404 βεβασι-

259 425 505 476 λευκότων.

334 508 590 561 Διέποντος
624 506 707 571 μὲν
744 507 835 575 γὰρ
876 509 924 558 ἕν
965 513 1060 562 τοῖς
1096 507 1442 574 Ἱεροσολύμοις
1481 507 1564 570 τὴν
1601 505 1833 567 βασιλίδα

39 598 158 638 31)»θὲ-
215 589 397 653 ᾶτιμὴν
434 596 516 640 τοῦ
551 589 781 653 Ῥοβοάμ,
820 591 962 655 ἀνέβη
1004 592 1273 652 Σουσακεῖμ
1309 587 1536 650 βασιλεὺς
1577 587 1874 654 Αἱγύπτου,5

38 643 103 672 xiv.
124 652 159 681 25

38 697 107 726 sqq.

38 934 58 962 4
75 925 156 964 Reg.

38 969 105 999 xiia.
127 978 155 1006 3.

40 1020 87 1050 lb.
98 1029 204 1061 xv.19.

40 1310 90 1341 Ib.
106 1310 194 1341 xxiii.

41 1363 90 1394 33·

39 1673 90 1704 Ib.
110 1674 185 1704 xvii.

259 671 358 723 εἷλέ
390 694 438 722 τε
470 670 529 722 τὰ
562 672 799 734 βασίλεια,
827 674 902 723 καὶ
939 671 1118 726 πάντας
1155 670 1261 725 τοὺς
1300 674 1347 722 ἐν
1385 672 1537 725 αὐτοῖς
1576 670 1834 723 ἐκκενώσας

260 752 537 820 θησαυροὺς,
570 755 644 804 καὶ
685 752 743 805 τὰ
779 759 937 821 χρυσᾶ
981 753 1153 821 δόρατα
1192 756 1267 804 καὶ
1305 752 1388 807 τὰς
1426 753 1630 806 ἀσπίδας
1669 750 1835 812 λαβὼν

258 834 312 890 ἃς
349 837 568 900 πεποίηκε
611 839 854 900 Σολομῶν,
892 835 1110 900 λαμπρὸς
1149 838 1223 886 καὶ
1262 835 1503 899 νενικηκὼς
1542 835 1655 885 οἴκοι
1688 833 1835 885 πάλιν

260 917 562 984 ἀνεκομίζετο,
589 920 663 968 καὶ
693 917 786 982 μὴν
825 920 899 969 καὶ
924 917 1105 984 Ἀζαὴλ
1136 919 1160 968 ὁ
1188 917 1337 983 Σύρος
1373 919 1425 968 οὐ
1456 917 1643 983 μετρίας
1681 917 1835 970 αὐτοῖς

259 1000 480 1067 ἐπήνεγκε
504 999 708 1065 πληγάς·
749 999 843 1051 εἷλε
880 999 927 1051 δὲ
966 1002 1041 1051 καὶ
1068 999 1234 1051 Φούλα
1260 999 1489 1061 βασιλεὺς
1518 999 1836 1061 Βαβυλωνίων

259 1081 342 1136 τὰς
392 1082 539 1150 πέραν
582 1088 664 1133 τοῦ
702 1081 941 1148 Ἰορδάνου
985 1081 1154 1151 φυλάς·
1206 1083 1281 1132 καὶ
1328 1082 1447 1148 πρός
1491 1104 1543 1146 γε
1587 1080 1643 1144 δὴ
1687 1081 1836 1151 τούτῳ

261 1163 433 1232 Νεχαὼ
486 1164 660 1231 Φαραὼ
711 1163 939 1226 βασιλεὺς
995 1164 1253 1229 Αἰγύπτου,
1314 1170 1593 1230 κρατοῦντος
1636 1164 1836 1226 Ἰωσίου,

221 1246 635 1310 θκατεστράτευσε
680 1249 762 1310 τῆς
814 1247 1091 1313 Σαμαρείας,
1140 1248 1215 1296 καὶ
1260 1249 1457 1310 δασμοῖς
1509 1246 1707 1310 ὑπέθηκε
1750 1249 1836 1311 τῆν

260 1331 362 1395 γῆν·
408 1327 573 1380 ἑκατὸν
610 1327 703 1394 γὰρ
742 1328 941 1397 ἐξήτησε
980 1329 1177 1395 χρυσίου
1215 1327 1438 1378 τάλαντα.

335 1411 521 1461 Οὐκοῦν
555 1415 762 1462 πλεῖστα
794 1409 876 1473 μὲν
909 1409 1003 1460 ὅσα
1036 1408 1095 1460 τά
1128 1408 1466 1472 συμβεβηκότα
1490 1408 1607 1460 κατὰ
1632 1410 1833 1476 καιρούς·

259 1495 401 1543 δειναὶ
452 1492 499 1543 δὲ
543 1494 618 1543 καὶ
663 1491 966 1560 ἀξιάκουστοι
1014 1490 1268 1558 πορθήσεις
1319 1491 1544 1556 γεγόνασι
1587 1492 1832 1558 τέσσαρες·

257 1574 596 1635 βασιλεύοντος
637 1573 721 1637 μὲν
764 1572 857 1639 γὰρ
898 1575 945 1624 ἐν
983 1578 1040 1641 τῇ
1084 1574 1323 1642 Σαμαρείᾳ
1362 1573 1511 1637 Ὠσηὲ
1556 1578 1653 1625 υἱοῦ
1690 1573 1836 1637 Ἠλά,

258 1656 401 1721 ἀνέβη
439 1655 768 1722 Σαλμανασάρ
804 1656 828 1705 ὁ
853 1655 1127 1721 Ἀσσύριος,
1163 1657 1238 1706 καὶ
1277 1654 1486 1724 ἀπῴκισε
1524 1654 1606 1706 τὸν
1636 1655 1837 1723 Ἰσραὴλ

258 1743 320 1792 εἱς
367 1739 427 1790 τὰ
477 1738 581 1805 ὅρια
623 1742 826 1805 Περσῶν
871 1739 945 1788 καὶ
985 1737 1178 1802 Μήδων.
1249 1735 1345 1788 εἶτα
1394 1737 1550 1806 βραχὺ
1593 1738 1836 1805 προϊόντος

258 1828 340 1872 τοῦ
365 1827 539 1889 καιροῦ,
567 1823 642 1872 καὶ
677 1819 1053 1888 προφητεύοντος
1077 1820 1313 1886 Ἱερεμίου,
1350 1819 1469 1871 κατὰ
1495 1819 1662 1887 κράτος
1696 1819 1838 1889 ᾕρηκε

40 1919 120 1952 201
136 1918 185 1952 A.
222 1903 343 1968 ειτὴν
368 1902 683 1970 Ἰερουσαλὴμ
720 1905 745 1954 ὀ
781 1901 1227 1969 Ναβουχοδονόσορ,
1255 1904 1411 1967 ἀνείθη
1442 1902 1489 1954 δὲ
1523 1902 1660 1967 μόλις
1689 1905 1713 1954 ὁ
1739 1904 1838 1954 Ἰσ-

40 1968 89 1998 Il),
107 1979 184 1999 xxv.

40 2014 59 2041 ὅ
76 2023 146 2053 sqq.

41 2064 55 2107 ,¹
76 2056 169 2086 Esdr.

38 2111 59 2131 1.

41 2170 88 2200 Cf.
114 2179 126 2200 1

41 2214 149 2244 Maec.
163 2215 183 2246 i.

43 2268 82 2288 ‘20
99 2269 168 2299 sqq.

257 1985 384 2053 ραὴλ
419 1985 494 2037 διὰ
523 1985 681 2053 Κύρου
716 1990 797 2036 τοῦ
828 1983 1111 2048 Καμβύσου,
1141 1989 1234 2035 τῶν
1268 1984 1589 2049 ἑβδομήκοντα
1618 1992 1835 2037 τετελεσ-

257 2067 407 2132 μένων
432 2070 561 2119 ἐτῶν.
631 2065 729 2119 εἶτα
753 2067 915 2133 γέγονε
951 2065 1068 2117 κατὰ
1098 2065 1282 2133 καιροὺς
1307 2066 1563 2135 Ἀντίοχος,
1591 2069 1615 2118 ὁ
1642 2068 1838 2134 ἐπίκλην

261 2150 542 2219 Ἐπιφανής.
608 2150 740 2203 οὗτος
765 2149 1019 2218 ἀφιγμένος
1044 2152 1105 2203 εἷς
1131 2148 1216 2213 τὴν
1242 2149 1483 2213 Ἰουδαίαν,
1510 2152 1582 2201 καὶ
1608 2149 1690 2202 τὸν
1716 2155 1838 2202 θεῖον

258 2232 482 2300 ἐνέπρησε
533 2232 658 2296 ναὸν,
709 2231 809 2283 εἷλέ
847 2255 896 2283 τε
947 2231 1005 2282 τὰ
1053 2230 1197 2291 σκεύη
1240 2231 1298 2282 τὰ
1348 2233 1396 2282 ἐν
1437 2234 1574 2302 αὐτῷ,
1620 2235 1694 2284 καὶ
1744 2238 1838 2284 τῶν

258 2314 490 2385 πατρῴων
523 2317 641 2367 ἐθῶν
676 2315 1044 2383 καταρῥαθυμεῖν
1070 2311 1274 2380 ἐβιάζετο
1308 2313 1414 2368 τοὺς
1447 2313 1535 2365 ἀνὰ
1568 2319 1731 2366 πᾶσαν
1753 2314 1838 2380 τὴν

258 2398 499 2449 Ἰουδαίαν·
552 2397 627 2448 ὅτε
671 2399 746 2448 καὶ
789 2395 848 2447 τὰ
889 2400 983 2447 τῶν
1028 2397 1356 2458 Μακκαβαίων
1398 2397 1576 2462 συνέβη
1618 2397 1838 2463 γενέσθαι

310 2590 339 2613 1.
366 2579 420 2613 καὶ
438 2585 661 2625 assumptum
679 2591 721 2613 ex
741 2579 782 2613 B.
830 2578 1079 2624 παροικούντων
1095 2579 1198 2614 ἐθνῶν
1216 2579 1262 2614 D.
1281 2579 1374 2614 Edd.
1532 2591 1564 2615 2.
1590 2595 1837 2625 καταστρατευ-

260 2626 362 2659 όντων
382 2626 474 2660 B.D.
494 2628 826 2671 κατεστρατευκότων
845 2627 935 2661 Edd.
1052 2639 1086 2670 4.
1112 2629 1183 2662 τοῖς
1199 2633 1418 2672 assumptum
1437 2638 1479 2661 ex
1497 2627 1539 2661 B.
1650 2627 1683 2662 6.
1709 2628 1786 2663 τοὺς
1803 2627 1838 2662 ἐν

261 2673 372 2707 αὐτοῖς
389 2673 590 2719 ἐκκένωσας]
610 2673 753 2708 ἐκένωσε
771 2674 848 2709 τοὺς
862 2674 897 2708 ἐν
914 2674 1026 2709 αὐτοῖς
1045 2673 1161 2718 [αὐτῆς
1180 2673 1300 2718 Pont.]
1321 2674 1368 2708 D.
1385 2673 1445 2708 iid.
1644 2682 1675 2719 7.
1700 2672 1836 2719 λαβὼν]

261 2718 348 2762 ἔχων
366 2719 411 2753 D.
431 2720 490 2753 iid.
787 2721 819 2754 8.
845 2722 1000 2764 λαμπρὸς
1016 2720 1085 2766 καὶ]
1106 2721 1159 2755 καὶ
1175 2722 1338 2765 λαμπρῶς
1354 2720 1413 2755 iid.
1462 2719 1563 2766 οἴκοι]
1583 2719 1693 2755 οἴκαδε
1712 2721 1759 2755 D.
1776 2720 1837 2755 iid.

266 2775 318 2797 10.
345 2765 458 2799 Φοὺλα
479 2765 626 2812 [Φουλὰ]
648 2767 694 2801 D.
714 2766 845 2803 Φούλας
864 2767 906 2801 Β.
925 2767 1017 2801 Φοὺλ
1035 2768 1094 2802 i'ld.
1395 2779 1447 2801 ΙΙ.
1472 2769 1558 2809 πέρα
1577 2779 1638 2812 pro
1654 2767 1760 2813 πέραν
1777 2767 1836 2802 iid.

261 2813 345 2853 πρός
361 2811 416 2856 γε]
436 2816 501 2856 πρό
520 2828 559 2857 γε
577 2814 635 2847 iid.
684 2813 790 2860 τούτῳ
810 2814 853 2850 Β.
871 2813 997 2849 τούτων
1016 2815 1061 2848 D.
1081 2813 1140 2848 iid.
1292 2825 1344 2856 14.
1371 2813 1530 2860 ἐξὴτησε]
1550 2814 1690 2859 ἐζήτησε
1711 2815 1755 2848 D.
1776 2813 1836 2848 iid.

266 2867 318 2901 17.
345 2860 384 2900 τῇ
403 2867 623 2903 assumptum
641 2872 683 2894 ex
702 2861 794 2894 B.D.
994 2872 1046 2906 19.
1072 2861 1147 2905 ὅρια
1166 2860 1208 2894 Β.
1227 2860 1287 2905 ὅρη
1307 2861 1353 2895 D.
1373 2861 1465 2895 Edd.
1655 2872 1710 2896 20.
1735 2859 1836 2904 ᾕρηκε

261 2904 320 2945 τὴν
336 2902 558 2948 Ἰερουσαλὴμ
575 2906 641 2941 hoc
659 2907 779 2941 ordine
797 2907 891 2942 B.D.
1251 2919 1306 2950 24.
1331 2907 1533 2954 ἀφιγμένος]
1551 2908 1692 2954 ἀφικόμ.
1712 2907 1759 2942 D.
1776 2906 1835 2941 iid.

264 2960 318 2992 25.
343 2951 423 2984 νεὼν
442 2950 487 2985 D.
505 2952 564 2986 iid.
770 2965 824 2998 27.
850 2954 1009 2999 γενέσθαι
1027 2961 1250 3000 assumptum
1269 2967 1310 2989 ex
1330 2954 1423 2989 B.D.

1858 1019 1905 1044 10

1859 1430 1904 1467 15

1859 1846 1907 1871 20
