2021 3434
98 193 151 232 ix.
180 206 331 243 11‚12.
555 193 630 234 IN
670 193 866 235 AMOS.
926 192 1079 234 TOM.
1121 192 1200 232 IV.
1593 189 1673 226 541

97 299 288 350 ἑλέσθαι
334 299 493 366 ζητεῖν,
538 301 884 366 τεθαυμακότας
924 301 1109 353 πάντως
1153 323 1245 350 που
1295 301 1377 361 τῆς
1419 320 1467 347 τε
1512 293 1679 360 ἡμερό-

98 404 234 446 τητος
274 388 357 433 τοῦ
409 387 534 435 Θεοῦ
575 386 649 434 καὶ
701 387 783 448 τῆς
835 384 998 451 ἰσχύος
1047 381 1101 434 τὸ
1153 382 1360 447 μέγεθος.
1425 380 1591 430 οὐκοῦν
1641 380 1679 426 εἰ

98 465 229 528 λέγοι
271 465 419 525 σκηνὴν
465 471 546 517 τοῦ
592 464 774 524 Δαυεὶδ,
819 466 872 516 τὸ
924 470 1017 516 τῶν
1061 465 1297 515 Ἰουδαίων
1343 460 1681 524 κατασημαίνει

98 544 242 610 γένος,
287 546 432 612 ἤγουν
471 546 597 599 οἷκον
638 547 719 599 τὸν
764 548 818 616 ἐξ
857 547 1046 607 Ἰακώβ.
1117 545 1273 596 ἰστέον
1315 543 1361 595 δὲ
1403 543 1472 594 ὅτι
1522 541 1682 607 Κύρου

58 648 79 686 5
99 629 180 690 τῆς
214 629 543 695 αἰχμαλωσίας
578 630 762 684 ἀνέντος
798 628 975 691 αὐτοὺς,
1003 627 1107 679 τότε
1148 627 1479 689 ὑπενόστησαν
1505 628 1566 676 εἰς
1597 621 1683 686 τὴν

98 708 338 772 Ἰουδαίαν,
380 713 456 761 καὶ
497 712 791 775 ἀνεδείμαντο
829 711 914 774 μὲν
957 710 1039 761 τὸν
1085 709 1209 771 νεὼν,
1250 706 1590 773 πυργώσαντες
1634 704 1682 755 δὲ

99 789 183 843 τὰς
231 796 325 842 τῶν
370 792 558 843 πόλεων
607 793 926 858 ἠρημωμένας,
976 791 1126 844 οἴκους
1177 812 1225 841 τε
1273 791 1320 839 ἐν
1372 789 1532 841 αὐταῖς
1576 789 1723 837 ἐπι-ο

98 873 456 936 σκευασάμενοι,
497 874 822 944 κατῳκήκασιν
870 876 1119 940 ἀσφαλῶς,
1163 871 1398 935 πολέμους
1443 868 1527 933 μὲν
1571 870 1684 919 ὑπο-

99 956 336 1016 μείναντες
386 956 492 1009 τοῦς
535 955 664 1022 παρά
709 978 862 1018 τινων,
904 954 1001 1005 οἷον
1038 952 1287 1020 Ἀντιόχου
1337 975 1386 1002 τε
1432 953 1553 1019 φημὶ
1608 953 1684 1000 καὶ

34 1071 81 1096 10
99 1040 361 1106 Ἀδριανοῦ,
389 1041 679 1107 αἰχμάλωτοι
714 1039 762 1091 δὲ
796 1041 879 1090 οὐκ
915 1040 979 1090 ε”τι
1015 1037 1283 1104 γεγόνασιν,
1311 1038 1414 1088 οὔτε
1447 1035 1540 1099 μὴν
1572 1035 1684 1101 ἠρή-

98 1145 290 1186 μωνται,
317 1122 438 1174 καθὰ
464 1125 538 1173 καὶ
566 1122 655 1173 ὑπὸ
681 1126 774 1172 τῶν
801 1121 1136 1182 Βαβυλωνίων.

173 1205 236 1255 ‘O
262 1204 345 1267 μὲν
372 1205 452 1254 οῦν
486 1207 567 1268 τῆς
594 1204 804 1270 ἱστορίας
840 1205 888 1253 ἐν
919 1202 1097 1256 τούτοις
1132 1201 1289 1267 λόγος·
1331 1202 1355 1251 ὁ
1390 1199 1437 1252 δὲ
1468 1199 1684 1265 ἐσωτέρω

100 1288 174 1336 καὶ
206 1286 522 1352 ἀληθέστερος
557 1286 623 1350 ε’ίη
661 1284 718 1336 ἂν
753 1289 800 1337 ἐν
826 1289 1039 1354 Χριστῷ.
1104 1282 1257 1347 ἐπειδὴ
1290 1281 1382 1349 γὰρ
1422 1284 1471 1332 ἐκ
1512 1286 1686 1347 νεκρῶν

99 1369 284 1430 ἀνεβίω,
322 1368 407 1432 τὴν
452 1371 513 1421 εἰς
558 1369 760 1418 θάνατον
801 1369 942 1418 αὑτοῦ
980 1372 1229 1418 πεσοῦσαν
1268 1364 1432 1427 σκηνὴν,
1470 1365 1686 1415 τουτέστι

36 1475 81 1513 15
100 1450 185 1514 τὴν
216 1449 310 1502 ἀπὸ
344 1453 431 1516 γῆς
465 1450 636 1516 σάρκα,
661 1451 919 1516 ἐγείραντος
954 1454 1037 1499 τοῦ
1070 1452 1193 1499 Θεοῦ
1228 1450 1301 1498 καὶ
1340 1446 1543 1511 Πατρὸς,
1581 1445 1685 1496 τότε
1704 1454 1730 1495 d

103 1532 158 1598 δὴ
184 1532 288 1584 τότε
313 1533 467 1585 πάντα
486 1532 545 1584 τὰ
565 1533 832 1599 ἀνθρώπινα
858 1531 975 1598 πρὸς
1003 1531 1055 1582 τὸ
1081 1533 1275 1597 ἀρχαῖον
1301 1529 1476 1592 ἀνέστη
1503 1531 1686 1595 σχῆμα,

102 1619 176 1667 καὶ
202 1615 357 1667 πάντα
380 1615 510 1678 ἡμῶν
541 1614 599 1665 τὰ
635 1614 970 1681 κατεῤῥιμμένα
1002 1611 1119 1678 πρὸς
1155 1613 1261 1662 νέαν
1293 1611 1409 1679 ὄψιν
1435 1610 1683 1674 ἐνήνεκται.

101 1706 129 1728 “
157 1699 220 1749 Εἴ
250 1722 317 1752 τις
351 1697 444 1764 γὰρ
483 1699 530 1748 ἐν
565 1701 764 1766 Χριστῷ
803 1695 936 1760 καινὴ
976 1694 1166 1757 κτίσις,”
1202 1693 1321 1744 κατὰ
1358 1692 1441 1746 τὰς
1476 1692 1681 1759 γραφάς·
1748 1697 1858 1770 {Cf—¹²

103 1780 484 1846 συνεγηγέρμεθα
521 1779 614 1845 γὰρ
659 1781 797 1849 αὐτῷ.
857 1781 932 1828 καὶ
979 1777 1254 1845 κατέσκαψε
1294 1775 1378 1838 μὲν
1417 1776 1440 1824 ὁ
1486 1774 1687 1828 θάνατος
1821 1760 1846 1780 Γ

36 1893 84 1917 20
102 1862 185 1916 τὰς
222 1862 443 1913 ἁπάντων
487 1861 661 1924 σκηνὰς,
706 1860 1039 1931 ἀνῳκοδόμησε
1079 1857 1127 1908 δὲ
1172 1861 1195 1909 ὁ
1236 1857 1356 1911 Θεὸς
1395 1858 1470 1907 καὶ
1519 1855 1688 1921 Πατὴρ

103 1947 151 1996 ἐν
192 1948 408 2013 Χριστῷ·
460 1946 534 1995 καὶ
576 1950 712 1994 τοῦτο
758 1944 866 2007 ἡμῖν
911 1945 993 1993 οὐκ
1046 1946 1107 1996 εἰς
1147 1939 1318 2009 χρόνον
1361 1938 1556 2007 ὑπάρξει
1598 1961 1681 2001 με·

102 2026 402 2093 μετρημένον,
449 2027 557 2076 ἀλλ’
601 2030 661 2079 εἰς
707 2025 871 2093 ἡμέρας
916 2025 1081 2079 αὶῶνσς·
1125 2023 1462 2086 ἀναπόβλητον
1504 2019 1598 2086 γὰρ
1639 2022 1688 2071 ἐν

103 2109 211 2173 ἡμῖν
249 2107 302 2159 τὸ
341 2111 423 2172 τῆς
457 2108 728 2175 ἀφθαρσίας
760 2106 950 2173 ἀγαθὸν,
979 2109 1052 2158 καὶ
1087 2107 1169 2156 οὐκ
1201 2107 1265 2156 ἔτι
1292 2102 1515 2170 κρατήσει
1546 2102 1688 2154 θάνα-

103 2215 182 2245 τος
231 2195 324 2241 τῶν
372 2192 420 2240 ἐν
470 2194 670 2259 Χριστῷ
713 2189 1052 2252 σεσωσμένων.
1122 2188 1225 2238 τότε
1278 2185 1333 2250 δὴ
1384 2187 1487 2236 τότε
1532 2186 1608 2235 καὶ
1652 2192 1725 2236 oie

38 2302 85 2341 25
108 2273 376 2325 καταλοιποι
414 2271 492 2322 τῶν
526 2270 749 2341 ἀνθρώπων
786 2269 902 2333 μετὰ
937 2269 1042 2323 τοὺς
1081 2266 1450 2321 πεπιστευκότας
1489 2267 1545 2335 ἐξ
1584 2264 1684 2316 Ἰσ-

102 2355 228 2422 ραὴλ
253 2353 335 2405 τὸν
361 2354 502 2422 φύσει
537 2376 586 2403 τε
623 2355 698 2403 καὶ
733 2355 920 2416 ἀληθῶς
950 2352 1184 2418 ἐγνώκασι
1211 2349 1349 2412 Θεὸν,
1377 2352 1459 2412 τῆς
1492 2348 1690 2416 ἀρχαίας

102 2438 272 2501 ἐκείνης
317 2437 391 2486 καὶ
426 2435 640 2498 βεβήλου
677 2434 860 2498 πλάνης
904 2432 1328 2502 ἀποφοιτήσαντες.
1395 2432 1448 2481 οὐ
1493 2429 1586 2497 γὰρ
1633 2428 1691 2493 ἧν

155 2607 183 2630 1.
210 2596 248 2630 οὐ
266 2606 328 2640 pro
345 2609 411 2628 που
429 2594 509 2637 (Sic)
528 2594 569 2627 A.
672 2639 681 2644 ι
777 2603 808 2626 2.
835 2594 894 2626 τοῦ
913 2595 1000 2626 Θεοῦ
1018 2604 1087 2626 om.
1109 2592 1150 2626 B.
1366 2601 1398 2635 3.
1425 2589 1518 2635 λέγει
1536 2589 1580 2622 A.
1631 2591 1692 2622 τοῦ

636 2650 683 2665 ΤΟῘ]

103 2681 325 2719 assumptum
344 2686 384 2707 ex
399 2673 489 2707 AB.
513 2673 655 2719 [σκηνὴν
680 2671 742 2717 A.]
840 2685 873 2717 5.
901 2672 980 2706 Hoc
998 2674 1074 2706 τότε
1093 2671 1238 2705 accessit
1256 2682 1296 2704 ex
1315 2671 1358 2703 A.
1457 2679 1488 2713 7.
1515 2668 1627 2703 αὐτοῖς
1646 2669 1688 2702 A.

106 2722 230 2756 Statim
248 2722 457 2755 ὑποσκευασ.
479 2720 570 2754 Edd.
589 2720 706 2753 invitis
724 2719 814 2753 A.B.
1050 2719 1082 2752 8.
1109 2719 1170 2761 μὲν
1187 2729 1257 2751 om.
1272 2718 1316 2750 A.
1553 2727 1585 2760 9.
1612 2715 1690 2750 τοὺς

104 2775 328 2812 assumptum
345 2779 388 2800 ex
404 2766 495 2800 AB.
651 2778 663 2800 1
675 2777 703 2800 1.
731 2766 838 2801 καθὼς
856 2765 947 2799 Edd.
1104 2776 1156 2809 13.
1182 2762 1247 2798 εἶεν
1264 2764 1307 2797 A.
1358 2763 1392 2796 ἐν
1410 2763 1454 2796 Α.
1470 2762 1504 2796 d.
1523 2762 1577 2796 ἐπὶ
1596 2761 1689 2795 Edd.

108 2825 161 2860 15.
187 2814 374 2858 ἐγείροντος
391 2814 434 2847 A.
452 2813 560 2847 invito
579 2812 613 2846 d.
1056 2811 1108 2846 16.
1134 2813 1209 2845 τότε
1227 2817 1260 2844 et
1277 2811 1317 2844 τὰ
1334 2809 1691 2853 ἀνθρώπινα-σχῆμα

106 2863 159 2895 καὶ
176 2862 284 2895 πάντα
302 2867 521 2894 accesserunt
538 2872 579 2892 ex
597 2859 688 2893 AB.
704 2859 738 2893 d.
1115 2867 1166 2902 17.
1192 2858 1234 2891 τὰ
1251 2863 1472 2901 assumptum
1491 2868 1531 2889 ex
1551 2855 1688 2889 iisdem.

109 2909 162 2942 18.
188 2907 267 2942 ε’ίτις
283 2908 350 2952 γὰρ
369 2906 403 2940 d.
424 2906 515 2940 Edd.
534 2907 604 2949 ἥτις
624 2905 748 2951 [A.B.]
769 2906 862 2940 ε’στιν
881 2905 898 2948 ἡ
920 2905 960 2940 Β.
1027 2906 1086 2949 τὴν
1102 2904 1240 2950 ’γραφήν
1260 2903 1351 2937 Edd.
1369 2904 1487 2937 invitis
1511 2902 1688 2936 omnibus.

113 2955 238 2990 Statim
257 2953 499 2998 συνεγηγέρθιιι
516 2953 551 2986 δέ
570 2965 631 2998 pro
649 2967 764 2998 συνεγ.
783 2954 848 2997 γὰρ
867 2951 956 2996 (Slc)
976 2953 1019 2985 A.
1164 2962 1220 2985 21.
1238 2950 1329 2995 ἡμῶν
1346 2950 1390 2985 A.
1536 2960 1590 2992 24.
1615 2949 1690 2983 τότε

110 3002 166 3036 alt.
185 3007 407 3046 assumptum
425 3012 465 3034 ex
485 2999 574 3034 AB.
764 3010 818 3042 25.
846 3000 926 3033 κατὰ
945 3011 1008 3044 pro
1025 2999 1107 3042 μετὰ
1129 2997 1220 3032 Edd.
