2021 3434
139 211 164 253 i·
192 225 255 273 15,
283 221 345 260 16,
539 222 615 263 IN
654 223 1040 265 MICHAEAM.
1101 225 1242 266 ΓΓΟΜ
1274 225 1309 266 I.
1628 221 1712 261 623

139 333 213 380 καὶ
251 335 346 384 τοῖς
388 333 524 387 θείοις
562 333 786 396 νεύμασιν
821 335 1178 387 ἀντιτάττεσθαι
1212 340 1386 399 μισῶν,
1429 336 1477 386 ἐν
1515 338 1712 399 μακραῖς

137 412 393 478 εὐημερίαις
429 415 577 478 ἔσται,
605 419 680 467 καὶ
717 418 766 467 ἐν
803 422 935 487 καλῷ
972 422 1065 468 τῶν
1105 418 1231 469 ἰδίων
1268 419 1469 468 κείσεται
1508 415 1709 482 κλήρων·

137 493 270 543 ἔσται
295 493 388 561 γὰρ
415 496 605 550 ἐλπίδος
633 496 881 561 ε’πίμεστος
908 501 1088 564 ἀγαθῆς
1118 501 1192 550 καὶ
1223 498 1591 567 συναναλάμψει
1617 501 1713 549 τοῖς

137 576 284 640 ἁγίοις
303 576 420 627 κατὰ
445 578 644 644 καιρούς·
687 584 725 630 εὶ
750 579 798 631 δὲ
824 580 880 645 δὴ
901 582 1113 648 φαίνοιτο
1132 581 1306 648 τραχὺς
1329 584 1404 632 καὶ
1431 581 1713 646 δυσάγωγος

94 668 116 706 5
137 657 212 707 καὶ
248 664 342 712 τοῖς
379 660 515 713 θείοις
557 662 639 711 οὐκ
677 661 810 712 εἴκων
844 662 1014 726 νόμοις,
1047 663 1372 732 ἐξωσθήσεται
1409 662 1596 717 πάντως
1629 665 1712 726 τῆς

135 743 229 789 τῶν
272 741 418 805 ἁγίων
462 743 649 796 ἐλπίδος
698 746 772 794 καὶ
823 745 1047 796 ἀπολέσει
1085 748 1262 811 κλῆρον
1300 745 1382 796 τὸν
1419 744 1547 810 παρὰ
1587 748 1708 814 Θεῷ,

134 821 267 871 ε”σται
306 821 354 872 δὲ
387 845 462 873 και
498 827 669 890 κλῆρος
707 827 886 892 εχθρῶν
916 828 1070 889 αὐτοῦ,
1098 827 1217 877 κατά
1240 850 1311 877 τοι
1342 850 1394 877 το
1422 829 1468 877 ἐν
1495 830 1708 895 ψαλμοῖς
1728 835 1757 874 (Ζ

134 901 358 970 ἀδόμενον
381 907 491 971 περί
512 929 650 957 τινων
676 914 704 937 “
726 909 925 974 Μερίδες
959 909 1216 960 ἀλωπεκων
1239 932 1440 972 εσονται,
1442 910 1466 924 ”
1494 932 1709 960 τουτεστι
1770 915 1824 946 Ps.
1841 916 1908 947 lxn.

1775 969 1822 990 11.

133 985 371 1048 δυνάμεων
396 993 612 1055 πονηρῶν
637 990 798 1056 μεριδα
823 1013 896 1041 και
922 990 1200 1057 πανούργων
1227 1014 1301 1041 και
1327 995 1660 1058 κακεντρεχῶν.

67 1219 179 1261 10‘H
208 1220 312 1264 δόξα
350 1225 426 1265 τῆς
465 1223 877 1280 θυΓατρὸοἸσραέιλ,
905 1223 1082 1281 ΕύρΗσαι
1119 1223 1182 1265 καὶ
1222 1221 1359 1280 κεῖραι
1394 1222 1459 1266 ἐπὶ
1490 1224 1540 1265 τὰ
1578 1226 1705 1266 τέκνα
1732 1230 1778 1265 16

196 1308 247 1349 τὰ
284 1309 476 1365 τρυφερά
514 1324 601 1360 σου,
637 1309 907 1358 ἐμπλάτυνον
943 1309 1020 1351 τήν
1058 1310 1228 1366 χΗρείαν
1256 1325 1329 1352 σου
1367 1310 1427 1351 ὡς
1464 1309 1604 1362 ἀετὸς,
1642 1312 1706 1352 ὅτι

199 1391 591 1449 ᾖχμοιλωτεύθΗσαν
618 1392 704 1436 ἀπὸ
731 1398 818 1435 σοῦ.

194 1502 400 1566 ”Ομοιον
432 1506 494 1557 ὡς
528 1507 565 1555 εἷ
603 1502 732 1570 λέγοι
757 1504 904 1555 πάλιν
922 1501 989 1554 ’ςΩ
1019 1503 1333 1570 τρισμακαρία
1364 1503 1478 1555 ποτὲ
1511 1503 1705 1571 Θῦγοιτερ

128 1585 456 1652 Ἰερουσαλὴμ,
493 1587 522 1650 ἡ
566 1587 674 1637 λίαν
715 1586 1053 1651 εὐκλεεστάτην
1091 1589 1164 1637 καὶ
1208 1589 1441 1654 περιφανῆ
1483 1593 1705 1654 λαχοῦσα

64 1681 110 1720 15
129 1666 214 1732 τὴν
263 1666 407 1737 δόξαν,
458 1667 774 1734 Ἰερουσαλὴμ
829 1668 931 1732 ἤτοι
977 1668 1229 1735 Σαμάρεια,
1281 1669 1458 1736 οἴχεταί
1517 1694 1594 1721 σου
1644 1669 1742 1721 riae

127 1749 259 1802 τέκνα,
324 1750 383 1802 τοὶ
442 1749 647 1821 τρυφερᾶ,
706 1755 781 1801 καὶ
837 1751 1065 1801 διόλωλεν
1114 1751 1142 1814 ἡ
1193 1750 1343 1802 πάλαι
1397 1756 1704 1802 σπαταλῶσα

125 1833 324 1896 πληθὺς,
362 1834 390 1898 ἡ
432 1832 631 1899 λαμπρά
669 1856 719 1884 τε
753 1834 827 1883 καὶ
872 1833 1176 1898 ἁβροδίαιτος,
1216 1833 1243 1896 ἡ
1288 1833 1578 1884 καθεύδουσα
1619 1833 1703 1897 μὲν

127 1921 154 1944 66
179 1916 189 1930 '
276 1918 288 1933 Χ
445 1920 464 1928 ⁶
545 1917 555 1931 '
749 1916 760 1932 '
1219 1919 1238 1928 ⁶
1376 1913 1388 1929 λ
1484 1916 1498 1933 ³
1543 1918 1552 1931 ’
1664 1921 1683 1929 ⁶
1764 1915 1870 1946 Amos
1904 1916 1912 1946 i

196 1919 290 1966 Επι
323 1923 496 1966 κλινων
534 1921 862 1982 ελεφαντινων,
887 1922 1312 1965 κατασπαταλωσα
1343 1919 1389 1965 δε
1425 1938 1499 1965 και
1530 1939 1578 1966 εν
1603 1939 1701 1969 ταις
1764 1970 1784 1999 4
1785 1958 1837 1989 -6.
1881 1927 1923 1947 v.

127 2003 447 2064 “στρωμναΐς
492 2000 649 2062 αὑτῆς’
702 1998 730 2060 ἡ
774 1996 984 2048 ε”σθουσα
1023 1997 1106 2058 μὲν
1148 1998 1335 2066 ἐρίφους
1378 1998 1427 2047 ἐκ
1477 2000 1702 2061 ποιμνίων

61 2087 139 2116 20‘
142 2082 253 2130 ζκαι
292 2080 533 2148 μοσχάρια
571 2082 620 2130 ἐκ
657 2102 807 2143 μεσου
840 2080 1102 2140 ,Βουκολίων
1140 2078 1404 2175 γαλαθηνά
1447 2081 1475 2143 ἡ
1511 2082 1696 2146 ἐπικρο-

142 2168 329 2213 6τοῦσα
378 2186 496 2228 προς
547 2161 632 2226 τὴν
681 2161 843 2230 φωνην
891 2166 984 2211 τῶν
1036 2161 1263 2227 ὀργάνων
1329 2161 1357 2224 ἡ
1408 2164 1469 2215 ὡς
1518 2162 1702 2214 ἑστῶτα

141 2245 296 2295 ζαὐτοὶ
336 2245 628 2311 λογισαμενη
672 2247 747 2295 καὶ
791 2246 877 2311 οὐχ
921 2246 982 2297 ὡς
1019 2243 1266 2311 φεύγοντα·
1318 2245 1346 2308 ἡ
1388 2267 1470 2295 τον
1511 2248 1747 2312 &who—s

126 2333 154 2356 ‘⁶
179 2325 316 2390 με’νον
366 2325 491 2378 οἶνον
543 2327 746 2378 πίνουσα
798 2329 873 2377 καὶ
922 2325 980 2376 τὰ
1044 2330 1210 2392 πρῶτα
1264 2332 1389 2392 μῦρα
1437 2327 1698 2393 χριομένη·”

174 2491 204 2514 Ι.
229 2483 340 2523 μισῶν
355 2479 608 2514 ἀντιτάττεσθαι
633 2480 771 2514 inverso
796 2479 917 2514 Ordine
936 2479 981 2513 D.
1047 2479 1082 2514 ἐν
1105 2481 1245 2524 μακραῖς
1270 2480 1457 2525 εὐημερίαις
1482 2480 1578 2514 ἔσται
1598 2480 1644 2514 D.
1663 2481 1698 2514 ἐν

124 2526 313 2571 εὐημερίαις
329 2527 426 2561 ἕσται
443 2528 575 2571 μικραῖς
593 2527 672 2570 (Sic)
692 2527 735 2560 A.
1106 2536 1139 2571 5.
1165 2527 1297 2561 πάντως
1313 2527 1546 2571 ἐξωσθήσεται
1563 2527 1701 2562 inverso

125 2574 245 2607 ordine
263 2574 310 2607 D.
548 2584 579 2618 7.
597 2573 699 2607 αὐτοῦ
718 2574 764 2607 D.
783 2573 895 2608 αὐτοῖς
912 2573 955 2606 A.
1004 2587 1055 2607 τοι
1074 2572 1169 2607 deest
1185 2573 1222 2606 in
1239 2574 1282 2607 A.
1495 2574 1529 2614 8,
1547 2585 1580 2618 9.
1605 2575 1701 2608 Haec

124 2621 509 2665 τουτέστι-κακεντρεχ
513 2624 557 2654 ὧν
573 2627 793 2654 accesserunt
811 2632 851 2653 ex
872 2620 918 2653 D.
1204 2631 1256 2654 10.
1280 2618 1343 2665 ‘H]
1368 2624 1405 2661 -s-
1427 2620 1463 2654 δέ
1481 2621 1525 2653 Α.
1574 2620 1702 2665 ξύρησε

125 2665 214 2712 (Sic)
227 2669 269 2701 A.
319 2669 424 2712 κεῖραι
444 2668 491 2702 D.
510 2670 597 2711 κεῖρε
614 2667 658 2701 A.
677 2667 720 2701 cf.
742 2667 796 2701 De
813 2667 955 2700 Adorat.
974 2677 1041 2711 579
1060 2678 1089 2700 c.
1328 2677 1381 2700 ΙΙ.
1409 2682 1474 2701 σου
1491 2668 1532 2700 τὰ
1549 2669 1703 2711 τρυφερὰ

124 2725 188 2758 pro
205 2715 245 2748 τὰ
261 2728 314 2759 τρ.
332 2729 396 2748 σου
415 2715 461 2748 D.
481 2715 552 2758 (22.
571 2715 614 2748 al.
620 2715 631 2757 )
803 2724 857 2748 12.
883 2713 1069 2757 αἷχμαλωτ.
1087 2714 1130 2746 A.
1308 2725 1360 2758 13.
1387 2713 1500 2759 λέγοι]
1523 2714 1579 2748 Sic
1597 2714 1702 2749 edidi.

124 2770 175 2827 λεγ
186 2810 215 2820 =
224 2792 317 2839 λέγῃ
334 2795 390 2828 vel
405 2795 503 2840 λέγοι
522 2794 568 2828 D.
587 2794 650 2839 λεγ
653 2809 723 2828 οιτο
743 2794 784 2827 A.
850 2792 874 2826 ὠ
901 2799 933 2826 et
957 2807 1039 2826 ποτε
1062 2800 1281 2826 accesserunt
1306 2805 1346 2827 ex
1375 2795 1421 2829 D.
1486 2795 1635 2853 θυγάτηρ
1655 2795 1701 2829 D.

129 2851 182 2883 14.
200 2840 225 2874 ὦ
243 2853 305 2885 pro
322 2840 340 2884 ἡ
360 2841 406 2875 D.
478 2842 538 2885 τὴν
555 2842 658 2885 δόξαν
674 2843 832 2886 λαχοῦσα
848 2840 1041 2883 περιφανῆ
1034 2851 1106 2873 mv.
1125 2839 1245 2873 ordine
1266 2840 1310 2873 D.
1494 2853 1547 2886 15.
1574 2842 1702 2887 οίχεταί

126 2901 191 2921 σου
210 2888 255 2921 D.
275 2887 451 2932 οἰχήσεταί
469 2903 525 2922 σοι
543 2889 586 2923 A.
827 2886 880 2920 1.6
905 2886 921 2929 ἡ
940 2888 1044 2919 παλαι
1061 2888 1274 2920 σπαταλῶσα
1291 2887 1437 2932 πληθὺς]
1459 2890 1554 2922 πᾶσα
1570 2889 1701 2930 πληθὺς

126 2937 339 2968 σπαταλῶσα
358 2935 403 2968 D.
770 2945 821 2978 19.
842 2933 949 2966 αυτῶν
968 2933 1012 2988 D.
1062 2933 1228 2967 εσθιουσιι
1248 2934 1292 2967 D.
1344 2935 1468 2969 Statim
1486 2935 1547 2979 μὲν
1563 2948 1633 2969 0111.
1654 2936 1701 2969 D.

128 2991 182 3014 21.
205 2980 371 3032 ὀργανων]
396 2982 462 3015 Hic
480 2982 676 3026 tlansponit
694 2995 745 3014 και
763 2981 803 3013 τὰ
820 2983 936 3023 πρῶτα
952 2979 1039 3024 μύρα
1056 2980 1215 3025 χριομένη
1236 2980 1281 3014 D.
1482 2993 1536 3016 22.
1559 2983 1628 3017 πίν.
1645 2983 1704 3017 τὸν

126 3027 214 3062 διυλ.
232 3031 321 3063 οἶνον
338 3040 408 3063 mv.
430 3028 550 3063 Oldine
567 3031 611 3062 A.
660 3027 826 3072 χριωμὲνη
845 3026 933 3071 (Sic)
952 3028 994 3060 A.
