2021 3434
96 192 152 233 iii.
173 193 273 246 4-6.
526 194 602 236 IN
643 193 918 236 JOELEM.
977 192 1129 236 ΤΟΜ.
1171 192 1234 234 ΙΙ.
1587 190 1667 230 351

98 300 182 366 μὲν
211 301 272 353 τέι
302 303 525 355 ἐπίλεκτοι
550 309 633 355 τοῦ
660 309 784 366 ναοῦ,
810 305 885 354 καὶ
912 302 971 354 τὰ
997 305 1154 370 χρυσᾶ
1185 299 1330 365 σκεύη
1355 294 1670 362 σεσυληκόσι,

100 385 176 434 καὶ
208 388 308 438 ταῖς
340 389 434 436 τῶν
468 385 594 436 ἰδίων
628 390 745 438 θεῶν
774 383 1091 436 ἀνατεθεικόσι
1121 387 1286 446 τιμαῖς.
1349 380 1589 448 ἀφόρητον
1622 376 1671 428 δὲ

99 463 154 515 τὸ
195 469 354 533 χρῆμα
401 469 476 518 καὶ
523 467 707 533 πικρὸν,
754 470 829 519 καὶ
871 467 952 518 οὐκ
996 465 1220 519 ἀνικάνως
1263 464 1370 531 ἕχον
1419 462 1480 516 ε’ίς
1521 484 1576 527 γε
1617 460 1672 512 τὸ

100 545 330 599 δύνασθαι
369 552 701 613 καταλυπῆσαι
744 549 880 601 Sedu.
950 548 1040 615 ε”φη
1078 546 1170 614 γὰρ
1215 546 1285 598 ὅτι
1329 553 1355 575 “
1383 543 1485 608 Τὴν
1528 543 1673 612 δόξαν

57 636 80 675 5
101 635 128 658 ‘⁶
152 652 243 693 μου
274 630 412 700 ἑτέρῳ
445 633 498 682 οὐ
532 631 687 695 δώσω,
713 631 815 683 οὐδὲ
847 630 930 685 τὰς
963 629 1128 697 ἀρετάς
1151 652 1241 691 μου
1274 633 1368 681 τοῖς
1396 626 1670 692 γλυπτοῖς.”

99 712 148 762 τί
182 710 276 778 γὰρ
319 713 474 779 ἕτερον
512 712 569 764 ἂν
607 714 674 777 ε’ίη
718 713 771 764 τὸ
811 718 904 766 τοῖς
950 713 1084 765 θείοις
1128 710 1399 774 ἀναθήμασι
1436 707 1542 761 τοὺς
1579 712 1674 758 τῶν

99 794 306 844 εἰδώλων
339 794 648 860 καλλωπίζειν
685 794 834 857 ναοὺς,
865 793 894 858 ἢ
933 795 1178 859 μονονουχὶ
1217 790 1561 855 διακεκραγέναι
1599 791 1675 838 καὶ

100 875 256 940 λέγειν
288 877 350 929 ὡς
381 875 448 940 ε’ίη
479 874 564 939 μὲν
598 878 623 927 ὀ
657 881 752 927 τῶν
783 875 909 927 ὅλων
943 873 1065 928 Θεὸς
1103 876 1150 925 ἐν
1189 872 1424 938 δευτέροις,
1451 869 1510 921 τὰ
1549 869 1596 920 δὲ
1627 871 1675 919 ἐν

101 956 232 1026 λόγῳ
283 962 349 1026 τῷ
395 959 649 1026 προῦχοντι
693 960 767 1009 καὶ
810 957 975 1024 σώζειν
1022 956 1175 1007 εἰδότα
1221 953 1328 1008 τοὺς
1372 953 1511 1006 ἰδίους
1561 957 1723 1017 προ-(1

36 1058 84 1084 10
101 1038 365 1103 σκυνητάς;
405 1042 481 1090 καὶ
516 1041 598 1091 οὐκ
632 1039 831 1135 ἀπόχρη,
869 1040 1031 1107 φησὶν,
1067 1041 1129 1091 εἷς
1168 1035 1451 1133 δυσσέβειαν
1485 1035 1592 1096 ὑμῖν
1623 1032 1678 1084 τὸ

101 1125 196 1172 τῶν
222 1121 357 1172 θείων
381 1120 692 1186 ἀναθημάτων
725 1121 807 1173 τὸν
840 1120 951 1184 ἐμον
984 1123 1231 1185 γυμνῶσαι
1269 1141 1396 1180 νεων,
1422 1115 1552 1167 ἀλλὰ
1585 1115 1679 1182 γὰρ

105 1227 183 1255 και
227 1228 323 1258 τους
367 1202 476 1259 υἱους
518 1200 661 1255 'lousa
707 1227 784 1256 noca
830 1227 927 1258 τους
967 1201 1074 1256 vicus·
1114 1199 1295 1270 Ισ-ροιηλ
1338 1196 1553 1250 ἀπέδοσθε
1589 1222 1680 1252 τοις

103 1288 205 1340 υἱοις
255 1285 333 1337 τῶν
370 1286 603 1346 Ελληνων.
675 1285 894 1352 γενέσθαι
936 1284 992 1335 δε
1024 1307 1068 1335 τι
1112 1289 1321 1335 τοιοῦτον
1364 1280 1493 1344 εἰκὸς,
1533 1283 1593 1334 ὡς
1632 1283 1680 1332 ἐν

103 1372 203 1421 ταῖς
243 1368 414 1436 χώραις
454 1372 549 1419 τῶν
588 1370 734 1419 ἐθνῶν
772 1366 900 1421 τινὰς
943 1369 1319 1430 ἀποκομισθῆναι
1357 1368 1450 1415 τῶν
1488 1363 1544 1432 ἐξ
1573 1362 1675 1413 Ἰσ-

38 1473 84 1513 ι5
103 1448 242 1515 ραὴλ,
270 1450 670 1513 ἀπεμπολούντων
696 1449 861 1504 αὐτους
886 1448 915 1514 ἢ
941 1449 1127 1515 Τυρίων
1150 1471 1308 1516 τυχον,
1332 1445 1360 1510 ἢ
1394 1469 1469 1497 και
1499 1444 1681 1511 ἑτέρων,

105 1530 171 1586 οἶς
205 1533 401 1600 ἐμπορια
444 1556 499 1584 το
542 1532 933 1600 σπουδαζόμενον,
973 1535 1047 1583 καὶ
1091 1530 1388 1601 φιλοκερδεια
1427 1527 1482 1580 τὸ
1521 1527 1678 1593 ἐπιτή-

105 1616 263 1679 δευμα.

180 1696 361 1763 Πρέποι
396 1698 433 1749 δ’
470 1696 527 1749 ἂν
559 1698 584 1748 ὁ
615 1696 772 1763 λόγος,
802 1697 862 1751 ὥς
888 1721 943 1764 γε
968 1720 1046 1760 μοι
1085 1696 1310 1765 φαίνεται,
1342 1696 1416 1746 καὶ
1453 1699 1548 1748 τοῖς
1587 1698 1719 1747 τῶνε

106 1779 310 1830 ἀνοσίων
346 1780 695 1846 προεστηκόσιν
732 1780 968 1846 αἱρέσεων,
1000 1779 1042 1830 οἳ
1082 1778 1178 1834 τοὺς
1217 1776 1326 1833 υἱοὺς
1364 1780 1446 1840 τῆς
1476 1776 1682 1838 Ἐκκλη-

41 1891 91 1916 20
107 1862 214 1915 σίας
251 1864 498 1930 μονονουχὶ
536 1861 863 1929 διαρπάζοντες
896 1865 953 1929 τῇ
985 1861 1063 1913 τῶν
1089 1862 1305 1921 Ἑλλήνων
1344 1864 1682 1910 καταπωλοῦσι

107 1944 273 2012 σοφίᾳ,
327 1944 402 1995 ἵνα
451 1943 771 1996 πολυπλόκων
822 1946 1007 1995 ἐννοιῶν
1056 1942 1478 2007 ἀναπιμπλάμενοι,
1527 1942 1684 2006 πικροὶ

107 2026 314 2092 γένοιντο
347 2025 548 2092 ζητηταὶ,
585 2031 774 2090 μᾶλλον
812 2026 859 2077 δὲ
900 2029 1099 2079 ἀπειθεῖς
1135 2047 1185 2076 τε
1223 2026 1297 2075 καὶ
1331 2022 1573 2090 ἀλιτήριοι,
1608 2023 1684 2072 καὶ

108 2108 169 2160 τὰ
205 2107 323 2175 ὀρθὰ
360 2107 734 2177 διαστρέφοντες,
761 2109 908 2159 καίτοι
948 2109 1050 2159 δεόν
1089 2109 1220 2175 ἁπλῇ
1259 2109 1500 2167 διαβιῶναι
1528 2104 1682 2172 φύσει,

110 2193 186 2242 καὶ
228 2190 311 2241 τὸν
360 2190 685 2255 ἀκαπήλευτον
728 2190 876 2256 λόγον
916 2193 999 2254 τῆς
1049 2191 1268 2254 ἀληθείας
1299 2192 1528 2252 μελετᾶν.
1593 2186 1684 2255 ἔξω

46 2295 93 2334 25
112 2271 168 2336 δὴ
202 2273 283 2324 οὖν
320 2273 399 2325 τῶν
442 2273 567 2324 ἰδίων
608 2276 718 2342 ὁρίων
760 2273 981 2337 γενέσθαι
1022 2271 1127 2325 τοὺς
1165 2270 1486 2336 ἠπατημένους
1525 2292 1681 2334 παρα-

1734 559 1895 592 Es.xlii.8.

112 2354 432 2422 σκευάζουσιν.
485 2355 562 2424 ‘o'pot
601 2355 648 2406 δὲ
674 2353 836 2421 ὥσπερ
863 2356 937 2405 καὶ
972 2354 1103 2422 χώρα
1135 2358 1229 2404 τῶν
1263 2353 1435 2403 τέκνων
1467 2355 1548 2416 τῆς
1577 2353 1685 2402 Ἐκ-
1704 2375 1726 2399 a
1754 2365 1836 2400 237
1854 2362 1903 2399 A.

113 2438 315 2502 κλησίας
349 2441 431 2502 τῆς
464 2438 684 2501 ἀληθείας
717 2438 745 2502 ἡ
777 2441 966 2502 γνῶσις,
992 2438 1068 2486 καὶ
1105 2434 1158 2486 τὸ
1197 2439 1259 2488 εἰς
1288 2439 1383 2485 πᾶν
1419 2436 1571 2485 ὁτιοῦν
1594 2438 1686 2484 τῶν

114 2521 317 2586 ἀκριβῶς
341 2519 668 2589 ἐξητασμένων
703 2524 764 2573 εἷς
796 2518 1026 2586 ὀρθότητα
1058 2515 1275 2569 νενευκός.
1325 2516 1538 2582 λέγοιντο
1565 2516 1601 2567 δ’
1631 2514 1689 2566 ἂν

115 2601 298 2656 εἰκότως
328 2604 476 2671 xpm-33
510 2601 654 2665 σκεύη
693 2604 766 2652 καὶ
806 2606 988 2672 ἀργυροῖ,
1026 2601 1102 2650 καὶ
1138 2601 1359 2649 ἐπίλεκτοι,
1397 2602 1533 2660 Θεοῦ,
1569 2597 1687 2649 κατὰ

50 2711 99 2747 30
115 2682 168 2735 τὸ
200 2685 370 2749 ἀληθὲς
408 2688 450 2735 οὶ
487 2686 645 2735 πίστει
681 2706 731 2733 τε
769 2682 1181 2748 κατηγλαϊσμένοι,
1210 2683 1286 2731 καὶ
1322 2685 1416 2734 τοῖς
1454 2681 1511 2750 ἐξ
1538 2681 1687 2747 ἔργων

165 2825 195 2863 7.
220 2815 457 2861 καλλωπίζειν]
477 2814 737 2850 κατακαλλυνειν
753 2814 845 2849 Edd.
1119 2826 1152 2859 9.
1177 2815 1270 2862 λόγῳ
1287 2816 1332 2861 τῷ
1350 2813 1550 2860 προῦχοντι]
1563 2816 1687 2873 λόγοις

115 2866 176 2898 τοῦ
191 2866 399 2909 προῦχοντος
415 2863 475 2896 iid.
524 2863 652 2897 εἰδότας
669 2862 727 2895 iid.
920 2861 1040 2906 ,φημὶ
1057 2860 1117 2894 ild.
1309 2873 1362 2897 12.
1387 2861 1571 2907 Ἰσραὴλ-Γ
1575 2868 1686 2907 Ιερου-

118 2911 234 2955 σαλὴμ
251 2911 310 2944 iid.
325 2911 380 2953 (ut
398 2911 530 2954 supra.)
630 2908 682 2943 16.
702 2908 862 2964 ἐμπορεία
874 2872 927 2941 IB.
973 2908 1189 2953 φιλοκερδεῖν
1206 2908 1298 2942 Edd.
1398 2910 1450 2943 18.
1480 2909 1608 2954 Πρέπει
1625 2910 1685 2944 iid.

119 2968 174 2992 22.
198 2961 357 3003 γενῶνται
374 2956 434 2990 iid.
670 2966 725 3001 23.
751 2955 858 3002 φύσει
876 2955 918 2989 Β.
936 2956 1065 3000 φράσει
1085 2954 1173 2988 Edd.
1391 2956 1447 2990 28.
1471 2956 1609 3003 λέγοιτο
1626 2957 1686 2991 ild.

120 3015 174 3049 29.
200 3004 252 3038 καὶ
269 3010 349 3049 post
366 3005 453 3037 Θεου
469 3001 550 3038 add.
568 3001 627 3037 iid.
817 3013 872 3048 30.
898 3017 933 3036 τε
952 3007 1171 3047 assumptum
1189 3013 1230 3036 ex
1250 3001 1291 3036 B.
