2021 3434
305 197 388 237 506
693 202 743 241 B.
787 201 1064 244 CYRILLI
1106 205 1485 247 ALEXANDR.
1626 207 1696 247 vii.
1725 217 1873 259 14-17.

302 307 452 369 με’νων
485 307 544 358 τὰ
574 309 794 378 λείψανα,
819 314 895 363 καὶ
928 313 1188 378 λημμάτων
1215 317 1426 382 αἰσχρῶν
1460 316 1695 382 ἀχαλίνως
1726 315 1874 379 ἡττώ-

301 411 450 451 μενος,
500 392 780 459 κατωνείδιζε
823 393 905 445 τὸν
947 394 1120 459 Ἀμὼς,
1171 398 1245 447 καὶ
1293 399 1386 447 δεῖν
1436 395 1521 459 μὲν
1568 398 1747 463 ἔφασκε
1791 399 1875 459 τῆς

302 472 565 537 Σαμαρείας
603 475 880 543 ἀποφοιτᾶν,
929 478 1145 545 ἐκχωρεῖν
1196 477 1256 541 δὲ,
1309 482 1345 529 εἰ
1395 478 1630 541 βούλοιτο,
1677 483 1737 532 εἰς
1785 482 1875 544 γῆν

300 551 470 616 Ἰούδα,
518 557 592 606 καὶ
629 557 722 607 ε’κεῖ
754 563 1022 619 καταβιοῦν.
1087 561 1180 610 ἐκεῖ
1215 560 1322 626 γὰρ,
1361 562 1498 629 φησὶ,
1536 559 1875 628 ψευδοεπήσεις

299 635 514 699 εὐκόλως,
561 640 635 688 καὶ
686 640 996 707 συναρπάζων
1044 641 1269 705 πολλοὺς,
1312 643 1468 710 ε’ρανιῇ
1519 641 1578 692 τὰ
1626 640 1743 707 πρὸς
1792 641 1913 696 τὸν5

297 717 417 776 βίον,
454 721 527 769 καὶ
558 724 747 783 μᾶλλον
782 722 991 787 εὑρήσεις
1015 722 1073 774 τὰ
1102 723 1297 790 ζωαρκῆ.
1363 722 1418 774 τὸ
1456 722 1548 789 γὰρ
1573 724 1703 774 Ἐκεῖ
1733 746 1870 775 κατα-

296 799 416 862 βίου,
440 801 649 853 τοιοῦτόν
674 826 790 865 τινα,
818 803 1028 872 καθάπερ
1064 805 1152 869 ἤδη
1186 811 1421 872 προεῖπον,
1448 806 1724 874 ὑπεμφαίνει
1751 811 1870 858 νοῦν.

76 894 163 928 329
182 894 233 928 Α.
259 882 408 932 ἢάλλ’
450 882 520 934 ὅτι
559 884 624 948 μὴ
665 892 870 940 τοιοῦτος
910 891 976 957 τῷ
1020 888 1253 956 Προφήτῃ
1291 887 1484 951 σκοπὸς,
1527 887 1643 952 μήτε
1681 887 1774 951 μὴν
1811 892 1872 943 εἰς

298 966 599 1033 φιλοκερδίαν
618 968 797 1032 βλέπει,
819 971 1110 1023 δεσποτικοῖς
1137 969 1185 1021 δὲ
1211 975 1400 1033 μᾶλλον
1420 971 1591 1021 ὑπείκει
1619 970 1871 1034 θελήμασι,

295 1048 512 1116 ταύτῃτοι
562 1049 647 1114 τὴν
703 1050 924 1120 προφήτῃ
981 1052 1256 1118 πρέπουσαν
1307 1053 1539 1103 διακονίαν
1589 1054 1869 1117 ἀποπληροῖ,
1893 1083 1940 1108 10

295 1135 504 1196 πειρᾶται
535 1132 781 1196 διδάσκειν,
809 1135 884 1184 καὶ
919 1134 1026 1184 λίαν
1057 1135 1275 1197 ἐπιεικῶς,
1301 1136 1442 1185 ἐκεῖνο
1477 1133 1644 1200 λέγων,
1672 1136 1734 1188 ὡς
1768 1136 1871 1186 οὔτε

295 1213 514 1280 προφήτης
554 1212 624 1278 ἧν,
663 1216 766 1266 οὕτε
806 1215 899 1280 μὴν
940 1218 1158 1287 προφήτου
1191 1218 1382 1282 γε’γονεν
1421 1215 1518 1279 υἷος,
1559 1215 1676 1267 κατὰ
1714 1221 1865 1281 μαθη-

294 1294 417 1344 τειάν
449 1295 495 1346 δὲ
527 1296 727 1359 πάντως,
753 1298 898 1363 ἤγουν
933 1298 1051 1349 κατὰ
1087 1305 1281 1363 πνεῦμα,
1310 1301 1444 1368 φημὶ,
1472 1299 1681 1365 καθάπερ
1707 1298 1869 1363 ἀμέλει

294 1377 368 1425 καὶ
394 1377 647 1429 Ἐλισσαιὲ
672 1385 754 1430 τοῦ
779 1381 965 1444 Ἠλίου,
992 1381 1101 1431 ἀλλ’
1130 1380 1187 1445 ἧν
1220 1380 1305 1446 μὲν
1344 1383 1548 1444 αἰπόλος,
1575 1381 1795 1448 ἄγροικόν
1819 1405 1868 1432 τε

247 1467 274 1507 b
293 1458 367 1507 καὶ
413 1459 572 1523 ἁπλῆν
614 1464 689 1512 καὶ
730 1462 1022 1529 ἀκάκουργον
1058 1463 1279 1524 βιοτεύων
1321 1462 1452 1529 ζωὴν,
1488 1464 1628 1529 ὀλίγα
1667 1462 1714 1514 δὲ
1749 1487 1864 1515 παν-
1890 1489 1935 1527 15

290 1546 438 1596 τελῶς
471 1543 529 1594 τὰ
563 1548 626 1599 εἷς
658 1545 839 1614 τροφὰς
871 1547 1003 1614 ἔχων,
1037 1549 1113 1598 καὶ
1154 1552 1248 1601 τοῖς
1286 1548 1342 1617 ἐξ
1376 1549 1535 1614 ἀγρῶν
1573 1548 1866 1614 ἀρκούμενος,

290 1625 321 1678 ἃ
345 1628 461 1692 μηδὲ
491 1629 547 1680 ἂν
579 1630 813 1697 ε’κπρίαιτό
853 1651 937 1686 τις·
979 1638 1126 1683 ταῦτα
1161 1631 1210 1683 δὲ
1245 1631 1302 1696 ἦν
1336 1633 1581 1702 συκάμινα.
1647 1638 1867 1700 σχολαῖοι

288 1712 381 1780 γὰρ
420 1713 548 1768 ὄντες
584 1720 677 1766 τῶν
710 1717 936 1779 ποιμνίων
974 1721 1017 1768 οἱ
1054 1715 1315 1779 ἐπιστάται,
1339 1717 1421 1770 τάς
1455 1740 1504 1768 τε
1541 1721 1636 1768 τῶν
1667 1718 1867 1784 δένδρων

289 1795 427 1850 σκιὰς
466 1798 789 1866 ὑποτρέχουσι,
835 1801 910 1850 καὶ
950 1798 1010 1850 τὰ
1049 1800 1098 1850 ἐκ
1139 1802 1219 1864 τῆς
1264 1800 1426 1866 ἀργίας
1469 1799 1745 1866 ἐγκλήματα
1781 1823 1865 1863 μο-

290 1881 474 1948 νονουχὶ
506 1879 830 1946 διαπαίζῦντες,
857 1879 1062 1948 καρποὺς
1097 1882 1390 1948 ἀποκνῖζουσι
1428 1883 1502 1933 καὶ
1540 1885 1622 1946 τῆς
1656 1881 1864 1950 γαστρὸς
1884 1907 1933 1932 20

288 1959 373 2025 τὴν
407 1962 632 2028 ἀνάγκην,
660 1965 721 2016 ὡς
753 1961 810 2013 ἂν
845 1964 1086 2031 ἐνδέχοιτο,
1115 1964 1464 2030 θεραπεύουσιν.
1528 1962 1638 2014 ἀλλ’
1666 1964 1744 2032 ἐμὲ
1781 1965 1864 2027 μέν

288 2049 439 2111 φησιν
469 2046 518 2095 ἐν
551 2045 730 2099 τούτοις
755 2045 879 2108 ὅντα,
909 2045 1029 2100 Θεὸς
1065 2045 1183 2097 κατὰ
1220 2045 1273 2097 τὸ
1309 2047 1432 2116 αὐτῷ
1466 2048 1631 2097 δοκοῦν
1668 2048 1863 2097 ε’ποιεῖτο

286 2126 548 2194 προφήτην,
605 2129 680 2177 καὶ
735 2132 830 2182 τοῖς
893 2128 950 2196 ἐξ
1000 2128 1192 2191 αἵματος
1238 2127 1416 2198 Ἰσραὴλ
1468 2127 1526 2178 τὰ
1581 2128 1650 2180 ἐπ’
1697 2128 1861 2182 αὐτοὺς

286 2208 457 2272 ἥκοντα
497 2212 572 2260 καὶ
621 2209 737 2260 ὅσον
789 2210 967 2261 οὐδέπω
1009 2209 1307 2275 παρεσόμενα
1354 2214 1626 2276 διατρανοῦν
1669 2211 1858 2262 ἐκέλευε·

247 2289 350 2340 cm)
393 2291 439 2341 δὲ
479 2297 574 2345 τοῖς
607 2292 702 2343 ἄνω
743 2292 966 2355 νεύμασιν
1009 2291 1279 2361 ἀντεξάγων
1317 2291 1376 2342 τὰ
1418 2292 1497 2354 σὰ,
1531 2297 1716 2344 σιωπᾶν
1755 2294 1852 2345 ἐπι·
1879 2311 1926 2348 25

286 2374 478 2430 τάττεις.
533 2377 749 2445 ταύτῃτοι
785 2377 954 2428 λοιπόν
988 2374 1105 2428 Τάδε
1143 2376 1266 2443 λέγει
1304 2376 1450 2447 Κύριος
1482 2378 1539 2428 ‘H
1570 2379 1672 2444 γυνή
1710 2403 1786 2429 σου
1819 2380 1857 2430 ἐν

332 2553 362 2576 2.
389 2543 598 2586 κατονειδίζει
616 2544 658 2578 Α.
709 2544 778 2578 δεῖν
796 2544 838 2578 Β.
857 2544 895 2588 δὴ
914 2544 957 2579 A.
976 2544 1088 2579 ἰδόντα
1108 2544 1198 2578 Edd.
1608 2557 1640 2587 4.
1670 2544 1748 2579 Hoc
1765 2546 1855 2590 φησὶ

283 2596 502 2633 assumptum
522 2602 562 2624 ex
582 2590 624 2624 B.
859 2602 892 2634 5.
919 2590 1048 2637 ἐρανιῂ]
1069 2592 1140 2636 ἐρᾷ.
1159 2592 1187 2625 εἷ
1205 2591 1284 2635 (sic)
1302 2591 1346 2626 A.
1560 2590 1592 2625 6.
1621 2591 1716 2625 Haec
1733 2593 1771 2626 τὸ
1787 2593 1853 2638 γὰρ

284 2636 350 2668 ἐκεῖ
367 2644 544 2681 assumpta
561 2650 601 2671 ex
616 2637 704 2671 A.B.
896 2648 926 2683 7.
953 2641 1104 2673 τοιοῦτόν
1121 2653 1203 2679 τινα,
1222 2639 1370 2683 καθάπερ
1387 2638 1447 2682 ἤδη
1464 2639 1635 2683 προεῖπον,
1652 2639 1853 2683 ὑπεμφαίνει

282 2681 375 2727 νοῦν]
397 2683 453 2717 Sic
471 2683 572 2717 edidi.
591 2686 741 2718 τοιοῦτόν
758 2699 840 2725 τινα,
859 2686 1007 2729 καθάπερ
1030 2686 1089 2730 ἤδη
1114 2687 1284 2730 προεῖπον,
1302 2686 1502 2730 ὑπεμφαίνει
1522 2685 1563 2719 Β.
1581 2688 1732 2719 τοιοῦτόν
1749 2685 1853 2720 ἐστιν.

281 2727 302 2761 ἃ
319 2731 467 2774 καθάπερ
484 2731 544 2774 ἤδη
561 2733 723 2776 προεῖπον
740 2732 940 2778 ὑπεμφαίνει
957 2731 1015 2766 οὖν
1028 2734 1071 2766 A.
1089 2733 1254 2766 τοιουτονί
1269 2747 1342 2766 τινα
1359 2732 1558 2777 ὑπεμφαίνει
1583 2733 1641 2766 τὸν
1665 2734 1741 2766 νοῦν
1759 2731 1850 2766 Edd.

283 2787 317 2820 9.
346 2777 583 2821 φιλοκερδείαν
610 2778 650 2813 Β.
713 2778 824 2821 βλέπῃ
850 2779 939 2813 Edd.
967 2780 1083 2813 invitis
1105 2779 1196 2814 A.B.
1262 2778 1340 2813 εἴκει
1365 2780 1608 2824 προστάγμασι
1635 2791 1697 2823 pro
1725 2779 1850 2813 ὑπείκει

284 2822 450 2866 θελήμασι
469 2824 510 2858 Β.
561 2825 686 2859 Statim
704 2826 756 2858 καὶ
773 2825 853 2859 add.
872 2825 963 2859 Edd.
981 2826 1098 2860 invitis
1115 2826 1205 2860 A.B.
1540 2836 1592 2860 10.
1617 2826 1676 2869 τὴν
1691 2824 1848 2870 προφήτῃ

283 2869 479 2911 πρέπουσαν
495 2871 585 2905 Α.Β.
604 2872 662 2916 τὴν
678 2871 856 2916 προφήτου
875 2872 965 2906 Edd.
1424 2884 1437 2906 1
1449 2883 1476 2907 1.
1501 2871 1670 2917 πειρᾶται]
1693 2876 1730 2912 4
1751 2871 1786 2904 δέ
1804 2872 1848 2905 Α.

287 2925 338 2956 14.
365 2914 543 2951 Ἐλισσεαὶ
561 2919 604 2952 A.
914 2929 965 2964 15.
991 2919 1170 2963 ἀκακουργὶ
1189 2918 1280 2953 Edd.
1580 2919 1632 2952 16.
1657 2918 1787 2962 τροφὰς
1807 2918 1846 2952 Β.

283 2962 413 3005 Τροφὴν
432 2963 520 2997 Edd.
695 2975 745 3010 17.
772 2965 850 3008 μηδ’
873 2966 912 3000 Β.
962 2967 1096 3010 πρίαιτό
1114 2966 1205 3000 Edd.
1375 2966 1426 2999 18.
1453 2981 1487 2999 τε
1505 2971 1724 3010 assumptum
1742 2976 1783 2998 ex
1802 2965 1845 2999 A.

284 3017 337 3049 24.
357 3010 446 3042 οὔπω
468 3010 556 3045 Edd.
607 3012 730 3046 Statim
749 3013 890 3056 ἐσόμενα
908 3012 965 3046 iid.
984 3013 1092 3047 invito
1106 3013 1149 3047 A.
1199 3012 1376 3047 ἐκέλευσεν
1394 3013 1436 3046 Α.
1455 3013 1562 3046 invito
1583 3011 1622 3045 B.
