2021 3434
245 235 325 272 116
629 234 676 272 B.
722 232 1000 272 CYRILLI
1043 231 1425 272 ALEXANDR.
1487 232 1543 272 iv.
1574 243 1635 283 17,
1668 232 1728 280 ιδ,
1756 243 1818 283 19.

243 349 328 413 τὴν
349 351 396 399 ἐν
423 354 516 402 τοῖς
533 349 882 414 Ἰεροσολύμοις
903 350 1144 411 ἀποκαλεῖ,
1164 352 1221 416 τῇ
1242 349 1568 416 βασιλευούσῃ
1588 352 1718 417 φυλῇ
1739 346 1824 410 τὴν

246 434 420 495 κλῆσιν
445 430 717 496 τετηρηκὼς,
745 432 865 481 οὕτω
901 434 976 481 καὶ
1013 432 1088 482 ἐπὶ
1121 436 1203 481 τοῦ
1228 430 1444 496 Ἰσραὴλ,
1480 430 1590 481 ὅταν
1625 428 1826 496 ὀνομάζῃ

245 513 327 564 τὸν
370 512 600 580 Ἐφραὶμ,
648 511 741 564 ἀπὸ
790 516 873 576 τῆς
921 513 1273 576 βασιλευούσης
1315 515 1472 582 φυλῆς
1513 516 1708 563 ποιεῖται
1744 509 1829 574 τὴν

248 596 518 657 ὀνομασίαν.
607 594 800 662 μετέσχε
865 596 920 658 δὴ
971 596 1052 645 οὖν
1106 596 1130 645 ὁ
1171 594 1374 663 Ἐφραίμ
1437 591 1623 645 εἰδώλων
1687 592 1826 660 φησί.

204 676 594 742 ὺπροσκεκύνηκε
629 676 721 743 γὰρ
759 680 825 747 τῷ
864 677 1136 742 Αἰγυπτίων
1171 676 1458 739 σεβάσματι·
1491 675 1638 729 ”Απις
1675 673 1722 726 δὲ
1760 671 1830 737 ἦν,
1852 697 1873 734 5

249 759 349 822 ἤτοι
378 757 578 821 δάμαλις
616 758 670 809 τὸ
709 761 890 810 ἐκείνων
916 758 1079 820 σέβας·
1123 758 1321 825 μετέσχε
1352 759 1398 809 δὲ
1434 756 1566 809 οὐδὲν
1592 757 1731 822 ἧττον
1757 756 1833 805 καὶ

249 843 330 904 τῆς
373 845 467 891 τῶν
504 848 759 892 Χαναναίων
794 841 1098 906 ἀνοσιότητος
1143 843 1218 891 καὶ
1257 841 1517 908 ἀμετρήτου
1556 844 1827 909 φρενοβλα-

250 922 391 985 βείας,
419 922 461 973 οἳ
486 922 539 974 τὸ
567 923 768 991 αἰσχρὸν
795 926 940 977 οὕτως
967 924 1160 975 ε’ίδωλον
1186 924 1416 989 περιέπειν
1441 946 1490 974 τε
1519 925 1594 973 καὶ
1619 944 1830 987 προσκυ-

253 1009 345 1056 νεῖν
383 1006 631 1070 ἐγνώκασι,
668 1005 749 1056 τὸν
786 1006 1082 1075 Βεελφεγωρ.
1148 1005 1278 1056 ἀλλὰ
1318 1008 1393 1056 καὶ
1426 1011 1564 1056 τοῦτο
1602 1002 1832 1070 δεδρακὼς

254 1089 278 1137 ὁ
318 1086 520 1156 Ἐφραίμ
560 1088 695 1143 ἔθηκεν
738 1089 877 1159 ἑαυτῷ
916 1085 1176 1141 eamdam.
1244 1087 1589 1154 προσκέκρουκε
1634 1086 1728 1153 γὰρ
1768 1090 1834 1154 τῷ
1864 1113 1910 1137 10

255 1193 329 1220 και
396 1169 692 1234 ἐπαμύνοντι,
763 1173 838 1221 καὶ
914 1169 1154 1237 διασωζειν
1222 1170 1360 1221 εἰδότι
1433 1173 1555 1239 Θεῷ.
1644 1168 1837 1238 “Ηρε’τισε

257 1253 545 1314 Χαναναίους,
588 1254 689 1303 ἀντὶ
730 1259 826 1316 τοῦ,
867 1252 1024 1318 αιρετά
1068 1276 1142 1302 και
1184 1252 1453 1322 ἀξιόληπτα
1496 1252 1742 1316 πεποίηται
1781 1251 1840 1301 τὰ

258 1338 352 1385 τῶν
382 1336 664 1385 Χαναναίων
702 1335 796 1399 ἔθη·
837 1335 997 1401 ὅμοροι
1036 1333 1083 1385 δὲ
1123 1335 1248 1385 οὗτοι
1286 1339 1368 1399 τῆς
1397 1334 1633 1385 Ἰουδαίων
1671 1334 1838 1402 χώρας,

221 1419 511 1478 οδυσσεβεῖς
546 1419 621 1467 καὶ
655 1418 1007 1483 εἰδωλολάτραι.
1063 1420 1136 1468 καὶ
1175 1416 1292 1482 πρός
1323 1440 1376 1483 γε
1411 1416 1467 1481 δὴ
1502 1416 1694 1479 τούτοις,
1726 1440 1835 1483 πορ-
1995 1429 1998 1474 f

261 1498 436 1553 νεύοντες
488 1499 785 1568 ἐξεπὸρνευσαν
841 1504 882 1551 οἱ
941 1500 994 1568 ἐξ
1043 1499 1262 1566 Ἰσραήλ’
1331 1502 1478 1563 δῆλον
1536 1499 1582 1550 δὲ
1640 1498 1734 1553 ὅτι.
1766 1496 1842 1549 διά
1870 1521 1915 1559 15
1995 1511 1998 1532 ⁶

260 1603 331 1631 τοι
375 1579 429 1631 τὸ
471 1581 592 1646 πέρα
634 1581 805 1648 μέτρου
848 1584 922 1633 καὶ
966 1586 1050 1633 τοῦ
1090 1581 1264 1635 εἰκότος
1308 1582 1514 1633 ἐπέκεινα
1549 1579 1634 1645 τὴν
1674 1579 1842 1645 νοητὴν

259 1664 557 1725 ἐπιτηδεῦσαι
591 1665 824 1730 πορνείαν,
865 1666 940 1715 καὶ
976 1667 1036 1717 εἰς
1078 1664 1218 1732 λῆξιν
1259 1664 1571 1731 αἱσχρότητος
1609 1666 1691 1727 τῆς
1725 1665 1843 1714 ἀπο-

261 1745 467 1799 στασίας
507 1746 660 1799 αὐτοῖς
693 1746 911 1814 ἔρχεσθαι
939 1746 998 1798 τὰ
1025 1746 1309 1813 ἐγκλήματα.
1376 1749 1646 1811 ἦγαπήκασι
1683 1745 1731 1798 δὲ
1769 1748 1845 1796 καὶ

262 1826 330 1887 τὴν
371 1830 554 1895 ατιμίαν
600 1829 650 1879 ἐκ
700 1829 1008 1899 φρυαγμάτων
1056 1829 1207 1891 αὐτῶν,
1251 1829 1508 1891 τουτέστιν,
1549 1829 1606 1897 ἐξ
1642 1830 1846 1898 ὑψηλῶν

264 1909 559 1977 αὐχημάτων,
595 1908 714 1977 ἅπερ
754 1909 880 1979 εἶχον
919 1913 993 1964 ἐπὶ
1029 1915 1136 1981 Θεῷ
1177 1913 1253 1962 καὶ
1294 1911 1410 1980 δόξῃ
1448 1915 1506 1979 τῇ
1541 1912 1648 1978 παρ’
1683 1911 1840 1961 αὑτοῦ.
1872 1940 1920 1965 20

265 1993 430 2043 οὐκοῦν
478 1992 633 2055 ἄτιμοι
678 1995 753 2044 καὶ
799 1994 1159 2062 κατεῤῥιμμένοι,
1204 1995 1375 2059 οἰκτροὶ
1416 1996 1491 2044 καὶ
1534 1993 1847 2057 πεπατημένοι

223 2089 249 2129 d
267 2073 523 2141 γεγόνασιν
551 2076 753 2139 ἀληθῶς,
782 2080 876 2126 τῶν
900 2077 1106 2144 ἀρχαίων
1138 2076 1446 2145 φρυαγμάτων
1484 2073 1846 2140 ἀπολισθήσαν-

267 2174 354 2210 τες·
394 2155 705 2221 κεκλήσονται
750 2157 843 2224 γὰρ
882 2159 1112 2225 ἐλεύθεροι
1152 2157 1236 2221 μὲν
1280 2157 1440 2220 οὐκέτι,
1484 2159 1756 2219 βαδιοῦνται
1800 2155 1848 2207 δὲ

268 2244 459 2304 μᾶλλον
510 2243 572 2294 εἷς
623 2241 760 2306 ὕβριν
807 2242 882 2291 καὶ
930 2244 1126 2309 ἀτιμίαν,
1171 2242 1245 2291 καὶ
1295 2240 1384 2291 ὑπὸ
1431 2244 1612 2307 πικροῖς
1662 2240 1850 2291 ε”σονται

270 2319 533 2376 δεσπόταις.
591 2323 703 2373 ἀλλ’
731 2326 768 2373 εἰ
803 2345 879 2373 και
912 2323 1090 2377 τούτοις
1126 2320 1295 2385 ἅπασι,
1326 2325 1490 2391 φησιν,
1520 2323 1547 2386 ἡ
1582 2319 1850 2385 ἀνουστάτη
1877 2346 1924 2384 25

271 2410 354 2455 τοῦ
387 2403 592 2500 Ἐφραίμ
627 2403 861 2472 ὑπηνέχθη
892 2403 1091 2469 πληθυς,
1128 2404 1254 2467 ἀλλ’,
1287 2402 1323 2454 ὠ
1349 2405 1522 2467 Ἰούδα,
1565 2429 1618 2455 συ
1657 2427 1852 2470 γεγονας

275 2488 390 2554 αὐτῇ
428 2484 502 2537 οἶά
537 2509 607 2541 τις
644 2511 894 2554 πνευματος
934 2486 1155 2556 συστροφη
1191 2510 1228 2538 εν
1263 2485 1439 2557 πτερυξι
1478 2492 1700 2538 πετεινοῦ.
1750 2486 1854 2537 ε”στι

277 2566 323 2619 δὲ
360 2569 504 2619 παντί
536 2592 627 2620 που
666 2571 875 2632 δῆλον,
862 2569 932 2620 ότι
968 2568 1121 2633 πάντη
1156 2591 1203 2619 τε
1243 2570 1318 2619 καὶ
1356 2568 1543 2622 πάντως
1577 2567 1634 2620 τὰ
1675 2568 1855 2619 διιπτά-

277 2672 406 2713 μενα,
437 2651 697 2714 πνεύματος
735 2650 853 2702 αὐτοὶ
886 2656 1250 2717 προσωθοῦντος
1284 2653 1451 2714 βιαίου,
1489 2649 1634 2715 μόνον
1668 2650 1717 2702 δὲ
1753 2651 1856 2719 οὐχὶ

328 2806 360 2840 5.
386 2798 455 2831 τοῖς
472 2797 547 2842 Αἶγ.
566 2798 785 2842 σεβάσμασιν
804 2798 849 2832 D.
1008 2807 1039 2842 7.
1065 2796 1251 2842 ἀμετρήτου
1270 2797 1315 2831 D.
1333 2797 1478 2842 ἀμέτρου
1497 2797 1588 2832 Edd.
1748 2810 1781 2842 9.
1803 2798 1856 2832 καὶ

281 2849 502 2899 assumptum
520 2856 560 2877 ex
581 2845 625 2878 D.
841 2856 894 2878 10.
919 2846 1024 2878 ὁοῐη.
1044 2845 1090 2879 D.
1141 2845 1331 2878 σκάνδαλον
1365 2845 1411 2879 D
1431 2851 1468 2879 ut
1485 2857 1591 2890 supra
1607 2856 1643 2879 m
1662 2844 1726 2879 SS.
1745 2849 1855 2879 textu.
1999 2823 2002 2872 Ι

287 2901 339 2923 11.
365 2903 418 2922 και
435 2901 531 2933 prlus
549 2902 618 2924 om.
639 2891 684 2925 D.
734 2892 913 2934 σώζεινΙ).
965 2891 1090 2925 Statim
1108 2891 1276 2925 εἷδότιΙ).
1294 2891 1462 2938 δυναμένῳ
1480 2891 1572 2926 Edd.
1717 2903 1770 2937 13.
1791 2896 1858 2926 τῶν
1998 2882 2001 2909 ι

283 2941 503 2979 assumptum
521 2948 562 2969 ex
583 2937 627 2971 D.
812 2947 863 2983 15.
889 2937 1030 2983 Ἰσραὴλ
1048 2938 1214 2981 δηλονότι·
1235 2938 1288 2972 διά
1308 2938 1353 2973 D.
1539 2938 1591 2972 16.
1614 2938 1747 2974 εἰκότως
1765 2937 1857 2973 Edd.
1995 2934 2000 3019 ἶ

283 2981 392 3015 invito
412 2981 457 3015 D.
564 2994 618 3017 21.
646 2985 697 3017 καὶ
716 2985 772 3018 alt.
792 2997 861 3018 om.
883 2985 928 3019 D.
1036 2996 1089 3029 23.
1116 2985 1176 3029 μὲν
1192 2984 1364 3029 ελεὺθεροι
1381 2997 1443 3029 pro
1460 2985 1525 3030 γὰρ
1542 2984 1714 3029 ἐλεύθεροι
1731 3000 1792 3029 μεν
1811 2985 1858 3020 D.

286 3028 340 3062 26.
368 3030 426 3062 τοῦ
444 3040 513 3062 om.
534 3029 578 3062 D.
711 3041 764 3074 27.
791 3033 953 3066 πετεινοῖς
974 3032 1018 3066 D.
1140 3043 1194 3076 29.
1219 3032 1253 3065 δέ
1273 3038 1491 3076 assumptum
1511 3045 1550 3065 ex
1571 3032 1613 3066 D.
