2021 3434
102 192 126 232 i.
152 205 183 232 1.
600 193 673 234 IN
713 192 908 234 AMOS.
971 192 1119 233 TOM.
1159 192 1193 232 Ι.
1594 190 1674 231 375

101 301 315 356 λεύοντος
360 302 407 354 δὲ
448 310 530 355 τοῦ
569 304 817 370 Ἱεροβοὰμ
852 305 1026 371 χρίεται
1061 303 1291 370 Ἀζαρίας,
1328 303 1352 351 ὁ
1392 302 1465 352 καὶ
1503 296 1676 363 Ὀζίας,

100 383 328 444 βασιλεὺς
364 387 438 437 ἐπὶ
476 386 558 437 τὸν
594 386 775 438 Ἰούδαν
813 388 861 437 ἐν
902 391 996 439 τοῖς
1029 383 1392 452 Ἱεροσολύμοις.
1459 381 1508 435 ’ὸς
1547 379 1678 431 οὐδὲν

101 465 241 530 ἧττον
274 465 331 531 ἧν
363 469 410 518 ἐν
447 473 540 522 τοῖς
573 468 727 520 ε”θνεσι
766 467 1129 537 φορτικώτατος,
1167 468 1242 518 καὶ
1279 469 1493 518 νεανικῶς
1527 463 1674 528 ε’γκεί-
1694 468 1721 508 b

101 570 236 608 μενος
279 554 375 603 τοῖς
424 551 747 615 πεπορθηκόσι
799 550 884 614 τὴν
927 550 1170 600 Ἰουδαίαν.
1243 547 1405 613 γέγονε
1455 546 1537 609 μὲν
1586 543 1678 611 γὰρ

59 646 82 684 5
103 629 299 694 εὐσεβὴς
337 633 412 681 καὶ
447 630 668 699 φιλόθεος
703 632 832 698 ἀνήρ.
894 633 989 682 ἐπεὶ
1026 630 1073 681 δὲ
1107 629 1354 695 κεκράτηκε
1379 633 1471 678 τῶν
1500 629 1679 694 ἐχθρῶν

103 714 227 762 Θεοῦ
273 711 326 762 τὸ
366 717 494 763 νικᾶν
532 714 871 780 ἐπιτρέποντος,
918 711 1137 776 νενόσηκε
1176 711 1261 774 τὴν
1295 710 1572 778 ὑπεροψίαν,
1605 710 1679 759 καὶ

103 794 483 848 αὑτοκελεύστοις
516 793 585 863 ᾔει
619 800 816 856 βουλαῖς
854 797 927 846 ἐπὶ
966 793 1018 845 τὸ
1055 797 1221 861 χρῆναι
1257 791 1424 843 λοιπὸν
1449 793 1524 842 καὶ
1551 794 1676 856 ἱερα-

103 875 247 926 τεύειν
283 880 403 946 Θεῷ,
441 879 515 928 καὶ
555 877 612 941 δὴ
651 881 724 928 καὶ
760 877 1042 941 τετόλμηκεν
1078 876 1146 926 ἐπ’
1174 874 1285 925 αὐτὸ
1321 874 1374 923 τὸ
1411 877 1531 923 θεῖον
1570 873 1681 921 ἀνα-

104 960 243 1021 βῆναι
276 958 628 1025 θυσιαστήριον,
663 961 738 1010 καὶ
778 958 1039 1026 προσάγειν
1078 955 1132 1008 τὸ
1171 957 1394 1019 θυμίαμα.
1463 953 1572 1004 ἀλλ’
1613 954 1684 1003 εὐ-

41 1064 87 1089 10
106 1039 185 1092 θὺς
220 1038 360 1090 αὐτὸν
395 1041 568 1109 ἤλεγξε
596 1040 730 1095 Θεός.
793 1043 945 1109 λέπρα
984 1039 1078 1105 γὰρ
1120 1037 1426 1104 κατεστίζετο,
1464 1039 1595 1104 δεινῷ
1634 1057 1684 1085 τε

105 1124 179 1172 καὶ
222 1121 394 1192 ἀνιάτῳ
437 1122 588 1186 πάθει,
630 1124 704 1174 ἵνα
739 1125 814 1174 καὶ
857 1125 917 1176 ὡς
959 1121 1220 1187 ἀκάθαρτος
1265 1119 1382 1171 κατὰ
1425 1117 1567 1182 νόμον
1605 1119 1678 1168 ἐκ·
1703 1139 1724 1164 e

105 1203 340 1269 πεῑιιπηται
390 1208 471 1269 τῆς
521 1205 851 1272 Ἰερουσαλὴμ,
905 1203 1235 1255 άποπαύσαιτό
1290 1225 1340 1252 τε
1393 1199 1561 1252 λοιπὸν
1611 1200 1686 1250 καὶ

107 1286 347 1351 ἱερατεύειν
373 1290 494 1356 Θεῷ,
522 1289 597 1338 καὶ
634 1290 716 1352 τῆς
753 1285 1036 1352 παρανόμως
1074 1284 1479 1349 ἐπιτετηδευμένης
1511 1285 1685 1348 ἱερουρ-

107 1368 209 1434 γίας
253 1370 390 1438 αὐτῷ,
432 1371 506 1419 καὶ
551 1375 633 1420 τοῦ
675 1369 756 1420 τὸν
800 1373 921 1420 θεῖον
966 1368 1278 1433 καταμιαίνειν
1318 1365 1444 1417 ναόν.
1512 1366 1602 1434 ἔφη
1642 1365 1689 1416 δὲ

45 1474 89 1513 ¹5
109 1451 226 1501 οὕτω
263 1454 367 1518 περὶ
413 1453 554 1503 αὐτοῦ
592 1451 645 1503 τὸ
684 1451 880 1518 γράμμα
918 1450 972 1502 τὸ
1011 1449 1133 1517 ἱερὸν
1176 1453 1223 1500 ἐν
1261 1454 1319 1517 τῇ
1359 1449 1557 1517 τετάρτῃ
1596 1453 1689 1498 τῶν

107 1538 365 1593 βασιλειῶν
404 1541 430 1564 “
456 1536 541 1585 Ἐν
593 1535 680 1586 ε”τει
732 1538 929 1603 εἰκοστῷ
978 1534 1054 1584 καὶ
1101 1532 1286 1602 ἑβδόμῳ
1330 1536 1397 1602 τῷ
1441 1530 1688 1598 Ἱεροβοάμ

109 1622 135 1645 “
159 1621 357 1675 βασιλεῖ
398 1615 599 1683 Ἰσραὴλ
656 1618 972 1678 ἐβασίλευσεν
1028 1614 1247 1682 Ἀζαρίας
1310 1613 1404 1668 υἱὸς
1461 1614 1687 1677 Ἀμεσίου

108 1704 136 1726 “
159 1698 399 1758 βασιλέως
435 1699 598 1750 Ἰούδα.
669 1699 763 1754 υἱὸς
809 1699 1046 1750 ἑκκαίδεκα
1084 1700 1199 1748 ἐτῶν
1244 1696 1300 1762 ἧν
1340 1699 1388 1747 ἐν
1431 1701 1497 1766 τῷ
1537 1702 1685 1758 βασι-

110 1786 136 1810 “
161 1780 309 1831 λεύειν
343 1780 495 1844 αὑτὸν,
524 1784 597 1833 καὶ
631 1781 920 1846 πεντήκοντα
950 1783 1025 1832 καὶ
1065 1779 1147 1831 δύο
1186 1780 1263 1844 ε”τη
1302 1780 1615 1840 ἐβασίλευσεν
1641 1781 1690 1829 ἐν

44 1888 91 1913 20
109 1869 136 1893 ‘⁶
159 1865 487 1931 Ἰερουσαλὴμ,
514 1868 588 1917 καὶ
623 1866 769 1929 ὄνομα
805 1870 862 1934 τῇ
887 1868 1026 1933 μητρὶ
1053 1866 1194 1915 αὐτοῦ
1219 1863 1416 1932 Ἰεχελιά
1442 1864 1497 1932 ἐξ
1519 1865 1687 1930 Ἰερου-

110 1953 136 1976 “
161 1946 342 2013 σαλήμ.
410 1950 486 1999 καὶ
520 1948 708 2013 ἐποίησε
743 1947 796 1999 τὸ
832 1947 957 2002 εὐθὲς
988 1949 1036 1998 ἐν
1074 1949 1340 2014 ὀφθαλμοῖς
1369 1948 1543 2012 Κυρίου
1567 1945 1688 2002 κατὰ

110 2035 136 2057 “
160 2028 314 2081 πάντα
339 2029 433 2081 ὅσα
464 2032 682 2095 ἐποίησεν
706 2031 934 2092 Ἀμεσίας
968 2031 992 2080 ὁ
1028 2028 1183 2094 πατὴρ
1222 2030 1377 2080 αὐτοῦ.
1440 2026 1569 2092 πλὴν
1595 2033 1688 2079 τῶν

109 2118 136 2140 “
163 2112 366 2180 ὑψηλῶν
399 2114 482 2164 οὐκ
519 2113 694 2182 ἐξῆρεν,
735 2113 805 2163 ὅτι
840 2114 864 2162 ὁ
899 2111 1016 2166 λαὸς
1051 2111 1261 2178 ἐθυσίαζε
1297 2113 1372 2162 καὶ
1406 2112 1603 2174 ἐθυμίων
1640 2112 1688 2162 ἐν

109 2199 137 2222 “
161 2199 255 2247 τοῖς
296 2195 515 2263 ὑψηλοῖς.
583 2197 656 2245 καὶ
698 2195 859 2263 ἥψατο
900 2194 1071 2260 Κύριος
1107 2199 1190 2244 τοῦ
1230 2192 1483 2254 βασιλέως,
1520 2195 1594 2243 καὶ
1632 2191 1690 2256 ἧν

43 2294 90 2330 25
110 2282 137 2304 ‘⁶
162 2276 514 2342 λελεπρωμένος
547 2275 630 2331 ἕως
664 2276 835 2343 ἡμέρας
861 2275 1064 2327 θανάτου
1091 2276 1279 2326 αύτοῦ,”
1340 2277 1413 2325 καὶ
1445 2276 1575 2325 ταυτὶ
1604 2274 1688 2338 μὲν

109 2358 157 2408 ἐν
190 2363 289 2411 ταῖς
322 2359 603 2422 βασιλείαις,
643 2361 690 2409 ἐν
729 2359 775 2409 δὲ
814 2363 872 2427 τῇ
911 2358 1100 2427 δευτέρᾳ
1140 2362 1234 2408 τῶν
1268 2356 1689 2423 παραλειπομένων

160 2501 189 2523 1.
215 2492 274 2523 τοῦ
292 2496 512 2534 assumptum
531 2502 571 2524 ex
590 2490 633 2524 A.
821 2501 854 2535 3.
873 2489 908 2523 ἐν
925 2495 1146 2534 assumptum
1165 2501 1205 2522 ex
1220 2489 1262 2522 A.
1453 2497 1487 2532 5.
1505 2486 1686 2533 φιλόθεος]

109 2537 302 2581 φιλάγαθος
322 2536 413 2571 Edd.
436 2536 715 2582 repugnantibus
738 2536 829 2570 A.B.
889 2537 960 2570 ἐπεὶ
987 2535 1040 2581 δὲ]
1069 2536 1182 2580 ἐπειδὴ
1203 2536 1239 2569 δὲ
1264 2536 1307 2569 A.
1372 2537 1431 2569 τοῦ
1457 2542 1535 2579 post
1559 2535 1690 2580 ἐχθρῶν

111 2582 191 2617 add.
212 2583 302 2617 Edd.
321 2583 438 2617 invitis
457 2583 547 2617 A.B.
817 2592 848 2628 7.
875 2583 928 2616 καὶ
945 2595 1014 2617 om.
1035 2583 1076 2616 Β.
1337 2594 1370 2627 9.
1392 2582 1579 2626 προσάγειν
1596 2584 1639 2615 A.
1653 2581 1688 2616 b.

109 2631 342 2675 προσαγαγεῖν
362 2629 402 2663 Β.
423 2629 513 2663 Edd.
565 2629 689 2664 Statim
707 2630 795 2675 αὐτῷ
813 2629 892 2663 add.
912 2629 1003 2662 Edd.
1022 2629 1139 2663 invitis
1158 2629 1248 2662 A.B.
1263 2628 1299 2662 b.
1466 2639 1516 2662 10.
1543 2627 1686 2674 ἤλεγξε]

110 2678 236 2721 ἤλεγχε
257 2676 298 2709 Β.
347 2691 382 2709 τε
400 2688 469 2709 om.
491 2676 533 2710 B.
680 2688 732 2710 12.
758 2676 811 2709 καὶ
829 2675 1008 2720 ἱερατεύειν
1025 2678 1098 2722 Θεῷ
1117 2688 1186 2709 om.
1205 2676 1248 2709 A.
1403 2685 1454 2720 13.
1480 2675 1608 2718 ἀνόμως
1626 2687 1689 2720 pro

111 2724 309 2767 παρανόμως
326 2722 373 2756 id.
730 2734 782 2765 14.
807 2723 874 2767 ἔφη
893 2723 928 2756 δέ
946 2721 1049 2767 οὕτω]
1069 2725 1171 2755 ταῦτα
1189 2722 1226 2755 δέ
1242 2723 1331 2766 φησι
1351 2721 1441 2755 Edd.
1459 2722 1577 2755 invitis
1597 2722 1687 2756 A.B.

115 2778 168 2814 15.
198 2768 294 2802 Haec
310 2769 388 2812 περὶ
405 2769 507 2803 αὐτοῦ
525 2776 744 2803 accesserunt
761 2781 801 2803 ex
820 2771 863 2803 A.
1045 2768 1166 2802 16-26.
1195 2768 1294 2805 Quae
1312 2776 1507 2813 sequuntur
1526 2769 1560 2802 ἐν
1577 2769 1690 2802 ἔτει-

112 2815 147 2849 ἐν
164 2817 234 2851 ταῖς
250 2816 441 2855 βασιλείαις
459 2822 678 2849 accesserunt
695 2828 735 2850 ex
754 2816 843 2849 A.B.
972 2826 1023 2860 17.
1049 2815 1211 2858 Ἀμεο-ίου
1229 2816 1272 2849 A.
1289 2814 1456 2859 Ἀμασίου
1476 2815 1517 2848 Β.
1538 2822 1570 2849 et
1586 2816 1688 2850 infra.

112 2861 299 2906 Ἀμεσσίου
317 2873 346 2895 e.
366 2862 489 2905 (A.V.)
743 2864 795 2896 IS.
821 2862 993 2905 ἑξκαίδεκα
1010 2863 1052 2896 A.
1072 2862 1169 2905 (XI.)
1409 2873 1461 2907 19.
1487 2861 1690 2906 πεντήκοντα

114 2910 168 2942 καὶ
185 2907 244 2942 δύο
264 2908 305 2943 Β.
325 2909 456 2954 (Alex.)
474 2908 739 2952 πεντηκονταδύο
757 2909 799 2943 Α.
820 2909 940 2954 (Vat.)
1164 2920 1219 2943 20.
1246 2909 1299 2943 καὶ
1316 2908 1690 2954 ὄνομα-Ἰερουσαλήμ

114 2967 183 2989 om.
201 2956 244 2989 A.
543 2967 597 3000 23.
624 2956 674 2990 ὅτι
694 2958 734 2990 Α.
755 2956 894 3001 (Alex.)
912 2956 960 2990 ἔτι
979 2955 1019 2989 Β.
1040 2955 1160 3000 (Vat.)
1452 2966 1507 3001 25.
1532 2957 1626 2991 ταυτὶ
1650 2956 1690 2991 Β.

114 3004 216 3038 ταῦτα
233 3002 275 3036 A.

1749 1560 1768 1588 4
1786 1551 1869 1591 Reg.

1749 1605 1800 1625 xv.
1824 1603 1894 1633 1-5.
