2021 3434
586 637 784 691 ΤΟΥ
865 634 1203 689 ΑΤΤΟΤ

730 799 1076 843 ΕΞΗΓΗΣΙΣ

160 950 332 1003 ΕΙΣ
396 951 605 1005 TON
670 948 1267 1003 ΠΡΟΦΗΤΗΝ
1334 946 1628 1001 ΙΩΗΛ.

181 1129 627 1178 ΠΡΟΦΗΤΕΥΕΙ
663 1125 747 1189 μὲν
783 1126 808 1176 ὁ
845 1124 1097 1178 θεσπέσιος
1123 1123 1265 1188 Ἰωὴλ
1304 1126 1352 1175 ἐν
1389 1124 1586 1192 χρόνοις,
1627 1127 1728 1179 ὡςει
1757 1139 1837 1174 197
1858 1137 1908 1171 A.

68 1223 89 1262 5
109 1206 237 1271 ἔοικε,
262 1209 367 1260 καθ’
398 1209 476 1264 οὓς
511 1208 569 1260 ἂν
600 1214 777 1260 νοοῖντο
809 1210 884 1259 καὶ
919 1210 959 1258 οἱ
997 1205 1090 1274 πρὸ
1129 1208 1270 1258 αὐτοῦ
1295 1207 1580 1273 τεταγμένοι,
1606 1206 1690 1259 τὸν

107 1289 255 1355 Ὠσηὲ
305 1292 359 1342 δέ
400 1297 534 1360 φημι,
585 1293 660 1342 καὶ
709 1291 866 1354 με’ντοι
915 1292 990 1340 καὶ
1038 1288 1121 1341 τὸν
1170 1289 1343 1352 Ἀμώς.
1418 1294 1546 1341 δοκεῖ
1596 1289 1689 1357 γὰρ

108 1373 343 1441 Ἑβραίοις
389 1375 442 1425 οὐ
492 1374 609 1437 μετά
651 1397 704 1439 γε
750 1372 832 1425 τὸν
885 1373 1112 1440 Μιχαίαν,
1158 1372 1270 1424 ἀλλ’
1314 1372 1498 1427 ἐκείνοις
1549 1372 1691 1424 αὑτὸν

109 1455 421 1524 συντετάχθαι
452 1459 557 1509 δεῖν.
623 1454 918 1522 καταγορεύει
958 1454 1019 1518 δὲ,
1044 1453 1103 1509 ὥς
1136 1478 1191 1522 γε
1228 1478 1307 1519 μοι
1344 1455 1570 1524 φαίνεται,
1596 1460 1692 1507 τῶν

109 1537 166 1606 ἐξ
197 1538 410 1605 Ἰσραὴλ,
455 1544 529 1590 καὶ
569 1540 803 1603 πλείστην
847 1538 967 1603 ὅσην
1009 1539 1162 1589 αὐτῶν
1201 1543 1395 1589 ποιεῖται
1436 1536 1688 1602 καταβοὴν,

46 1646 92 1671 10
112 1621 173 1673 ὡς
206 1624 266 1674 εἷς
299 1627 437 1672 τοῦτο
475 1621 642 1673 λοιπὸν
681 1622 940 1689 ἀγερωχίας
974 1621 1171 1687 ἱγμένων
1203 1620 1505 1689 ἀποπληξίας
1539 1644 1588 1672 τε
1614 1623 1733 1672 καὶῐ)

111 1703 417 1768 ἀναλγησίας,
470 1705 531 1758 ὡς
579 1702 668 1755 ὑπὸ
716 1703 912 1768 μηδενὸς
961 1703 1015 1754 τὸ
1065 1703 1291 1769 παράπαν
1342 1700 1691 1755 ἀνακόπτεσθαι

111 1787 205 1834 τῶν
238 1790 404 1848 κακῶν,
434 1785 549 1851 μήτε
582 1786 677 1851 μὴν
710 1791 810 1840 ταῖς
841 1787 961 1837 οὕτω
999 1789 1208 1853 συχναῖς,
1247 1787 1497 1853 μονονουχὶ
1536 1784 1585 1836 δὲ
1617 1787 1693 1836 καὶ

112 1866 364 1934 στοιχηδὸν
398 1869 783 1934 ἐπενηνεγμένοις,
812 1872 1086 1936 συμφοραῖς
1124 1868 1356 1932 ἡττᾶσθαι
1387 1871 1557 1936 φιλεῖν,
1594 1868 1693 1918 καί-

111 1970 183 1998 τοι
225 1948 395 2015 χρόνου
436 1950 630 2015 μηδενὸς
668 1948 1099 2018 παρεισδεδυκότος,
1141 1951 1247 2001 καθ’
1290 1949 1343 2001 ὃν
1382 1949 1439 2001 ἂν
1478 1948 1692 2018 φαίνοιτό

47 2056 92 2093 15
112 2052 180 2083 τις
221 2030 500 2087 ἀνάπνευσις
538 2039 621 2084 τοῦ
659 2039 816 2092 κακοῦ,
859 2031 946 2084 κᾶν
987 2038 1104 2099 γοῦν
1141 2037 1353 2100 βραχεῖα,
1389 2032 1688 2099 γεγενημένη.

112 2111 367 2178 εὑρήσομεν
402 2113 450 2165 δὲ
482 2116 558 2166 καὶ
591 2114 673 2167 τὸν
706 2115 933 2182 μακάριον
967 2113 1219 2184 προφήτην
1248 2114 1459 2166 “Ησαἰ”αν
1492 2115 1566 2166 διὰ
1597 2120 1692 2166 τῶν

111 2193 230 2245 ἴσων
279 2196 527 2264 ἐρχόμενον
578 2198 753 2264 λόγων.
832 2198 923 2267 ἔφη
973 2197 1067 2264 γάρ
1116 2197 1256 2248 εςΚαὶ
1305 2197 1521 2262 ἐθυμώθη
1572 2199 1691 2266 ὀργῇ
1751 2211 1890 2245 Esai.v.

113 2282 139 2305 ‘⁶
167 2276 337 2343 Κύριος
387 2279 595 2339 Σαβαὼθ
637 2282 710 2331 ἐπὶ
761 2280 842 2331 τὸν
884 2279 1003 2330 λαὸν
1043 2279 1196 2341 αὑτοῦ,
1239 2281 1314 2330 καὶ
1358 2280 1562 2340 ἐπέβαλε
1605 2279 1691 2345 τὴν

113 2364 140 2387 “
164 2363 295 2426 χεῖρα
326 2361 466 2412 αὐτοῦ
507 2363 574 2413 ἐπ’
621 2361 786 2416 αὐτοὺς
825 2366 899 2413 καὶ
937 2361 1167 2429 ἐπάταξεν
1202 2361 1380 2414 αὐτούς·
1422 2362 1497 2412 καὶ
1530 2385 1691 2430 παρω-

113 2447 140 2470 “
165 2440 312 2510 ξύνθη
362 2442 421 2494 τὰ
478 2443 576 2510 ὅρη,
626 2447 701 2495 καὶ
753 2444 947 2510 ἐγενήθη
1003 2443 1062 2494 τὰ
1119 2447 1375 2507 θνησιμαῖα
1426 2444 1580 2495 αὐτῶν
1629 2447 1691 2499 ὡς

112 2529 139 2552 “
165 2525 335 2590 κοπρία
374 2526 422 2576 ἐν
465 2526 599 2595 μέσῳ
642 2528 765 2577 ὁδοῦ.
810 2528 857 2576 ἐν
895 2530 1016 2577 πᾶσι
1061 2524 1240 2579 τούτοις
1284 2526 1366 2576 οὐκ
1403 2526 1690 2596 ἀπεστράφη

160 2673 291 2708 Codex.
320 2674 362 2708 Β.
382 2673 447 2719 [D.
465 2674 522 2708 hic
547 2675 615 2709 illic
641 2674 836 2720 adhibitus]
891 2686 931 2708 1-
910 2686 965 2719 -3.
986 2674 1043 2708 Sic
1063 2674 1104 2708 Β.
1124 2674 1316 2720 ἐξήγησις(
1301 2677 1552 2721 υπομνηματικὴ
1570 2678 1616 2714 εἷς
1632 2679 1691 2714 τὸν

111 2719 290 2764 προφήτην
308 2720 402 2764 ῖωὴλ,
421 2721 619 2765 κυρίλλου’
600 2723 870 2766 αρχιεπισκόπου
887 2721 1124 2766 ἆλεξανδρείας
1140 2721 1185 2755 D.
1205 2724 1264 2756 τοῦ
1282 2722 1317 2756 ἐν
1333 2722 1440 2768 ἁγίοις
1456 2725 1583 2769 πατρὸς
1599 2725 1691 2769 ἡμῶν

113 2767 285 2810 Κυρίλλου
309 2767 388 2812 ἀρχι
379 2769 576 2802 επισκόπου
601 2768 850 2813 ἀλεξανδρείας,
876 2767 1036 2813 εξήγησις
1062 2768 1312 2813 ὑπομνηματικὴ
1345 2784 1392 2805 εις
1419 2771 1477 2805 τὸν
1502 2772 1691 2817 Προφήτην

111 2812 209 2856 Ἰωήλ
228 2812 319 2847 Edd.
511 2825 564 2848 12.
589 2813 669 2859 μὴν]
689 2829 749 2858 μεν
766 2814 825 2848 iid.
875 2817 1009 2859 συχνῶς
1026 2814 1085 2848 iid.
1274 2827 1327 2861 13.
1353 2816 1624 2863 ἐπενηνεγμεναις
1645 2820 1690 2855 D.

114 2861 308 2903 συμφοραῖς
326 2859 489 2902 ἡττᾶσθαι
506 2860 572 2894 hoc
590 2860 711 2895 ordine
731 2861 772 2896 Β.
823 2860 948 2895 Statim
965 2862 1081 2905 φιλεῖν
1097 2862 1241 2896 accessit
1261 2874 1301 2896 ex
1321 2863 1364 2898 B.
1571 2877 1625 2909 14.
1651 2865 1692 2902 ἂν

113 2905 286 2951 φαίνοιτό]
306 2906 524 2951 ἀναφαίνοιτό
543 2906 633 2941 Edd.
827 2907 879 2943 16.
901 2908 997 2942 Haec
1015 2909 1073 2942 τὸν
1089 2923 1165 2951 μακ.
1179 2911 1288 2954 προφ.
1301 2916 1520 2956 assumptum
1540 2924 1581 2946 ex
1596 2913 1637 2948 B.
1643 2914 1691 2948 D.

118 2963 170 2997 17.
189 2952 306 2997 ἐρχόμ.
325 2954 438 2997 λόγων
454 2953 520 2988 hoc
538 2953 658 2988 ordine
678 2953 719 2988 Β.
998 2966 1062 3000 19-
1066 2966 1120 2990 21.
1147 2956 1200 2990 καὶ
1217 2956 1464 3002 ἐπάταξεν-ἐν
1480 2974 1574 3007 μεσῳ
1592 2959 1688 3006 ὁδοῦ]

115 3000 167 3033 καὶ
184 2999 253 3043 μετ’
273 3000 390 3045 ὀλίγον
409 3000 500 3035 Edd.
