<?xml version="1.0" encoding="UTF-8"?>
<!DOCTYPE html PUBLIC "-//W3C//DTD XHTML 1.0 Transitional//EN"
    "http://www.w3.org/TR/xhtml1/DTD/xhtml1-transitional.dtd">
<html xmlns="http://www.w3.org/1999/xhtml" xml:lang="en" lang="en">
 <head>
  <title>
</title>
<meta http-equiv="Content-Type" content="text/html;charset=utf-8" />
  <meta name='ocr-system' content='tesseract 3.04.00' />
  <meta name='ocr-capabilities' content='ocr_page ocr_carea ocr_par ocr_line ocrx_word'/>
</head>
<body>
  <div class='ocr_page' id='page_1' title='image "./operacyrilli01cyriuoft/operacyrilli01cyriuoft_0023.png"; bbox 0 0 2021 3434; ppageno 0'>
   <div class='ocr_carea' id='block_1_1' title="bbox 496 231 1673 274">
    <p class='ocr_par' dir='ltr' id='par_1_1' title="bbox 496 231 1673 274">
     <span class='ocr_line' id='line_1_1' title="bbox 496 231 1673 274; baseline -0.003 0"><span class='ocrx_word' id='word_1_1' title='bbox 496 234 569 274; x_wconf 92' lang='lat' dir='ltr'>IN</span> <span class='ocrx_word' id='word_1_2' title='bbox 611 234 836 274; x_wconf 80' lang='lat' dir='ltr'><strong>OSEAM</strong></span> <span class='ocrx_word' id='word_1_3' title='bbox 879 231 1267 274; x_wconf 84' lang='lat' dir='ltr'><strong>PRAEFATIO.</strong></span> <span class='ocrx_word' id='word_1_4' title='bbox 1647 231 1673 270; x_wconf 77' lang='lat'><strong>3</strong></span> 
     </span>
    </p>
   </div>
   <div class='ocr_carea' id='block_1_2' title="bbox 28 338 1679 1647">
    <p class='ocr_par' dir='ltr' id='par_1_2' title="bbox 91 338 1672 487">
     <span class='ocr_line' id='line_1_2' title="bbox 93 338 1672 411; baseline -0.001 -22"><span class='ocrx_word' id='word_1_5' title='bbox 93 343 187 390; x_wconf 87' lang='grc' dir='ltr'>τῶν</span> <span class='ocrx_word' id='word_1_6' title='bbox 236 341 455 392; x_wconf 80' lang='grc' dir='ltr'>τοιούτων</span> <span class='ocrx_word' id='word_1_7' title='bbox 506 344 747 408; x_wconf 80' lang='grc' dir='ltr'>ὀνομάτων</span> <span class='ocrx_word' id='word_1_8' title='bbox 798 343 928 411; x_wconf 78' lang='grc' dir='ltr'>παρὰ</span> <span class='ocrx_word' id='word_1_9' title='bbox 978 348 1074 397; x_wconf 81' lang='grc' dir='ltr'>τοῖς</span> <span class='ocrx_word' id='word_1_10' title='bbox 1130 342 1279 408; x_wconf 77' lang='grc' dir='ltr'>ἁγίοις</span> <span class='ocrx_word' id='word_1_11' title='bbox 1329 338 1595 408; x_wconf 80' lang='grc' dir='ltr'>προφήταις</span> <span class='ocrx_word' id='word_1_12' title='bbox 1645 340 1672 403; x_wconf 82' lang='grc' dir='ltr'>ἡ</span> 
     </span>
     <span class='ocr_line' id='line_1_3' title="bbox 91 420 263 487; baseline 0.012 -2"><span class='ocrx_word' id='word_1_13' title='bbox 91 420 263 487; x_wconf 77' lang='grc' dir='ltr'>μνήμη·</span> 
     </span>
    </p>

    <p class='ocr_par' dir='ltr' id='par_1_3' title="bbox 159 502 1674 576">
     <span class='ocr_line' id='line_1_4' title="bbox 159 502 1674 576; baseline 0 -22"><span class='ocrx_word' id='word_1_14' title='bbox 159 502 263 555; x_wconf 88' lang='grc' dir='ltr'>Ἵνα</span> <span class='ocrx_word' id='word_1_15' title='bbox 311 508 465 559; x_wconf 86' lang='grc' dir='ltr'>τοίνυν</span> <span class='ocrx_word' id='word_1_16' title='bbox 512 512 667 561; x_wconf 85' lang='grc' dir='ltr'>εἰδεῖεν</span> <span class='ocrx_word' id='word_1_17' title='bbox 711 508 891 560; x_wconf 78' lang='grc' dir='ltr'>ἕκαστα</span> <span class='ocrx_word' id='word_1_18' title='bbox 939 511 1124 576; x_wconf 87' lang='grc' dir='ltr'>σαφῶς,</span> <span class='ocrx_word' id='word_1_19' title='bbox 1170 504 1434 557; x_wconf 83' lang='grc' dir='ltr'>ἀκουόντων</span> <span class='ocrx_word' id='word_1_20' title='bbox 1476 504 1546 555; x_wconf 78' lang='grc' dir='ltr'>ὅτι</span> <span class='ocrx_word' id='word_1_21' title='bbox 1590 503 1674 568; x_wconf 85' lang='grc' dir='ltr'>τὴν</span> 
     </span>
    </p>

    <p class='ocr_par' dir='ltr' id='par_1_4' title="bbox 92 588 1676 657">
     <span class='ocr_line' id='line_1_5' title="bbox 92 588 1676 657; baseline 0.003 -21"><span class='ocrx_word' id='word_1_22' title='bbox 92 592 177 637; x_wconf 82' lang='grc' dir='ltr'>τοῦ</span> <span class='ocrx_word' id='word_1_23' title='bbox 233 589 410 655; x_wconf 79' lang='grc' dir='ltr'>πατρὸς</span> <span class='ocrx_word' id='word_1_24' title='bbox 470 593 724 651; x_wconf 79' lang='grc' dir='ltr'>βασιλείαν</span> <span class='ocrx_word' id='word_1_25' title='bbox 777 590 1009 657; x_wconf 79' lang='grc' dir='ltr'>περιέπων</span> <span class='ocrx_word' id='word_1_26' title='bbox 1064 588 1183 640; x_wconf 80' lang='grc' dir='ltr'>κατὰ</span> <span class='ocrx_word' id='word_1_27' title='bbox 1235 588 1422 654; x_wconf 76' lang='grc' dir='ltr'>καιροὺς</span> <span class='ocrx_word' id='word_1_28' title='bbox 1476 589 1525 638; x_wconf 84' lang='grc' dir='ltr'>ἐν</span> <span class='ocrx_word' id='word_1_29' title='bbox 1580 591 1676 640; x_wconf 82' lang='grc' dir='ltr'>τοῖς</span> 
     </span>
    </p>

    <p class='ocr_par' dir='ltr' id='par_1_5' title="bbox 51 668 1674 740">
     <span class='ocr_line' id='line_1_6' title="bbox 51 668 1674 740; baseline 0.002 -22"><span class='ocrx_word' id='word_1_30' title='bbox 51 675 72 711; x_wconf 81' lang='grc'>5</span> <span class='ocrx_word' id='word_1_31' title='bbox 92 668 442 736; x_wconf 82' lang='grc' dir='ltr'>Ἱεροσολύμοις</span> <span class='ocrx_word' id='word_1_32' title='bbox 479 675 503 724; x_wconf 86' lang='grc' dir='ltr'>ὁ</span> <span class='ocrx_word' id='word_1_33' title='bbox 532 679 776 738; x_wconf 80' lang='grc' dir='ltr'>Σολομῶν,</span> <span class='ocrx_word' id='word_1_34' title='bbox 802 674 1069 736; x_wconf 82' lang='grc' dir='ltr'>ἀνεδείματο</span> <span class='ocrx_word' id='word_1_35' title='bbox 1105 671 1189 734; x_wconf 81' lang='grc' dir='ltr'>μὲν</span> <span class='ocrx_word' id='word_1_36' title='bbox 1224 675 1290 740; x_wconf 75' lang='grc' dir='ltr'>τῷ</span> <span class='ocrx_word' id='word_1_37' title='bbox 1317 674 1425 740; x_wconf 71' lang='grc' dir='ltr'>Θεῷ</span> <span class='ocrx_word' id='word_1_38' title='bbox 1455 669 1539 722; x_wconf 83' lang='grc' dir='ltr'>τὸν</span> <span class='ocrx_word' id='word_1_39' title='bbox 1574 673 1674 721; x_wconf 88' lang='grc' dir='ltr'>δια-</span> 
     </span>
    </p>

    <p class='ocr_par' dir='ltr' id='par_1_6' title="bbox 92 750 1676 825">
     <span class='ocr_line' id='line_1_7' title="bbox 92 750 1676 825; baseline 0.001 -24"><span class='ocrx_word' id='word_1_40' title='bbox 92 750 267 815; x_wconf 81' lang='grc' dir='ltr'>βόητον</span> <span class='ocrx_word' id='word_1_41' title='bbox 306 755 477 806; x_wconf 86' lang='grc' dir='ltr'>ἐκεῖνον</span> <span class='ocrx_word' id='word_1_42' title='bbox 515 759 590 807; x_wconf 84' lang='grc' dir='ltr'>καὶ</span> <span class='ocrx_word' id='word_1_43' title='bbox 634 756 930 825; x_wconf 72' lang='grc' dir='ltr'>ἀξιάγαστον</span> <span class='ocrx_word' id='word_1_44' title='bbox 981 754 1112 805; x_wconf 89' lang='grc' dir='ltr'>νεών·</span> <span class='ocrx_word' id='word_1_45' title='bbox 1192 753 1323 804; x_wconf 76' lang='grc' dir='ltr'>ἀλλὰ</span> <span class='ocrx_word' id='word_1_46' title='bbox 1367 754 1516 804; x_wconf 89' lang='grc' dir='ltr'>καίτοι</span> <span class='ocrx_word' id='word_1_47' title='bbox 1568 753 1676 804; x_wconf 85' lang='grc' dir='ltr'>λίαν</span> 
     </span>
    </p>

    <p class='ocr_par' dir='ltr' id='par_1_7' title="bbox 94 834 1672 903">
     <span class='ocr_line' id='line_1_8' title="bbox 94 834 1672 903; baseline 0.001 -19"><span class='ocrx_word' id='word_1_48' title='bbox 94 834 299 899; x_wconf 83' lang='grc' dir='ltr'>γεγονὼς</span> <span class='ocrx_word' id='word_1_49' title='bbox 325 837 583 903; x_wconf 84' lang='grc' dir='ltr'>διαπρεπὴς</span> <span class='ocrx_word' id='word_1_50' title='bbox 615 837 691 889; x_wconf 81' lang='grc' dir='ltr'>διά</span> <span class='ocrx_word' id='word_1_51' title='bbox 725 861 775 889; x_wconf 90' lang='grc' dir='ltr'>τε</span> <span class='ocrx_word' id='word_1_52' title='bbox 806 838 1017 890; x_wconf 88' lang='grc' dir='ltr'>πλούτου</span> <span class='ocrx_word' id='word_1_53' title='bbox 1043 835 1356 902; x_wconf 86' lang='grc' dir='ltr'>λαμπρότητα</span> <span class='ocrx_word' id='word_1_54' title='bbox 1383 837 1458 886; x_wconf 76' lang='grc' dir='ltr'>καὶ</span> <span class='ocrx_word' id='word_1_55' title='bbox 1483 858 1672 901; x_wconf 81' lang='grc' dir='ltr'>περιου·</span> 
     </span>
    </p>

    <p class='ocr_par' dir='ltr' id='par_1_8' title="bbox 94 915 1676 987">
     <span class='ocr_line' id='line_1_9' title="bbox 94 915 1676 987; baseline 0.002 -22"><span class='ocrx_word' id='word_1_56' title='bbox 94 915 205 966; x_wconf 91' lang='grc' dir='ltr'>σίαν</span> <span class='ocrx_word' id='word_1_57' title='bbox 231 917 498 983; x_wconf 80' lang='grc' dir='ltr'>χρημάτων,</span> <span class='ocrx_word' id='word_1_58' title='bbox 533 925 596 975; x_wconf 80' lang='grc' dir='ltr'>εἰς</span> <span class='ocrx_word' id='word_1_59' title='bbox 634 923 782 987; x_wconf 80' lang='grc' dir='ltr'>γῆρας</span> <span class='ocrx_word' id='word_1_60' title='bbox 822 919 1079 984; x_wconf 83' lang='grc' dir='ltr'>ἐληλακὼς,</span> <span class='ocrx_word' id='word_1_61' title='bbox 1116 917 1191 969; x_wconf 80' lang='grc' dir='ltr'>διά</span> <span class='ocrx_word' id='word_1_62' title='bbox 1222 941 1294 968; x_wconf 91' lang='grc' dir='ltr'>τοι</span> <span class='ocrx_word' id='word_1_63' title='bbox 1318 916 1403 982; x_wconf 87' lang='grc' dir='ltr'>τὴν</span> <span class='ocrx_word' id='word_1_64' title='bbox 1431 921 1492 971; x_wconf 89' lang='grc' dir='ltr'>εἰς</span> <span class='ocrx_word' id='word_1_65' title='bbox 1519 923 1676 983; x_wconf 81' lang='grc' dir='ltr'>γυναῖ-</span> 
     </span>
    </p>

    <p class='ocr_par' dir='ltr' id='par_1_9' title="bbox 94 1000 1677 1073">
     <span class='ocr_line' id='line_1_10' title="bbox 94 1000 1677 1073; baseline 0.002 -26"><span class='ocrx_word' id='word_1_66' title='bbox 94 1019 176 1051; x_wconf 89' lang='grc' dir='ltr'>κας</span> <span class='ocrx_word' id='word_1_67' title='bbox 215 1002 327 1050; x_wconf 88' lang='grc' dir='ltr'>αἰδῶ</span> <span class='ocrx_word' id='word_1_68' title='bbox 367 1003 716 1070; x_wconf 74' lang='grc' dir='ltr'>προσκέκρουκε</span> <span class='ocrx_word' id='word_1_69' title='bbox 756 1007 821 1073; x_wconf 70' lang='grc' dir='ltr'>τῷ</span> <span class='ocrx_word' id='word_1_70' title='bbox 860 1004 983 1053; x_wconf 76' lang='grc' dir='ltr'>Θεῶ.</span> <span class='ocrx_word' id='word_1_71' title='bbox 1065 1003 1141 1052; x_wconf 76' lang='grc' dir='ltr'>καὶ</span> <span class='ocrx_word' id='word_1_72' title='bbox 1177 1005 1310 1054; x_wconf 82' lang='grc' dir='ltr'>ποῖος</span> <span class='ocrx_word' id='word_1_73' title='bbox 1355 1001 1480 1070; x_wconf 68' lang='grc' dir='ltr'>αὐτῷ</span> <span class='ocrx_word' id='word_1_74' title='bbox 1513 1000 1677 1066; x_wconf 64' lang='grc' dir='ltr'>γε’γονε</span> 
     </span>
    </p>

    <p class='ocr_par' dir='ltr' id='par_1_10' title="bbox 28 1082 1673 1152">
     <span class='ocr_line' id='line_1_11' title="bbox 28 1082 1673 1152; baseline -0.001 -18"><span class='ocrx_word' id='word_1_75' title='bbox 28 1101 74 1124; x_wconf 90' lang='lat'>10</span> <span class='ocrx_word' id='word_1_76' title='bbox 93 1085 418 1145; x_wconf 89' lang='grc' dir='ltr'>πλημμελείας</span> <span class='ocrx_word' id='word_1_77' title='bbox 451 1086 476 1136; x_wconf 85' lang='grc' dir='ltr'>ὁ</span> <span class='ocrx_word' id='word_1_78' title='bbox 509 1085 697 1152; x_wconf 81' lang='grc' dir='ltr'>τρόπος,</span> <span class='ocrx_word' id='word_1_79' title='bbox 722 1084 776 1137; x_wconf 79' lang='grc' dir='ltr'>τὸ</span> <span class='ocrx_word' id='word_1_80' title='bbox 816 1085 938 1152; x_wconf 81' lang='grc' dir='ltr'>ἱερὸν</span> <span class='ocrx_word' id='word_1_81' title='bbox 975 1086 1086 1150; x_wconf 81' lang='grc' dir='ltr'>ἡμῖν</span> <span class='ocrx_word' id='word_1_82' title='bbox 1124 1082 1425 1152; x_wconf 83' lang='grc' dir='ltr'>ἀφηγήσεται</span> <span class='ocrx_word' id='word_1_83' title='bbox 1460 1082 1673 1148; x_wconf 80' lang='grc' dir='ltr'>γράμμα·</span> 
     </span>
    </p>

    <p class='ocr_par' dir='ltr' id='par_1_11' title="bbox 93 1162 1676 1232">
     <span class='ocr_line' id='line_1_12' title="bbox 93 1162 1676 1232; baseline 0.004 -20"><span class='ocrx_word' id='word_1_84' title='bbox 93 1162 184 1230; x_wconf 75' lang='grc' dir='ltr'>ἔχει</span> <span class='ocrx_word' id='word_1_85' title='bbox 210 1163 304 1231; x_wconf 78' lang='grc' dir='ltr'>γὰρ</span> <span class='ocrx_word' id='word_1_86' title='bbox 329 1168 474 1221; x_wconf 78' lang='grc' dir='ltr'>οὕτως</span> <span class='ocrx_word' id='word_1_87' title='bbox 504 1176 529 1198; x_wconf 80' lang='grc'><strong>“</strong></span> <span class='ocrx_word' id='word_1_88' title='bbox 549 1171 643 1219; x_wconf 81' lang='grc' dir='ltr'>Καὶ</span> <span class='ocrx_word' id='word_1_89' title='bbox 675 1170 700 1219; x_wconf 84' lang='grc' dir='ltr'><em>ὁ</em></span> <span class='ocrx_word' id='word_1_90' title='bbox 734 1166 966 1230; x_wconf 74' lang='grc' dir='ltr'>βασιλεὺς</span> <span class='ocrx_word' id='word_1_91' title='bbox 992 1168 1135 1228; x_wconf 75' lang='grc' dir='ltr'>ἔλαβε</span> <span class='ocrx_word' id='word_1_92' title='bbox 1160 1170 1382 1232; x_wconf 82' lang='grc' dir='ltr'>γυναῖκας</span> <span class='ocrx_word' id='word_1_93' title='bbox 1408 1165 1676 1231; x_wconf 80' lang='grc' dir='ltr'>ἀλλοτρίας,</span> 
     </span>
    </p>

    <p class='ocr_par' dir='ltr' id='par_1_12' title="bbox 93 1247 1677 1317">
     <span class='ocr_line' id='line_1_13' title="bbox 93 1247 1677 1317; baseline 0.001 -21"><span class='ocrx_word' id='word_1_94' title='bbox 93 1252 120 1274; x_wconf 85' lang='grc'><strong>“</strong></span> <span class='ocrx_word' id='word_1_95' title='bbox 147 1248 223 1297; x_wconf 79' lang='grc' dir='ltr'>καὶ</span> <span class='ocrx_word' id='word_1_96' title='bbox 257 1247 342 1312; x_wconf 86' lang='grc' dir='ltr'>τὴν</span> <span class='ocrx_word' id='word_1_97' title='bbox 377 1250 611 1317; x_wconf 77' lang='grc' dir='ltr'>θυγατέρα</span> <span class='ocrx_word' id='word_1_98' title='bbox 638 1249 827 1317; x_wconf 80' lang='grc' dir='ltr'>Φαραὼ,</span> <span class='ocrx_word' id='word_1_99' title='bbox 855 1251 1181 1313; x_wconf 80' lang='grc' dir='ltr'>Μωαβίτιδας,</span> <span class='ocrx_word' id='word_1_100' title='bbox 1205 1248 1557 1312; x_wconf 85' lang='grc' dir='ltr'>Ἀμμανίτιδας,</span> <span class='ocrx_word' id='word_1_101' title='bbox 1587 1247 1677 1298; x_wconf 81' lang='grc' dir='ltr'>Σύ-</span> 
     </span>
    </p>

    <p class='ocr_par' dir='ltr' id='par_1_13' title="bbox 93 1331 1679 1399">
     <span class='ocr_line' id='line_1_14' title="bbox 93 1331 1679 1399; baseline 0 -19"><span class='ocrx_word' id='word_1_102' title='bbox 93 1334 121 1357; x_wconf 84' lang='lat'>“</span> <span class='ocrx_word' id='word_1_103' title='bbox 143 1351 227 1394; x_wconf 84' lang='grc' dir='ltr'>ρας</span> <span class='ocrx_word' id='word_1_104' title='bbox 252 1332 327 1381; x_wconf 75' lang='grc' dir='ltr'>καὶ</span> <span class='ocrx_word' id='word_1_105' title='bbox 354 1332 630 1396; x_wconf 89' lang='grc' dir='ltr'>Ἰδουμαίας,</span> <span class='ocrx_word' id='word_1_106' title='bbox 658 1334 892 1386; x_wconf 84' lang='grc' dir='ltr'>Χετταίας</span> <span class='ocrx_word' id='word_1_107' title='bbox 919 1332 1308 1399; x_wconf 80' lang='grc' dir='ltr'>καὶἈμοῤῥαίας,</span> <span class='ocrx_word' id='word_1_108' title='bbox 1336 1331 1386 1381; x_wconf 88' lang='grc' dir='ltr'>ἐκ</span> <span class='ocrx_word' id='word_1_109' title='bbox 1411 1334 1505 1381; x_wconf 85' lang='grc' dir='ltr'>τῶν</span> <span class='ocrx_word' id='word_1_110' title='bbox 1533 1331 1679 1380; x_wconf 80' lang='grc' dir='ltr'>ἐθνῶν</span> 
     </span>
    </p>

    <p class='ocr_par' dir='ltr' id='par_1_14' title="bbox 92 1409 1678 1482">
     <span class='ocr_line' id='line_1_15' title="bbox 92 1409 1678 1482; baseline 0.001 -21"><span class='ocrx_word' id='word_1_111' title='bbox 92 1418 121 1440; x_wconf 85' lang='grc'><strong>“</strong></span> <span class='ocrx_word' id='word_1_112' title='bbox 147 1409 212 1462; x_wconf 79' lang='grc' dir='ltr'>ῶν</span> <span class='ocrx_word' id='word_1_113' title='bbox 255 1414 420 1465; x_wconf 79' lang='grc' dir='ltr'>ἀπεῖπε</span> <span class='ocrx_word' id='word_1_114' title='bbox 464 1415 636 1482; x_wconf 84' lang='grc' dir='ltr'>Κύριος</span> <span class='ocrx_word' id='word_1_115' title='bbox 675 1421 769 1469; x_wconf 83' lang='grc' dir='ltr'>τοῖς</span> <span class='ocrx_word' id='word_1_116' title='bbox 816 1419 928 1469; x_wconf 78' lang='grc' dir='ltr'>υἱοῖς</span> <span class='ocrx_word' id='word_1_117' title='bbox 959 1413 1160 1481; x_wconf 84' lang='grc' dir='ltr'>Ἰσραὴλ</span> <span class='ocrx_word' id='word_1_118' title='bbox 1201 1414 1306 1464; x_wconf 84' lang='grc' dir='ltr'>Οὐκ</span> <span class='ocrx_word' id='word_1_119' title='bbox 1347 1413 1678 1464; x_wconf 84' lang='grc' dir='ltr'>εἰσελεύσεσθε</span> 
     </span>
    </p>

    <p class='ocr_par' dir='ltr' id='par_1_15' title="bbox 28 1494 1677 1559">
     <span class='ocr_line' id='line_1_16' title="bbox 28 1494 1677 1559; baseline 0.001 -15"><span class='ocrx_word' id='word_1_120' title='bbox 28 1504 72 1541; x_wconf 89' lang='grc' dir='ltr'>Ι5</span> <span class='ocrx_word' id='word_1_121' title='bbox 94 1501 119 1523; x_wconf 83' lang='grc'><strong>“</strong></span> <span class='ocrx_word' id='word_1_122' title='bbox 145 1498 206 1548; x_wconf 86' lang='grc' dir='ltr'>εἰς</span> <span class='ocrx_word' id='word_1_123' title='bbox 238 1496 404 1551; x_wconf 80' lang='grc' dir='ltr'>αὐτοὺς</span> <span class='ocrx_word' id='word_1_124' title='bbox 443 1501 517 1549; x_wconf 81' lang='grc' dir='ltr'>καὶ</span> <span class='ocrx_word' id='word_1_125' title='bbox 555 1499 684 1550; x_wconf 77' lang='grc' dir='ltr'>αὐτοὶ</span> <span class='ocrx_word' id='word_1_126' title='bbox 724 1499 807 1549; x_wconf 80' lang='grc' dir='ltr'>οὐκ</span> <span class='ocrx_word' id='word_1_127' title='bbox 842 1497 1195 1549; x_wconf 79' lang='grc' dir='ltr'>εἰσελεύσονται</span> <span class='ocrx_word' id='word_1_128' title='bbox 1233 1500 1296 1550; x_wconf 85' lang='grc' dir='ltr'>εἰς</span> <span class='ocrx_word' id='word_1_129' title='bbox 1332 1497 1462 1559; x_wconf 83' lang='grc' dir='ltr'>ὑμᾶς,</span> <span class='ocrx_word' id='word_1_130' title='bbox 1499 1495 1574 1546; x_wconf 83' lang='grc' dir='ltr'>ἵνα</span> <span class='ocrx_word' id='word_1_131' title='bbox 1612 1494 1677 1559; x_wconf 90' lang='grc' dir='ltr'>μὴ</span> 
     </span>
    </p>

    <p class='ocr_par' dir='ltr' id='par_1_16' title="bbox 93 1578 1674 1647">
     <span class='ocr_line' id='line_1_17' title="bbox 93 1578 1674 1647; baseline -0.001 -19"><span class='ocrx_word' id='word_1_132' title='bbox 93 1583 121 1606; x_wconf 82' lang='grc'><strong>“</strong></span> <span class='ocrx_word' id='word_1_133' title='bbox 145 1578 396 1630; x_wconf 85' lang='grc' dir='ltr'>ε’κκλίνωσι</span> <span class='ocrx_word' id='word_1_134' title='bbox 431 1580 515 1634; x_wconf 80' lang='grc' dir='ltr'>τὰς</span> <span class='ocrx_word' id='word_1_135' title='bbox 551 1581 742 1647; x_wconf 90' lang='grc' dir='ltr'>καρδίας</span> <span class='ocrx_word' id='word_1_136' title='bbox 781 1582 909 1645; x_wconf 84' lang='grc' dir='ltr'>ὑμῶν</span> <span class='ocrx_word' id='word_1_137' title='bbox 944 1580 1100 1632; x_wconf 86' lang='grc' dir='ltr'>ὀπίσω</span> <span class='ocrx_word' id='word_1_138' title='bbox 1136 1583 1230 1630; x_wconf 90' lang='grc' dir='ltr'>τῶν</span> <span class='ocrx_word' id='word_1_139' title='bbox 1265 1578 1471 1630; x_wconf 85' lang='grc' dir='ltr'>εἰδώλων</span> <span class='ocrx_word' id='word_1_140' title='bbox 1504 1578 1674 1628; x_wconf 83' lang='grc' dir='ltr'>αὐτῶν·</span> 
     </span>
    </p>
   </div>
   <div class='ocr_carea' id='block_1_3' title="bbox 95 1660 1677 1728">
    <p class='ocr_par' dir='ltr' id='par_1_17' title="bbox 95 1660 1677 1728">
     <span class='ocr_line' id='line_1_18' title="bbox 95 1660 1677 1728; baseline 0 -18"><span class='ocrx_word' id='word_1_141' title='bbox 95 1666 122 1689; x_wconf 82' lang='grc'><strong>“</strong></span> <span class='ocrx_word' id='word_1_142' title='bbox 148 1664 210 1714; x_wconf 81' lang='grc' dir='ltr'>εἰς</span> <span class='ocrx_word' id='word_1_143' title='bbox 255 1661 396 1716; x_wconf 77' lang='grc' dir='ltr'>αὐτὰς</span> <span class='ocrx_word' id='word_1_144' title='bbox 440 1662 677 1728; x_wconf 86' lang='grc' dir='ltr'>ἐκολλήθη</span> <span class='ocrx_word' id='word_1_145' title='bbox 720 1667 953 1726; x_wconf 83' lang='grc' dir='ltr'>Σολομῶν</span> <span class='ocrx_word' id='word_1_146' title='bbox 994 1667 1076 1714; x_wconf 82' lang='grc' dir='ltr'>τοῦ</span> <span class='ocrx_word' id='word_1_147' title='bbox 1118 1663 1377 1728; x_wconf 84' lang='grc' dir='ltr'>ἀγαπῆσαι·</span> <span class='ocrx_word' id='word_1_148' title='bbox 1438 1664 1511 1711; x_wconf 81' lang='grc' dir='ltr'>καὶ</span> <span class='ocrx_word' id='word_1_149' title='bbox 1552 1660 1677 1725; x_wconf 75' lang='grc' dir='ltr'>ἦσαν</span> 
     </span>
    </p>
   </div>
   <div class='ocr_carea' id='block_1_4' title="bbox 1691 434 1712 459">
    <p class='ocr_par' dir='ltr' id='par_1_18' title="bbox 1691 434 1712 459">
     <span class='ocr_line' id='line_1_19' title="bbox 1691 434 1712 459; baseline 0 0"><span class='ocrx_word' id='word_1_150' title='bbox 1691 434 1712 459; x_wconf 74' lang='grc' dir='ltr'>θ</span> 
     </span>
    </p>
   </div>
   <div class='ocr_carea' id='block_1_5' title="bbox 1696 1095 1868 1130">
    <p class='ocr_par' dir='ltr' id='par_1_19' title="bbox 1696 1095 1868 1130">
     <span class='ocr_line' id='line_1_20' title="bbox 1696 1095 1868 1130; baseline 0 -1"><span class='ocrx_word' id='word_1_151' title='bbox 1696 1105 1718 1129; x_wconf 86' lang='lat' dir='ltr'>a</span> <span class='ocrx_word' id='word_1_152' title='bbox 1772 1095 1868 1130; x_wconf 87' lang='lat' dir='ltr'>3A.</span> 
     </span>
    </p>
   </div>
   <div class='ocr_carea' id='block_1_6' title="bbox 1740 1168 1881 1242">
    <p class='ocr_par' dir='ltr' id='par_1_20' title="bbox 1740 1168 1881 1242">
     <span class='ocr_line' id='line_1_21' title="bbox 1740 1168 1859 1208; baseline -0.008 -10"><span class='ocrx_word' id='word_1_153' title='bbox 1740 1176 1757 1206; x_wconf 81' lang='lat'><strong>3</strong></span> <span class='ocrx_word' id='word_1_154' title='bbox 1776 1168 1859 1208; x_wconf 78' lang='lat' dir='ltr'>Reg.</span> 
     </span>
     <span class='ocr_line' id='line_1_22' title="bbox 1740 1220 1881 1242; baseline -0.007 0"><span class='ocrx_word' id='word_1_155' title='bbox 1740 1220 1881 1242; x_wconf 75' lang='lat' dir='ltr'>X1.1-10.</span> 
     </span>
    </p>
   </div>
   <div class='ocr_carea' id='block_1_7' title="bbox 95 1743 1722 1814">
    <p class='ocr_par' dir='ltr' id='par_1_21' title="bbox 95 1743 1722 1814">
     <span class='ocr_line' id='line_1_23' title="bbox 95 1743 1722 1814; baseline 0 -22"><span class='ocrx_word' id='word_1_156' title='bbox 95 1748 122 1771; x_wconf 72' lang='lat'>‘⁶</span> <span class='ocrx_word' id='word_1_157' title='bbox 147 1743 271 1812; x_wconf 72' lang='grc' dir='ltr'>αὐτῷ</span> <span class='ocrx_word' id='word_1_158' title='bbox 309 1749 520 1810; x_wconf 81' lang='grc' dir='ltr'>γυναῖκες</span> <span class='ocrx_word' id='word_1_159' title='bbox 562 1747 793 1814; x_wconf 81' lang='grc' dir='ltr'>ἄρχουσαι</span> <span class='ocrx_word' id='word_1_160' title='bbox 836 1743 1112 1797; x_wconf 87' lang='grc' dir='ltr'>ἑπτακόσιαι</span> <span class='ocrx_word' id='word_1_161' title='bbox 1147 1746 1223 1795; x_wconf 80' lang='grc' dir='ltr'>καὶ</span> <span class='ocrx_word' id='word_1_162' title='bbox 1261 1745 1508 1795; x_wconf 82' lang='grc' dir='ltr'>παλλακαὶ</span> <span class='ocrx_word' id='word_1_163' title='bbox 1545 1765 1673 1809; x_wconf 86' lang='grc' dir='ltr'>τρια·</span> <span class='ocrx_word' id='word_1_164' title='bbox 1696 1753 1722 1793; x_wconf 91' lang='lat' dir='ltr'>b</span> 
     </span>
    </p>
   </div>
   <div class='ocr_carea' id='block_1_8' title="bbox 31 1824 1679 2387">
    <p class='ocr_par' dir='ltr' id='par_1_22' title="bbox 31 1824 1679 2387">
     <span class='ocr_line' id='line_1_24' title="bbox 97 1824 1679 1897; baseline 0.001 -23"><span class='ocrx_word' id='word_1_165' title='bbox 97 1831 124 1853; x_wconf 74' lang='lat'>‘⁶</span> <span class='ocrx_word' id='word_1_166' title='bbox 151 1824 320 1876; x_wconf 89' lang='grc' dir='ltr'>κόσιαι·</span> <span class='ocrx_word' id='word_1_167' title='bbox 373 1829 446 1877; x_wconf 82' lang='grc' dir='ltr'>καὶ</span> <span class='ocrx_word' id='word_1_168' title='bbox 489 1828 683 1893; x_wconf 85' lang='grc' dir='ltr'>ἐγενήθη</span> <span class='ocrx_word' id='word_1_169' title='bbox 726 1829 774 1879; x_wconf 85' lang='grc' dir='ltr'>ἐν</span> <span class='ocrx_word' id='word_1_170' title='bbox 823 1832 889 1897; x_wconf 72' lang='grc' dir='ltr'>τῷ</span> <span class='ocrx_word' id='word_1_171' title='bbox 941 1830 1086 1896; x_wconf 72' lang='grc' dir='ltr'>καιρῷ</span> <span class='ocrx_word' id='word_1_172' title='bbox 1134 1825 1291 1893; x_wconf 85' lang='grc' dir='ltr'>γήρως</span> <span class='ocrx_word' id='word_1_173' title='bbox 1333 1829 1565 1889; x_wconf 80' lang='grc' dir='ltr'>Σολομῶν</span> <span class='ocrx_word' id='word_1_174' title='bbox 1604 1827 1679 1875; x_wconf 78' lang='grc' dir='ltr'>καὶ</span> 
     </span>
     <span class='ocr_line' id='line_1_25' title="bbox 31 1907 1679 1976; baseline 0 -19"><span class='ocrx_word' id='word_1_175' title='bbox 31 1914 125 1944; x_wconf 76' lang='grc'>20“</span> <span class='ocrx_word' id='word_1_176' title='bbox 151 1907 394 1976; x_wconf 75' lang='grc' dir='ltr'>ἐξέκλιναν</span> <span class='ocrx_word' id='word_1_177' title='bbox 435 1913 481 1960; x_wconf 77' lang='grc' dir='ltr'>αἱ</span> <span class='ocrx_word' id='word_1_178' title='bbox 525 1915 739 1976; x_wconf 80' lang='grc' dir='ltr'>γυναῖκες</span> <span class='ocrx_word' id='word_1_179' title='bbox 789 1914 836 1961; x_wconf 76' lang='grc' dir='ltr'>αἱ</span> <span class='ocrx_word' id='word_1_180' title='bbox 889 1909 1137 1976; x_wconf 84' lang='grc' dir='ltr'>ἀλλότριαι</span> <span class='ocrx_word' id='word_1_181' title='bbox 1177 1908 1262 1973; x_wconf 85' lang='grc' dir='ltr'>τὴν</span> <span class='ocrx_word' id='word_1_182' title='bbox 1307 1909 1499 1975; x_wconf 86' lang='grc' dir='ltr'>καρδίαν</span> <span class='ocrx_word' id='word_1_183' title='bbox 1538 1908 1679 1958; x_wconf 81' lang='grc' dir='ltr'>αὐτοῦ</span> 
     </span>
     <span class='ocr_line' id='line_1_26' title="bbox 99 1990 1679 2059; baseline -0.001 -19"><span class='ocrx_word' id='word_1_184' title='bbox 99 1996 125 2019; x_wconf 85' lang='grc'><strong>“</strong></span> <span class='ocrx_word' id='word_1_185' title='bbox 152 1990 307 2041; x_wconf 87' lang='grc' dir='ltr'>ὀπίσω</span> <span class='ocrx_word' id='word_1_186' title='bbox 352 1996 470 2043; x_wconf 87' lang='grc' dir='ltr'>θεῶν</span> <span class='ocrx_word' id='word_1_187' title='bbox 510 1991 690 2059; x_wconf 76' lang='grc' dir='ltr'>ἑτέρων·</span> <span class='ocrx_word' id='word_1_188' title='bbox 748 1995 823 2044; x_wconf 78' lang='grc' dir='ltr'>καὶ</span> <span class='ocrx_word' id='word_1_189' title='bbox 858 1993 940 2044; x_wconf 78' lang='grc' dir='ltr'>οὐκ</span> <span class='ocrx_word' id='word_1_190' title='bbox 978 1990 1035 2056; x_wconf 78' lang='grc' dir='ltr'>ἧν</span> <span class='ocrx_word' id='word_1_191' title='bbox 1073 1992 1101 2056; x_wconf 86' lang='grc' dir='ltr'>ἡ</span> <span class='ocrx_word' id='word_1_192' title='bbox 1141 1991 1308 2058; x_wconf 88' lang='grc' dir='ltr'>καρδία</span> <span class='ocrx_word' id='word_1_193' title='bbox 1345 1991 1487 2041; x_wconf 83' lang='grc' dir='ltr'>αὐτοῦ</span> <span class='ocrx_word' id='word_1_194' title='bbox 1525 1990 1679 2040; x_wconf 88' lang='grc' dir='ltr'>τελεία</span> 
     </span>
     <span class='ocr_line' id='line_1_27' title="bbox 98 2071 1677 2141; baseline -0.001 -19"><span class='ocrx_word' id='word_1_195' title='bbox 98 2079 126 2101; x_wconf 85' lang='grc'><strong>“</strong></span> <span class='ocrx_word' id='word_1_196' title='bbox 152 2071 269 2136; x_wconf 77' lang='grc' dir='ltr'>μετὰ</span> <span class='ocrx_word' id='word_1_197' title='bbox 314 2075 490 2141; x_wconf 88' lang='grc' dir='ltr'>Κυρίου</span> <span class='ocrx_word' id='word_1_198' title='bbox 540 2079 664 2126; x_wconf 78' lang='grc' dir='ltr'>Θεοῦ</span> <span class='ocrx_word' id='word_1_199' title='bbox 707 2076 861 2138; x_wconf 76' lang='grc' dir='ltr'>αὐτοῦ,</span> <span class='ocrx_word' id='word_1_200' title='bbox 907 2073 1059 2128; x_wconf 80' lang='grc' dir='ltr'>καθὼς</span> <span class='ocrx_word' id='word_1_201' title='bbox 1101 2073 1129 2138; x_wconf 81' lang='grc' dir='ltr'>ἡ</span> <span class='ocrx_word' id='word_1_202' title='bbox 1175 2074 1340 2140; x_wconf 90' lang='grc' dir='ltr'>καρδία</span> <span class='ocrx_word' id='word_1_203' title='bbox 1378 2074 1552 2123; x_wconf 72' lang='grc' dir='ltr'>Δαυεὶδ</span> <span class='ocrx_word' id='word_1_204' title='bbox 1595 2076 1677 2122; x_wconf 85' lang='grc' dir='ltr'>τοῦ</span> 
     </span>
     <span class='ocr_line' id='line_1_28' title="bbox 101 2155 1678 2224; baseline -0.002 -18"><span class='ocrx_word' id='word_1_205' title='bbox 101 2160 128 2183; x_wconf 83' lang='grc'><strong>“</strong></span> <span class='ocrx_word' id='word_1_206' title='bbox 154 2155 330 2221; x_wconf 84' lang='grc' dir='ltr'>πατρὸς</span> <span class='ocrx_word' id='word_1_207' title='bbox 368 2157 522 2209; x_wconf 80' lang='grc' dir='ltr'>αὐτοῦ.</span> <span class='ocrx_word' id='word_1_208' title='bbox 581 2159 655 2208; x_wconf 76' lang='grc' dir='ltr'>καὶ</span> <span class='ocrx_word' id='word_1_209' title='bbox 682 2157 905 2224; x_wconf 84' lang='grc' dir='ltr'>ἐπορεύθη</span> <span class='ocrx_word' id='word_1_210' title='bbox 934 2161 1164 2220; x_wconf 83' lang='grc' dir='ltr'>Σολομῶν</span> <span class='ocrx_word' id='word_1_211' title='bbox 1192 2157 1347 2207; x_wconf 89' lang='grc' dir='ltr'>ὀπίσω</span> <span class='ocrx_word' id='word_1_212' title='bbox 1373 2155 1678 2219; x_wconf 85' lang='grc' dir='ltr'>τῆςἈστάρ-</span> 
     </span>
     <span class='ocr_line' id='line_1_29' title="bbox 100 2235 1679 2304; baseline -0.002 -16"><span class='ocrx_word' id='word_1_213' title='bbox 100 2243 128 2265; x_wconf 81' lang='grc'><strong>“</strong></span> <span class='ocrx_word' id='word_1_214' title='bbox 153 2260 236 2301; x_wconf 93' lang='grc' dir='ltr'>της</span> <span class='ocrx_word' id='word_1_215' title='bbox 260 2238 589 2304; x_wconf 74' lang='grc' dir='ltr'>βδελύγματος</span> <span class='ocrx_word' id='word_1_216' title='bbox 622 2241 871 2303; x_wconf 78' lang='grc' dir='ltr'>Σιδωνίων,</span> <span class='ocrx_word' id='word_1_217' title='bbox 899 2241 975 2290; x_wconf 78' lang='grc' dir='ltr'>καὶ</span> <span class='ocrx_word' id='word_1_218' title='bbox 1009 2240 1164 2290; x_wconf 89' lang='grc' dir='ltr'>ὀπίσω</span> <span class='ocrx_word' id='word_1_219' title='bbox 1196 2244 1279 2289; x_wconf 83' lang='grc' dir='ltr'>τοῦ</span> <span class='ocrx_word' id='word_1_220' title='bbox 1315 2237 1452 2288; x_wconf 81' lang='grc' dir='ltr'>Βάαλ</span> <span class='ocrx_word' id='word_1_221' title='bbox 1484 2235 1679 2286; x_wconf 79' lang='grc' dir='ltr'>εἰδώλου</span> 
     </span>
     <span class='ocr_line' id='line_1_30' title="bbox 35 2317 1679 2387; baseline 0 -19"><span class='ocrx_word' id='word_1_222' title='bbox 35 2331 81 2368; x_wconf 83' lang='grc'>25</span> <span class='ocrx_word' id='word_1_223' title='bbox 101 2325 128 2347; x_wconf 79' lang='grc'><strong>“</strong></span> <span class='ocrx_word' id='word_1_224' title='bbox 155 2322 264 2370; x_wconf 82' lang='grc' dir='ltr'>υἱῶν</span> <span class='ocrx_word' id='word_1_225' title='bbox 293 2319 473 2384; x_wconf 87' lang='grc' dir='ltr'>Ἀμών.</span> <span class='ocrx_word' id='word_1_226' title='bbox 553 2323 628 2372; x_wconf 74' lang='grc' dir='ltr'>καὶ</span> <span class='ocrx_word' id='word_1_227' title='bbox 662 2322 852 2387; x_wconf 84' lang='grc' dir='ltr'>ἐποίησε</span> <span class='ocrx_word' id='word_1_228' title='bbox 892 2325 1124 2384; x_wconf 82' lang='grc' dir='ltr'>Σολομῶν</span> <span class='ocrx_word' id='word_1_229' title='bbox 1154 2319 1207 2371; x_wconf 76' lang='grc' dir='ltr'>τὸ</span> <span class='ocrx_word' id='word_1_230' title='bbox 1245 2320 1451 2385; x_wconf 81' lang='grc' dir='ltr'>πονηρὸν</span> <span class='ocrx_word' id='word_1_231' title='bbox 1485 2317 1679 2369; x_wconf 84' lang='grc' dir='ltr'>ἐνώπιον</span> 
     </span>
    </p>
   </div>
   <div class='ocr_carea' id='block_1_9' title="bbox 102 2401 1718 2471">
    <p class='ocr_par' dir='ltr' id='par_1_23' title="bbox 102 2401 1718 2471">
     <span class='ocr_line' id='line_1_31' title="bbox 102 2401 1718 2471; baseline -0.002 -18"><span class='ocrx_word' id='word_1_232' title='bbox 102 2408 130 2431; x_wconf 87' lang='lat'><strong>“</strong></span> <span class='ocrx_word' id='word_1_233' title='bbox 159 2402 347 2468; x_wconf 82' lang='grc' dir='ltr'>Κυρίου,</span> <span class='ocrx_word' id='word_1_234' title='bbox 394 2406 469 2454; x_wconf 76' lang='grc' dir='ltr'>καὶ</span> <span class='ocrx_word' id='word_1_235' title='bbox 517 2405 598 2456; x_wconf 82' lang='grc' dir='ltr'>οὐκ</span> <span class='ocrx_word' id='word_1_236' title='bbox 642 2404 866 2471; x_wconf 83' lang='grc' dir='ltr'>ἐπορεύθη</span> <span class='ocrx_word' id='word_1_237' title='bbox 909 2404 1063 2455; x_wconf 89' lang='grc' dir='ltr'>ὀπίσω</span> <span class='ocrx_word' id='word_1_238' title='bbox 1108 2403 1294 2469; x_wconf 79' lang='grc' dir='ltr'>Κυρίου,</span> <span class='ocrx_word' id='word_1_239' title='bbox 1341 2403 1403 2454; x_wconf 89' lang='grc' dir='ltr'>ὡς</span> <span class='ocrx_word' id='word_1_240' title='bbox 1442 2402 1615 2452; x_wconf 77' lang='grc' dir='ltr'>Δαυεὶδ</span> <span class='ocrx_word' id='word_1_241' title='bbox 1653 2401 1718 2451; x_wconf 74' lang='grc' dir='ltr'>ὁρ</span> 
     </span>
    </p>
   </div>
   <div class='ocr_carea' id='block_1_10' title="bbox 38 2482 1681 2878">
    <p class='ocr_par' dir='ltr' id='par_1_24' title="bbox 38 2482 1681 2878">
     <span class='ocr_line' id='line_1_32' title="bbox 104 2482 1680 2556; baseline -0.001 -22"><span class='ocrx_word' id='word_1_242' title='bbox 104 2490 131 2512; x_wconf 85' lang='grc'><strong>“</strong></span> <span class='ocrx_word' id='word_1_243' title='bbox 156 2483 310 2550; x_wconf 84' lang='grc' dir='ltr'>πατὴρ</span> <span class='ocrx_word' id='word_1_244' title='bbox 369 2487 523 2538; x_wconf 84' lang='grc' dir='ltr'>αὐτοῦ.</span> <span class='ocrx_word' id='word_1_245' title='bbox 602 2486 706 2537; x_wconf 89' lang='grc' dir='ltr'>τότε</span> <span class='ocrx_word' id='word_1_246' title='bbox 753 2485 1028 2556; x_wconf 73' lang='grc' dir='ltr'>ᾠκοδόμησε</span> <span class='ocrx_word' id='word_1_247' title='bbox 1079 2488 1310 2547; x_wconf 85' lang='grc' dir='ltr'>Σολομῶν</span> <span class='ocrx_word' id='word_1_248' title='bbox 1373 2482 1563 2552; x_wconf 78' lang='grc' dir='ltr'>ὑψηλὸν</span> <span class='ocrx_word' id='word_1_249' title='bbox 1614 2487 1680 2553; x_wconf 71' lang='grc' dir='ltr'>τῷ</span> 
     </span>
     <span class='ocr_line' id='line_1_33' title="bbox 106 2565 1678 2637; baseline 0.001 -22"><span class='ocrx_word' id='word_1_250' title='bbox 106 2571 132 2594; x_wconf 81' lang='grc'><strong>“</strong></span> <span class='ocrx_word' id='word_1_251' title='bbox 158 2565 335 2627; x_wconf 80' lang='grc' dir='ltr'>Χαμὼς</span> <span class='ocrx_word' id='word_1_252' title='bbox 372 2567 550 2637; x_wconf 79' lang='grc' dir='ltr'>εἰδώλῳ</span> <span class='ocrx_word' id='word_1_253' title='bbox 586 2568 761 2630; x_wconf 78' lang='grc' dir='ltr'>Μωάβ,</span> <span class='ocrx_word' id='word_1_254' title='bbox 789 2571 865 2619; x_wconf 76' lang='grc' dir='ltr'>καὶ</span> <span class='ocrx_word' id='word_1_255' title='bbox 896 2572 962 2637; x_wconf 72' lang='grc' dir='ltr'>τῷ</span> <span class='ocrx_word' id='word_1_256' title='bbox 989 2567 1128 2618; x_wconf 80' lang='grc' dir='ltr'>Βάαλ</span> <span class='ocrx_word' id='word_1_257' title='bbox 1163 2566 1339 2636; x_wconf 75' lang='grc' dir='ltr'>εἰδώλῳ</span> <span class='ocrx_word' id='word_1_258' title='bbox 1370 2569 1479 2616; x_wconf 76' lang='grc' dir='ltr'>υἱῶν</span> <span class='ocrx_word' id='word_1_259' title='bbox 1504 2565 1678 2629; x_wconf 84' lang='grc' dir='ltr'>Ἀμὼν,</span> 
     </span>
     <span class='ocr_line' id='line_1_34' title="bbox 107 2648 1680 2718; baseline 0.003 -23"><span class='ocrx_word' id='word_1_260' title='bbox 107 2652 134 2675; x_wconf 85' lang='grc'><strong>“</strong></span> <span class='ocrx_word' id='word_1_261' title='bbox 159 2648 235 2696; x_wconf 87' lang='grc' dir='ltr'>καὶ</span> <span class='ocrx_word' id='word_1_262' title='bbox 288 2651 346 2714; x_wconf 83' lang='grc' dir='ltr'>τῇ</span> <span class='ocrx_word' id='word_1_263' title='bbox 397 2649 642 2718; x_wconf 81' lang='grc' dir='ltr'>Ἀστάρτῃ</span> <span class='ocrx_word' id='word_1_264' title='bbox 692 2651 986 2716; x_wconf 77' lang='grc' dir='ltr'>βδελύγματι</span> <span class='ocrx_word' id='word_1_265' title='bbox 1050 2649 1300 2699; x_wconf 84' lang='grc' dir='ltr'>Σιδωνίων.</span> <span class='ocrx_word' id='word_1_266' title='bbox 1396 2652 1471 2699; x_wconf 84' lang='grc' dir='ltr'>καὶ</span> <span class='ocrx_word' id='word_1_267' title='bbox 1535 2650 1680 2701; x_wconf 78' lang='grc' dir='ltr'>οὕτως</span> 
     </span>
     <span class='ocr_line' id='line_1_35' title="bbox 38 2729 1681 2800; baseline -0.001 -19"><span class='ocrx_word' id='word_1_268' title='bbox 38 2745 86 2781; x_wconf 84' lang='lat'>30</span> <span class='ocrx_word' id='word_1_269' title='bbox 107 2735 134 2757; x_wconf 73' lang='lat'>‘⁶</span> <span class='ocrx_word' id='word_1_270' title='bbox 159 2729 350 2792; x_wconf 82' lang='grc' dir='ltr'>ἐποίησε</span> <span class='ocrx_word' id='word_1_271' title='bbox 384 2729 562 2784; x_wconf 82' lang='grc' dir='ltr'>πάσαις</span> <span class='ocrx_word' id='word_1_272' title='bbox 596 2736 695 2785; x_wconf 81' lang='grc' dir='ltr'>ταῖς</span> <span class='ocrx_word' id='word_1_273' title='bbox 734 2732 948 2800; x_wconf 76' lang='grc' dir='ltr'>γυναιξὶν</span> <span class='ocrx_word' id='word_1_274' title='bbox 986 2732 1126 2782; x_wconf 80' lang='grc' dir='ltr'>αὑτοῦ</span> <span class='ocrx_word' id='word_1_275' title='bbox 1167 2736 1266 2785; x_wconf 83' lang='grc' dir='ltr'>ταῖς</span> <span class='ocrx_word' id='word_1_276' title='bbox 1304 2731 1590 2797; x_wconf 85' lang='grc' dir='ltr'>ἀλλοτρίαις,</span> <span class='ocrx_word' id='word_1_277' title='bbox 1634 2729 1681 2780; x_wconf 80' lang='grc' dir='ltr'>αἳ</span> 
     </span>
     <span class='ocr_line' id='line_1_36' title="bbox 107 2812 1679 2878; baseline 0.001 -17"><span class='ocrx_word' id='word_1_278' title='bbox 107 2817 133 2840; x_wconf 83' lang='grc'><strong>“</strong></span> <span class='ocrx_word' id='word_1_279' title='bbox 160 2812 357 2873; x_wconf 83' lang='grc' dir='ltr'>ἐθυμίων</span> <span class='ocrx_word' id='word_1_280' title='bbox 403 2814 478 2862; x_wconf 76' lang='grc' dir='ltr'>καὶ</span> <span class='ocrx_word' id='word_1_281' title='bbox 519 2812 653 2864; x_wconf 73' lang='grc' dir='ltr'>ε”θυον</span> <span class='ocrx_word' id='word_1_282' title='bbox 693 2820 787 2867; x_wconf 81' lang='grc' dir='ltr'>τοῖς</span> <span class='ocrx_word' id='word_1_283' title='bbox 841 2814 1047 2867; x_wconf 79' lang='grc' dir='ltr'>εἰδώλοις</span> <span class='ocrx_word' id='word_1_284' title='bbox 1098 2814 1262 2866; x_wconf 80' lang='grc' dir='ltr'>αὐτῶν.</span> <span class='ocrx_word' id='word_1_285' title='bbox 1350 2817 1424 2864; x_wconf 81' lang='grc' dir='ltr'>καὶ</span> <span class='ocrx_word' id='word_1_286' title='bbox 1475 2814 1679 2878; x_wconf 88' lang='grc' dir='ltr'>ὀργίσθη</span> 
     </span>
    </p>
   </div>
   <div class='ocr_carea' id='block_1_11' title="bbox 107 2894 1680 2964">
    <p class='ocr_par' dir='ltr' id='par_1_25' title="bbox 107 2894 1680 2964">
     <span class='ocr_line' id='line_1_37' title="bbox 107 2894 1680 2964; baseline 0.001 -21"><span class='ocrx_word' id='word_1_287' title='bbox 107 2899 135 2921; x_wconf 87' lang='grc'><strong>“</strong></span> <span class='ocrx_word' id='word_1_288' title='bbox 161 2897 293 2962; x_wconf 71' lang='grc' dir='ltr'>θυμῷ</span> <span class='ocrx_word' id='word_1_289' title='bbox 334 2894 505 2960; x_wconf 82' lang='grc' dir='ltr'>Κύριος</span> <span class='ocrx_word' id='word_1_290' title='bbox 544 2896 616 2946; x_wconf 81' lang='grc' dir='ltr'>ἐπὶ</span> <span class='ocrx_word' id='word_1_291' title='bbox 653 2899 895 2960; x_wconf 82' lang='grc' dir='ltr'>Σολομῶν,</span> <span class='ocrx_word' id='word_1_292' title='bbox 941 2896 1010 2947; x_wconf 77' lang='grc' dir='ltr'>ὅτι</span> <span class='ocrx_word' id='word_1_293' title='bbox 1056 2895 1258 2964; x_wconf 76' lang='grc' dir='ltr'>ἐξέκλινε</span> <span class='ocrx_word' id='word_1_294' title='bbox 1307 2896 1497 2962; x_wconf 89' lang='grc' dir='ltr'>καρδίαν</span> <span class='ocrx_word' id='word_1_295' title='bbox 1540 2897 1680 2946; x_wconf 83' lang='grc' dir='ltr'>αὐτοῦ</span> 
     </span>
    </p>
   </div>
   <div class='ocr_carea' id='block_1_12' title="bbox 157 3041 1631 3143">
    <p class='ocr_par' dir='ltr' id='par_1_26' title="bbox 157 3041 1631 3143">
     <span class='ocr_line' id='line_1_38' title="bbox 157 3041 1631 3090; baseline 0 -14"><span class='ocrx_word' id='word_1_296' title='bbox 157 3052 211 3076; x_wconf 88' lang='grc'>22.</span> <span class='ocrx_word' id='word_1_297' title='bbox 238 3041 378 3088; x_wconf 82' lang='grc' dir='ltr'>Κυρίου]</span> <span class='ocrx_word' id='word_1_298' title='bbox 405 3047 439 3083; x_wconf 75' lang='lat'>—†—</span> <span class='ocrx_word' id='word_1_299' title='bbox 462 3044 521 3076; x_wconf 85' lang='grc' dir='ltr'>τοῦ</span> <span class='ocrx_word' id='word_1_300' title='bbox 540 3042 631 3077; x_wconf 84' lang='lat' dir='ltr'><strong>Edd.</strong></span> <span class='ocrx_word' id='word_1_301' title='bbox 927 3055 981 3088; x_wconf 75' lang='lat'>32.</span> <span class='ocrx_word' id='word_1_302' title='bbox 1010 3044 1183 3090; x_wconf 80' lang='grc' dir='ltr'>σολομῶν]</span> <span class='ocrx_word' id='word_1_303' title='bbox 1206 3045 1260 3078; x_wconf 76' lang='lat' dir='ltr'>Sic</span> <span class='ocrx_word' id='word_1_304' title='bbox 1282 3044 1322 3078; x_wconf 86' lang='grc' dir='ltr'>Β.</span> <span class='ocrx_word' id='word_1_305' title='bbox 1342 3046 1521 3088; x_wconf 82' lang='grc' dir='ltr'>σολομῶνα</span> <span class='ocrx_word' id='word_1_306' title='bbox 1541 3043 1631 3077; x_wconf 82' lang='lat' dir='ltr'>Edd.</span> 
     </span>
     <span class='ocr_line' id='line_1_39' title="bbox 870 3114 939 3143; baseline 0.043 -3"><span class='ocrx_word' id='word_1_307' title='bbox 870 3114 892 3140; x_wconf 89' lang='lat' dir='ltr'>B</span> <span class='ocrx_word' id='word_1_308' title='bbox 918 3114 939 3143; x_wconf 79' lang='lat'><em>2</em></span> 
     </span>
    </p>
   </div>
  </div>
 </body>
</html>
