2021 3434
109 318 214 367 Supra

107 371 128 391 1.
151 371 198 400 ¹4-

110 727 121 747 1
137 715 224 747 Tim.

106 760 147 790 vi.
169 760 197 789 S.
286 766 308 793 e

106 803 156 834 Ib.
176 813 205 842 9.

102 1291 157 1321 ΡΞ.

101 1334 265 1367 cxviii.62.

102 1455 157 1486 Ps.
173 1455 240 1488 lxii.

102 1509 117 1521 ΙΊ

100 1522 190 1581 ιῖοο
204 1548 254 1582 A.
284 1557 305 1581 a

99 1627 152 1661 Ib.
171 1638 198 1669 7.

279 1885 302 1921 3

99 2147 205 2187 Supra

98 2201 163 2222 ver.
185 2202 195 2222 ι
203 2215 211 2223 .

274 2235 300 2277 b

329 196 412 235 626
717 200 766 240 B.
810 200 1088 241 CYRILLI
1129 202 1512 242 ALEXANDR.
1784 198 1827 238 ii·
1854 210 1892 252 3·

329 308 524 372 φθησαν
561 310 622 361 ὡς
663 307 777 360 οἶκοι
816 310 1015 374 μάταιοι,
1060 313 1134 362 καὶ
1173 311 1233 364 τά
1271 311 1528 363 ἀνδάνοντα
1566 313 1672 380 Θεῷ
1710 313 1899 378 φρονεῖν

327 387 409 437 οὐκ
448 388 630 443 εἰδότες.

407 467 633 533 ”Αμεινον
674 473 755 524 οὖν
803 474 894 540 ἄρα
948 478 1022 527 καὶ
1072 478 1366 542 ἀσυγκρίτως
1415 479 1759 540 κατευμεγεθεῖν
1806 476 1899 522 τῶν

326 551 561 615 τοιούτων,
604 556 678 604 καὶ
731 555 1030 623 φαυλότητος
1079 558 1163 622 μὲν
1205 558 1394 622 ἁπάσης
1435 560 1712 626 ἀποφοιτᾶν,
1756 562 1899 606 πλεο·

325 632 482 701 νεξιάν
523 634 570 685 δὲ
615 637 892 702 ῥιπτοῦντας
930 642 991 693 ὡς
1029 639 1272 703 ἀπωτάτω,
1309 643 1383 691 καὶ
1421 645 1514 690 τῶν
1551 641 1778 705 περιττῶν
1815 637 1938 687 οὐκ5

326 714 602 782 ἐφιεμένους,
653 720 907 786 διατροφὰς
964 722 1111 788 ζητεῖν
1161 725 1236 773 καὶ
1287 722 1616 785 σκεπάσματα,
1673 722 1746 771 καὶ
1805 718 1898 770 ὅσα

325 801 420 850 τοῖς
460 799 714 867 σώφροσιν
752 802 937 870 ἀπόχρη
976 802 1092 870 πρὸς
1135 805 1188 855 τὸ
1229 809 1377 864 βιοῦν.
1446 811 1472 834 “
1495 807 1559 855 Οἱ
1591 802 1683 869 γὰρ
1720 800 1894 862 βουλό·

323 884 352 908 “
377 902 506 942 μενοι
554 889 774 934 πλουτεῖν
821 886 1132 948 ἐμπίπτουσιν
1181 891 1242 940 εἷς
1292 886 1533 949 ἐπιθυμίας
1585 884 1772 938 πολλὰς
1823 885 1898 934 καὶ

324 967 352 989 “
379 962 600 1027 ἀνοήτους
637 967 712 1016 καὶ
750 967 1008 1034 βλαβερὰς,
1048 969 1099 1019 αἵ
1131 991 1250 1023 τινες
1288 969 1531 1035 βυθίζουσι
1572 965 1678 1021 τοὺς
1718 967 1896 1032 ἀνθρώ-

322 1050 353 1072 “
376 1067 491 1098 πους
517 1048 579 1100 εἷς
604 1046 800 1114 ὄλεθρον
824 1052 897 1100 καὶ
930 1051 1206 1103 ἀπώλειαν.”
1270 1050 1504 1117 ἐπιζήμιον
1531 1049 1578 1101 δὲ
1607 1048 1725 1116 πρὸς
1748 1049 1897 1118 τούτῳ
1919 1065 1966 1091 10

324 1129 399 1176 καὶ
433 1125 516 1181 τὰς
551 1130 597 1178 ἐν
633 1132 760 1181 νυκτὶ
798 1131 984 1198 σχολὰς
1009 1138 1103 1187 τοῖς
1137 1137 1197 1187 εἷς
1229 1133 1457 1199 ἁμαρτίαν
1479 1131 1722 1194 σκέμμασι
1748 1133 1898 1182 δαπα-

325 1213 423 1258 νᾶν·
466 1209 614 1261 καλὸν
659 1211 706 1262 δὲ
750 1212 919 1279 ζηλοῦν
964 1213 1045 1265 τὸν
1085 1215 1310 1280 μακάριον
1349 1213 1623 1283 Ψαλμιρδὸν
1660 1211 1778 1279 πρὸς
1815 1213 1898 1264 τὸν

323 1295 417 1341 τῶν
461 1292 587 1343 ὅλων
636 1294 838 1360 λε’γοντα
883 1296 1006 1347 Θεόν
1050 1298 1424 1348 ιζΜεσονύκτιον
1471 1296 1765 1365 ἐξεγειρόμην
1815 1301 1898 1346 τοῦ

325 1379 353 1401 “
377 1373 771 1442 ἐξομολογεῖσθαί
801 1400 880 1428 σοι
914 1380 986 1429 ἐπὶ
1013 1378 1072 1429 τὰ
1107 1380 1306 1445 κρίματα
1332 1383 1413 1443 τῆς
1439 1379 1732 1443 δικαιοσύνης
1759 1379 1894 1429 σου.”

324 1457 399 1506 καὶ
424 1455 570 1507 πάλιν
598 1465 624 1487 “
649 1458 712 1508 ‘O
741 1458 861 1513 Θεὸς
892 1461 915 1510 ὁ
944 1460 1063 1514 Θεός
1096 1485 1199 1525 μου,
1225 1461 1342 1527 πρὸς
1376 1460 1433 1512 σὲ
1465 1460 1672 1527 ὀρθρίζω,
1698 1460 1902 1529 ἐδίψησέ
1918 1477 1982 1516 15.

324 1544 351 1566 “
377 1560 434 1588 σε
461 1539 488 1602 ἡ
515 1540 648 1607 ψυχή
673 1564 777 1603 μου,
801 1547 1068 1597 ποσαπλῶς
1105 1566 1184 1594 σοι
1221 1544 1248 1608 ἡ
1287 1543 1420 1613 σάρξ
1453 1545 1582 1606 μου.”
1644 1546 1719 1594 καὶ
1752 1542 1897 1594 πάλιν

324 1627 350 1649 “
376 1624 434 1671 ΕΖ
459 1621 767 1685 ἐμνημόνευον
794 1646 885 1675 σου
911 1627 982 1676 ἐπὶ
1015 1628 1096 1689 τῆς
1119 1629 1368 1692 στρωμνῆς
1393 1649 1495 1689 μου,
1523 1627 1570 1676 ἐν
1595 1630 1689 1679 τοῖς
1714 1624 1897 1693 ὅρθροις

323 1709 349 1732 “
374 1703 602 1766 ἐμελέτων
629 1708 690 1758 εἷς
715 1705 815 1756 σε’.”

322 1876 399 1917 Διὰ
437 1880 559 1920 τοῦτο
596 1878 697 1920 τάδε
735 1881 846 1927 λέπει
886 1880 1165 1938 ΚύριοςἸὸοὺ
1198 1882 1282 1930 &sch
1320 1882 1531 1940 Λογίζομαι
1556 1882 1626 1923 ἐπὶ
1650 1882 1727 1924 τήν
1755 1881 1894 1938 φυλήν

387 1962 544 2002 ταύτΗν
581 1963 702 2013 κακὰ,
727 1962 772 2006 ἐξ
807 1961 867 2004 ὧν
905 1964 952 2005 οὐ
990 1965 1045 2013 μὴ
1084 1966 1216 2022 &pau-3
1252 1965 1349 2007 τοὺς
1386 1967 1621 2023 τραχήλους
1659 1966 1789 2018 ὑμῶν,
1825 1965 1960 2007 καί20

387 2044 435 2085 οὐ
462 2044 517 2093 μή
547 2052 782 2102 Πορευθιῆτε
808 2048 928 2105 ὀρθοὶ
954 2049 1172 2106 ὲὲαίφνΗο,
1199 2052 1263 2093 ὅτι
1291 2050 1437 2107 καιρὸς
1463 2052 1652 2109 ΠονΗρὸε
1678 2051 1805 2094 ἐστιν.

392 2146 583 2212 Ἐπειδὴ
610 2148 702 2215 γὰρ
728 2152 856 2201 αὐτοὶ
883 2151 1052 2206 κόπους
1079 2153 1356 2219 ἐλογίζοντο,
1382 2156 1457 2205 καὶ
1488 2154 1751 2222 εἰργάζοντο
1776 2157 1895 2208 κακά

320 2252 433 2288 τισι,
461 2230 515 2280 τὸ
540 2230 658 2297 πρὸς
679 2231 801 2283 Θεὸν
821 2233 962 2300 αἴρειν
987 2233 1069 2288 τὰς
1095 2240 1250 2302 χεῖρας
1276 2238 1336 2289 ὡς
1360 2235 1545 2302 ἀκερδὲς
1570 2240 1645 2288 καὶ
1669 2239 1894 2303 ἀνόνητον

319 2312 683 2378 παρωθούμενοι,
722 2315 940 2383 ταύτῃτοι
983 2316 1125 2382 κάγὼ,
1159 2319 1295 2386 φησὶ,
1330 2317 1448 2368 κατὰ
1483 2319 1642 2385 πάσης
1679 2321 1892 2386 τοιαύτης

318 2393 464 2462 φυλῆς
497 2398 739 2462 λογιοῦμαι
778 2396 921 2460 κακά,
947 2398 1173 2461 τουτέστι,
1200 2400 1517 2469 διασκέψομαι
1547 2401 1605 2453 τὰ
1638 2402 1710 2472 ἐφ’
1738 2403 1805 2459 οῖς
1835 2403 1892 2455 ἂν
1911 2423 1956 2462 25

369 2545 397 2567 Ι.
425 2533 611 2579 ἐξεπεμφθ.
640 2542 719 2581 post
744 2537 877 2580 μάταιοι
904 2544 1035 2582 transp.
1063 2539 1108 2573 D.
1181 2539 1364 2574 ἀδδάνοντα
1388 2541 1432 2575 A.
1507 2541 1632 2576 Statim
1656 2545 1702 2589 τῷ
1727 2542 1824 2578 addit
1850 2544 1891 2580 B.

318 2593 351 2621 4.
376 2582 571 2624 πλεονεξίας
592 2583 635 2616 A.
930 2596 962 2628 5.
989 2585 1182 2626 ῥιπτοῦντες
1199 2587 1280 2630 (sic)
1299 2587 1341 2621 A.
1391 2593 1554 2632 περιττῶν
1571 2601 1641 2623 om.
1661 2591 1703 2624 A.
1723 2590 1826 2625 habet
1845 2591 1890 2626 D.

318 2627 352 2661 6.
379 2627 563 2672 ἐφιεμένων
580 2628 668 2674 (sic)
686 2631 728 2664 A.
905 2633 937 2666 8.
964 2634 1016 2666 καὶ
1034 2645 1103 2666 om.
1123 2636 1167 2667 A.
1219 2634 1342 2667 Statim
1360 2634 1538 2678 ἀνονήτους
1555 2636 1645 2670 Edd.
1663 2637 1780 2671 invitis
1799 2637 1889 2672 A.B.

318 2684 350 2717 9.
377 2675 590 2717 συνεθίζουσι
610 2676 651 2710 Β.
668 2678 847 2720 βυθίζουσι
863 2678 992 2713 habent
1010 2680 1104 2714 A.D.
1249 2692 1303 2715 11.
1321 2681 1482 2726 ἁμαρτίας
1500 2682 1547 2717 D.
1676 2695 1728 2728 13.
1747 2684 1890 2730 λέγοντα

319 2728 397 2754 ante
413 2723 602 2765 Ψαλμωδὸν
619 2729 750 2769 transp.
769 2725 812 2759 A.
863 2726 1076 2771 ἐξεγειρόμην
1094 2727 1136 2761 A.
1155 2726 1299 2772 ἐξηγειρ.
1319 2728 1411 2762 Edd.
1538 2729 1590 2764 16.
1609 2744 1651 2764 σε
1668 2735 1889 2775 assumptum

317 2778 359 2800 ex
377 2768 518 2802 A.B.D.
537 2784 593 2803 σοι
611 2782 629 2803 e
646 2782 710 2804 suo
729 2772 862 2817 Migne.
912 2773 965 2806 καὶ
981 2774 1084 2807 πάλιν
1101 2781 1321 2819 assumptum
1339 2787 1379 2808 ex
1397 2775 1440 2809 A.
1459 2776 1513 2810 καὶ
1531 2776 1577 2810 Ι).
1633 2777 1758 2811 Statim
1776 2778 1816 2812 Εἰ
1832 2790 1887 2813 ac-

319 2815 421 2848 cessit
439 2826 479 2849 ex
497 2816 638 2850 A.B.D.
657 2817 755 2852 addit
772 2831 910 2864 quoque
928 2819 1061 2864 Migne.
1245 2832 1300 2857 20.
1326 2825 1385 2865 τὴν
1402 2823 1481 2866 ἐμὴν
1498 2835 1559 2868 pro
1577 2823 1697 2868 ταύτην
1715 2824 1757 2858 Β.
1777 2826 1888 2870 (153.)

319 2870 373 2893 21.
399 2860 506 2905 ὅρθιοι
526 2862 562 2897 F.
583 2862 715 2908 [ὀρθροι
733 2865 851 2911 Alex]
879 2866 974 2910 ὀρθοὶ
999 2866 1093 2901 deest
1118 2867 1154 2901 in
1180 2867 1223 2902 A.
1301 2868 1424 2903 Statim
1451 2870 1611 2914 ἐξαίφνης
1635 2883 1705 2905 om.
1726 2871 1816 2906 Edd.
1834 2873 1887 2906 in-

318 2906 395 2940 vitis
420 2908 560 2943 A.B.D.
764 2923 818 2946 22.
846 2914 968 2949 κόπους
985 2924 1054 2947 om.
1073 2915 1116 2948 A.
1306 2926 1360 2960 23.
1387 2918 1426 2960 τῇ
1445 2917 1552 2951 κτίσει
1570 2929 1632 2962 pro
1648 2933 1717 2952 τισι
1736 2918 1824 2964 (Sic)
1842 2919 1885 2953 A.

317 2955 444 2995 πορωθ.
463 2956 514 2989 καὶ
531 2956 688 2999 ἀνόνητον
705 2958 774 2992 inV.
793 2959 868 2994 ord.
891 2959 931 2995 Β.
1252 2973 1305 3005 24.
1331 2967 1420 3008 φησι
1438 2963 1527 3008 κάγὼ
1546 2976 1607 3008 pro
1625 2965 1713 3011 κάγώ
1731 2967 1820 3010 φησι
1839 2965 1884 3000 D.

317 2999 442 3045 πάσης]
468 3007 502 3041 -†-
524 3004 581 3046 τῆς
602 3003 641 3037 Β.
691 3006 771 3039 κατὰ
789 3007 900 3051 πάσης
917 3007 1068 3051 τοιαύτης
1085 3009 1197 3053 φυλῆς
1214 3017 1292 3054 post
1310 3010 1391 3043 κακὰ
1410 3017 1540 3056 transp.
1562 3011 1607 3045 D.
