2021 3434
92 231 119 270 i.
143 242 182 284 3.
707 227 780 268 IN
828 226 1064 267 IONAM.
1588 226 1671 265 569

89 336 353 398 βούλεσθαι
392 339 567 400 δηλοῦν
608 336 690 386 τὸν
735 335 901 401 λόγον·
967 335 1036 385 ὅτι
1074 338 1170 388 τοῖς
1208 335 1438 384 ἀποπλεῖν
1477 331 1664 384 ἐθέλον·
1688 353 1711 379 e

87 441 170 469 σιν
213 419 286 469 ἐπὶ
326 417 385 468 τὰ
422 419 584 469 Ἰνδῶν
626 418 748 481 ἔθνη,
790 417 954 482 γένοιτ’
984 416 1041 467 ἂν
1075 415 1259 469 εἰκότως
1299 416 1352 466 οὐ
1387 414 1463 466 διά
1500 438 1554 481 γε
1588 417 1670 478 τῆς

91 501 277 559 Ἰόππης
304 501 329 550 ὁ
355 506 519 562 πλοῦς,
547 499 677 550 ἀλλὰ
709 499 784 550 διὰ
823 499 1078 562 θαλάσσης
1103 503 1293 562 μᾶλλον
1320 500 1402 561 τῆς
1426 498 1670 563 Ἐρυθρᾶς,

90 586 128 633 εἰ
166 581 231 645 μὴ
270 582 361 648 ἄρα
398 605 467 635 τις
501 582 640 633 οἴοιτο
675 580 819 648 τυχὸν
844 584 1173 644 βεβουλῆσθαι
1199 578 1280 630 τὸν
1307 578 1570 649 Προφήτην
1597 577 1672 628 διὰ

49 667 298 730 5Περσῶν
348 686 398 714 τε
450 666 525 714 καὶ
571 665 849 730 Ἀσσυρίων
899 667 961 717 εἷς
1013 664 1242 715 Αἰθίοπας
1291 660 1397 715 τοὺς
1449 661 1671 711 ἐσωτάτω

89 750 327 797 ποιεῖσθαι
377 745 462 810 τὴν
506 745 792 811 ἀποδρομήν.
856 745 966 795 ἀλλ’
1007 745 1190 808 ἠλίθιον
1237 742 1363 807 οἶμαι
1408 742 1462 794 τὸ
1513 745 1673 810 χρῆμα

89 832 350 881 παντελῶς·
399 831 593 898 Θαρσεῖς
631 828 687 891 δὴ
729 828 809 878 οῦν
848 826 992 877 ε’ὀικεν
1023 828 1293 888 ἀποκαλεῖν,
1320 828 1382 878 ὡς
1407 825 1539 893 ἔφην,
1567 823 1673 877 τοὺς

90 910 188 959 νυνὶ
214 910 452 975 Ταρσούς·
503 910 714 960 Κιλίκων
742 908 789 960 δὲ
829 910 945 972 αὕτη
982 907 1135 970 πόλις,
1163 906 1216 958 τὸ
1246 906 1432 957 Κύδνου
1469 907 1673 957 πίνουσα
1692 934 1713 958 a
1741 925 1827 960 370
1843 923 1894 958 A.

91 996 229 1054 νᾶμα,
272 994 347 1042 καὶ
386 995 449 1046 εἷς
489 990 655 1045 αὐτοὺς
695 989 802 1044 τοῦς
841 990 1085 1056 πρόποδας
1125 994 1208 1039 τοῦ
1247 988 1436 1054 Ταύρου
1476 987 1671 1052 κειμένη·

12 1092 72 1116 110
91 1072 198 1139 ὅρος
236 1073 285 1125 δὲ
316 1079 453 1124 τοῦτο
495 1074 705 1124 Κιλίκων
738 1072 1052 1137 παμμέγεθες.
1114 1071 1298 1137 ἀπαίρει
1329 1076 1444 1136 γοῦν
1475 1070 1499 1120 ὁ
1536 1073 1670 1136 Προ-

92 1154 257 1224 φήτης,
299 1158 374 1207 καὶ
411 1155 657 1223 πρόφασις
696 1156 820 1224 αὐτῷ
858 1157 942 1218 τῆς
981 1154 1244 1217 ἀποδημίας
1283 1152 1336 1203 τὸ
1375 1156 1542 1221 φυγεῖν
1579 1151 1673 1203 ἀπὶ

91 1238 327 1307 προσώπου
352 1243 435 1287 τοῦ
463 1241 599 1288 Θεοῦ.
665 1237 865 1287 ἐνταῦθα
903 1235 1074 1287 λοιπὸν
1112 1237 1194 1286 οὐκ
1234 1233 1457 1301 ἀζήτητος
1498 1234 1607 1298 ἡμῖν
1647 1235 1673 1284 ὁ

92 1319 250 1384 λόγος,
276 1324 466 1382 μᾶλλον
501 1319 548 1370 δὲ
580 1322 662 1383 τῆς
688 1322 845 1388 φυγῆς
872 1320 896 1369 ὁ
923 1317 1111 1386 τρόπος.
1176 1315 1303 1381 οἶμαι
1334 1316 1390 1381 δὴ
1418 1317 1498 1367 οῦν
1526 1316 1596 1367 ὅτι
1621 1315 1674 1366 τὸ

92 1400 481 1467 παραιτήσασθαι
526 1400 612 1465 τὴν
650 1400 931 1465 ἀποστολὴν
970 1402 1046 1451 καὶ
1084 1402 1217 1451 οἱονεὶ
1263 1401 1550 1463 κατοκνῆσαι
1590 1397 1676 1461 τὴν

15 1501 73 1543 ,15
93 1483 340 1546 διακονίαν,
365 1482 504 1535 τοῦτό
531 1485 634 1534 ἐστι
659 1482 712 1535 τὸ
739 1486 895 1552 φυγεῖν
922 1483 1015 1534 ἀπο
1043 1482 1278 1553 προσώπου
1307 1487 1387 1533 τοῦ
1415 1485 1554 1532 Θεοῦ.

156 1564 356 1618 ”Απεισι
394 1566 442 1617 δὲ
482 1572 541 1621 εἰς
572 1570 766 1637 Θαρσεῖς
796 1567 895 1617 ἀνθ’
924 1565 1048 1628 ὅτου,
1075 1567 1150 1615 καὶ
1186 1563 1224 1626 ὅ,
1250 1587 1294 1614 τι
1333 1562 1675 1626 διεσκεμμένος,

93 1648 176 1699 οὐκ
202 1648 293 1717 ε”χω
321 1654 452 1700 νοεῖν.
516 1653 552 1700 εἰ
586 1647 651 1713 μὴ
687 1648 778 1714 ἄρα
808 1671 878 1702 τις
910 1649 1052 1698 ἐκεῖνο
1083 1648 1183 1698 καθ’
1213 1645 1377 1697 ἑαυτὸν
1402 1643 1674 1709 ἐννοήσειεν,
1693 1657 1720 1699 b

95 1729 166 1780 ὅτι
210 1729 352 1796 μικρά
405 1755 474 1785 τις
515 1733 589 1782 καὶ
628 1733 675 1782 ἐν
713 1732 851 1800 αὐτῷ,
891 1728 1012 1780 καθὰ
1050 1731 1124 1780 καὶ
1160 1730 1209 1779 ἐν
1241 1733 1337 1781 τοῖς
1362 1725 1676 1794 ἀρχαιοτεροις

96 1812 243 1878 ἁγίοις
269 1813 297 1877 ἡ
321 1815 425 1880 περὶ
452 1817 576 1864 Θεοῦ
603 1812 831 1881 διάληψις
856 1811 926 1877 ἧν·
975 1809 1124 1881 ᾤοντο
1149 1809 1242 1877 γάρ
1267 1833 1399 1872 τινες,
1425 1808 1569 1873 μόνης
1593 1811 1676 1872 τῆς

27 1917 76 1941 20
95 1895 332 1945 Ἰουδαίων
366 1895 523 1962 χώρας
562 1897 769 1963 ἀνῆφθαι
805 1894 859 1945 τὸ
898 1893 1068 1961 κράτος
1108 1893 1191 1944 τὸν
1230 1897 1324 1944 τῶν
1366 1891 1492 1943 ὅλων
1538 1888 1674 1953 Θεὸν,

95 1976 456 2028 συστέλλεσθαι
495 1976 542 2028 δὲ
580 1975 742 2044 ὥσπερ
768 1979 816 2027 ἐν
842 1977 959 2044 αὐτῇ
987 1978 1062 2026 καὶ
1088 1979 1175 2042 γῆς
1200 1976 1556 2026 ἀπανίστασθαι
1594 1976 1676 2037 τῆς

95 2058 265 2125 ἑτέρας.
318 2061 393 2109 καὶ
432 2065 548 2125 γοῦν
590 2061 614 2110 ὁ
660 2059 914 2113 θεσπέσιος
952 2058 1126 2119 Ἰακὼβ
1167 2058 1398 2125 ἀπεφοίτα
1435 2055 1519 2120 μὲν
1559 2054 1676 2106 κατὰ

96 2140 281 2207 καιροὺς
318 2144 400 2205 τῆς
438 2140 657 2211 πατρῴας
696 2142 868 2203 ἑστίας,
895 2142 1112 2206 ἠπείγετο
1150 2139 1198 2191 δὲ
1235 2138 1354 2205 πρὸς
1382 2137 1566 2200 Λάβαν,
1602 2139 1677 2188 καὶ

97 2227 160 2277 εἷς
193 2222 280 2287 τὴν
304 2223 458 2288 μέσην
484 2229 577 2275 τῶν
603 2228 845 2286 ποταμῶν.
889 2221 987 2273 εἶτα
1020 2221 1319 2288 κατηυλίζετο
1354 2219 1438 2285 μὲν
1464 2222 1511 2271 ἐν
1545 2220 1678 2288 χώρᾳ

30 2328 78 2366 25
97 2309 199 2369 τινὶ,
226 2305 362 2357 λίθον
388 2306 435 2357 δὲ
462 2308 645 2360 ὑποθεὶς
671 2310 728 2374 τῇ
756 2309 942 2373 κεφαλῇ
981 2304 1100 2356 κατὰ
1132 2303 1185 2355 τὸ
1217 2303 1376 2356 εἰωθὸς
1415 2302 1671 2354 ἐκάθευδεν.

97 2385 194 2439 εἶτα
218 2387 304 2453 τὴν
329 2389 536 2452 κλίμακα
561 2387 771 2439 τεθέαται
796 2387 882 2451 τὴν
908 2390 958 2438 ἐκ
983 2390 1070 2453 γῆς
1096 2386 1350 2450 διήκουσαν
1375 2389 1437 2438 εἷς
1464 2383 1672 2451 οὐρανὸν,
1693 2412 1714 2438 c

97 2472 173 2521 καὶ
211 2470 317 2524 τοὺς
356 2468 588 2537 ἀγγέλους
626 2476 708 2521 τοῦ
736 2473 860 2520 Θεοῦ
891 2466 1228 2531 ἀναβαίνοντας
1259 2491 1309 2519 τε
1340 2470 1417 2518 καὶ
1443 2467 1670 2528 καταβαί-

98 2575 262 2607 νοντας
297 2555 351 2605 δι’
393 2555 554 2618 αὐτῆς,
598 2551 995 2618 ἐπεστηριγμένον
1032 2550 1080 2602 δὲ
1120 2551 1169 2601 ἐν
1206 2551 1322 2618 αὐτῇ
1362 2548 1444 2601 τὸν
1486 2549 1675 2616 Κύριον.

147 2721 178 2745 2.
203 2709 261 2755 τὰ]
282 2714 319 2751 -Ι-
336 2713 402 2744 τῶν
420 2709 511 2744 Edd.
530 2710 648 2744 invitis
668 2708 762 2742 B.D.
811 2707 942 2753 γένοιτο
962 2707 1008 2741 D.
1150 2717 1184 2751 3.
1204 2705 1314 2749 ΙῙόπης
1332 2705 1380 2739 D.
1524 2717 1556 2747 4.
1575 2706 1678 2750 τυχὸν

98 2762 319 2802 assumptum
338 2769 379 2791 ex
400 2757 491 2791 BD.
690 2755 724 2789 6.
749 2756 807 2789 τὸν
824 2755 1017 2799 ἀπόδρομον
1034 2753 1126 2787 Edd.
1175 2751 1265 2796 οἶμαι
1283 2758 1504 2797 assumptum
1522 2764 1564 2785 ex
1585 2752 1677 2786 B.D.

0 2827 1 2857 Ῑ
101 2812 132 2849 7.
158 2804 202 2839 ὣς
219 2805 304 2849 ἔφην
322 2803 448 2838 desunt
466 2804 501 2837 in
520 2802 611 2837 Edd.
833 2802 865 2835 8.
893 2804 949 2835 νῦν
967 2800 1025 2834 iid.
1075 2815 1111 2834 τε
1128 2812 1191 2844 pro
1208 2800 1244 2833 δὲ
1264 2800 1310 2834 D.
1533 2811 1566 2844 9.
1592 2798 1678 2832 Ταύ-

0 2861 2 2906 ἱ
98 2865 160 2895 ρου
179 2851 225 2884 D.
243 2853 380 2895 Ταρσοῦ
400 2850 490 2884 Edd.
674 2860 726 2883 10.
752 2850 834 2894 γοῦν
854 2848 894 2882 Β.
913 2848 974 2892 μὲν
992 2848 1038 2881 D.
1055 2847 1116 2891 μὲν
1133 2846 1190 2881 οὖν
1209 2846 1297 2880 Edd.
1473 2855 1593 2890 12—15.
1620 2846 1677 2879 Ab

0 2916 4 2951 Ι
99 2900 187 2931 θεοῦ
204 2897 246 2931 ad
266 2900 354 2931 Θεοῦ
371 2897 519 2931 transilit
538 2897 583 2931 D.
684 2905 735 2940 15.
765 2895 861 2929 Haec
878 2896 977 2929 τοῦτό
995 2895 1069 2928 ἐστι
1087 2899 1306 2928 accesserunt
1323 2904 1364 2926 ex
1385 2892 1426 2926 B.
1536 2893 1587 2926 16.
1613 2893 1677 2927 πά-

0 2953 3 2956 ·
98 2958 189 2987 ρεισι
207 2944 298 2979 Edd.
317 2944 432 2977 invitis
454 2944 544 2977 B.D.
674 2953 726 2987 17.
754 2942 903 2985 νοήσειεν
924 2942 968 2975 D.
1115 2941 1168 2974 18.
1195 2940 1302 2974 καθὼς
1320 2939 1410 2972 Edd.
1544 2950 1598 2973 21.
1616 2941 1678 2984 γῆς

99 3001 169 3026 om.
190 2991 235 3024 D.
364 3000 418 3034 25.
446 2990 570 3026 ἐπιθεὶς
587 2989 621 3024 b.
640 2989 757 3023 invitis
777 2989 821 3023 D.
843 2988 933 3022 Edd.
983 2990 1021 3023 τὸ
1039 2993 1259 3032 assumptum
1277 2999 1317 3021 ex
1338 2986 1429 3021 B.D.
1561 2997 1614 3031 27.
1641 3001 1676 3020 τε

101 3048 170 3071 om.
190 3037 267 3071 B.b.
287 3037 390 3071 habet
411 3037 455 3071 D.

158 3103 249 3132 voL.
274 3105 300 3131 1.
856 3105 883 3142 4
906 3103 931 3130 D
