2021 3434
111 233 149 260 v,
178 232 210 260 1.
505 221 579 261 IN
620 221 1004 262 MICHAEAM.
1066 221 1218 262 TOM.
1251 221 1311 262 ΙΙ.
1603 221 1684 261 673

109 328 389 395 δράγματος.
483 332 584 396 ἥλω
640 331 686 382 δέ
738 334 811 382 καὶ
861 331 1113 382 ἀπόλωλεν
1159 331 1186 394 ἡ
1240 334 1556 396 Σαμαρειτῶν,
1611 332 1686 379 καὶ

108 409 419 475 δεδαπάνηται
445 416 511 481 τῷ
545 413 751 481 πολέμῳ,
781 415 854 463 καὶ
892 415 996 477 περὶ
1035 414 1176 474 αὐτῆς
1212 414 1373 479 φησὶν,
1403 414 1464 464 ὡς
1502 413 1679 480 ἐμφρα-
1705 437 1726 459 a
1753 427 1839 460 434
1855 426 1904 459 A.

106 490 322 554 χθήσεταί
358 517 409 544 τε
452 496 527 545 καὶ
565 493 902 561 ἐνσχεθήσεται
942 492 1263 560 καθορίζοντος
1303 492 1523 558 δηλονότι
1562 496 1685 544 Θεοῦ

106 571 160 623 τὸ
200 574 248 623 ἐν
279 579 442 642 συνοχῇ
477 576 697 640 γενέσθαι
732 577 806 626 καὶ
841 579 1007 643 χρῆναι
1045 579 1211 626 παθεῖν
1245 575 1402 638 αὐτήν.
1467 573 1686 642 θυγατέρα

65 654 155 705 536x
194 662 276 706 τοῦ
313 657 515 725 Ἐφραὶμ
553 655 761 722 ὀνομάζει
797 656 882 720 τὴν
924 657 1202 722 Σαμάρειαν,
1237 656 1382 722 ἤγουν
1420 655 1505 720 τὴν
1544 658 1591 707 ἐν
1628 661 1686 724 τῇ

106 741 346 808 Σαμαρείᾳ
381 742 585 804 πληθύν.
652 742 767 792 ε”οικε
802 741 895 806 γάρ
928 765 1027 794 πως
1058 744 1106 791 ἐν
1132 740 1260 809 τάξει
1296 745 1476 792 κεῖσθαι
1509 740 1686 808 πατρὸς

104 825 201 874 τοῖς
235 822 579 888 ὑπεζευγμένοις
610 825 634 873 ὁ
669 824 920 884 βασιλείαν
954 823 1333 886 πεπιστευμένος.
1399 824 1681 883 βεβασιλεύ-

105 925 218 953 κασι
249 902 296 953 δὲ
327 907 410 967 τῆς
442 905 705 970 Σαμαρείας
743 909 784 955 οἱ
815 905 871 973 ἐξ
891 905 1120 971 Ἐφραίμ.
1188 905 1322 955 ε”σται
1358 904 1413 968 δὴ
1446 906 1526 955 οὖν
1552 906 1686 955 ε”σται

105 987 255 1051 φησὶν
296 984 392 1036 οἷον
431 987 709 1054 περίσχετος
747 988 821 1037 καὶ
863 987 1144 1053 διεζωσμένη
1179 992 1274 1039 τοῖς
1312 991 1406 1037 τῶν
1447 987 1686 1050 πολεμίων

23 1087 86 1137 γιο
105 1065 265 1130 δήμοις
302 1068 330 1131 ἡ
366 1071 683 1134 Σαμαρειτῶν,
720 1067 762 1119 οἳ
797 1071 1042 1135 μονονουχὶ
1075 1069 1150 1118 καὶ
1188 1066 1463 1137 wardiam-av
1490 1073 1548 1122 εἰς
1583 1093 1683 1119 ona-
1705 1077 1731 1117 b

104 1150 215 1214 γάνει
255 1148 413 1213 αὐτὴν,
454 1151 508 1200 οὐ
547 1152 684 1217 χερσὶ
722 1150 989 1217 ῥαπίζοντες
1035 1148 1275 1217 ἐχομέναις
1317 1153 1516 1218 φειδοῦς,
1555 1150 1685 1200 ἀλλά

104 1232 180 1281 καὶ
233 1231 425 1297 ῥάβδοις
487 1231 818 1296 συντρίβοντες
880 1234 954 1282 καὶ
1018 1230 1378 1298 καταικιζόμενοι
1441 1234 1680 1300 σφοδρῶς.

104 1314 322 1375 σημαίνει
360 1313 407 1363 δὲ
445 1313 520 1363 διὰ
559 1314 736 1364 τούτων
773 1312 890 1379 πρὸς
934 1318 1033 1367 ταῖς
1075 1316 1276 1377 ἀτιμίαις
1315 1315 1389 1364 καὶ
1429 1313 1686 1364 δύσοιστον

105 1393 216 1444 ὄντα
241 1397 323 1458 τῆς
348 1396 677 1462 αἰχμαλωσίας
711 1394 793 1445 τὸν
818 1394 977 1446 πόνον.
1043 1397 1226 1457 ἀτιμίας
1260 1395 1344 1459 μὲν
1369 1394 1462 1461 γὰρ
1488 1395 1685 1458 σημεῖόν

38 1493 84 1531 15
103 1477 234 1526 ἐστιν
269 1478 351 1527 οὐκ
392 1477 662 1542 ἀμφίλογον
698 1476 758 1527 τὰ
790 1483 847 1532 εἰς
887 1482 1078 1543 σιαγόνα
1115 1479 1408 1545 ῥαπίσματα.
1468 1481 1504 1527 εἰ
1540 1477 1588 1528 δὲ
1627 1477 1683 1541 δὴ

104 1563 254 1608 νοοῖτο
274 1561 347 1609 καὶ
374 1557 450 1608 διὰ
472 1556 636 1627 ῥοίβδου
662 1558 893 1624 γενέσθαι,
916 1559 1108 1627 φορέσει
1134 1559 1321 1613 πάντως
1347 1559 1401 1610 τὸ
1427 1557 1684 1626 μοχθηρὸν,

103 1642 178 1690 καὶ
215 1638 269 1691 τὸ
308 1639 404 1690 οἷον
436 1641 585 1708 οἰκέτῃ
615 1642 808 1707 πρέπον.
878 1642 1040 1703 ἄτιμος
1075 1643 1155 1691 οὖν
1189 1642 1323 1691 ἔσται
1363 1644 1485 1707 φησι
1523 1643 1597 1691 καὶ
1637 1644 1684 1692 ἐν

103 1724 267 1775 αἰκίαις
300 1724 376 1772 καὶ
409 1721 567 1776 πόνοις
599 1723 627 1786 ἡ
660 1721 749 1773 ὑπὸ
780 1727 874 1773 τῶν
907 1725 956 1773 ἐκ
988 1727 1144 1790 φυλῆς
1176 1723 1388 1790 Ἐφραὶμ
1424 1729 1680 1784 βασιλευο-

103 1802 214 1867 μένη
243 1804 494 1870 Σαμάρεια.
1703 1826 1725 1852 C

36 1905 85 1930 20
177 1885 318 1936 Ἀλλ’
341 1886 372 1950 ἥ
395 1909 449 1951 γε
475 1891 557 1936 τοῦ
580 1886 799 1940 παίοντος
825 1886 1022 1952 ἀργήσει
1050 1889 1164 1954 χεὶρ,
1188 1887 1411 1952 ἄγευστοι
1438 1885 1485 1937 δὲ
1510 1892 1677 1949 μενοῦ-

54 2019 57 2023 ,
100 1989 187 2029 μεν
212 1968 373 2031 αἰκίας,
400 1972 438 2018 εὶ
469 1971 609 2019 παντὶ
648 1968 703 2032 δὴ
744 1968 898 2019 σθένει
935 1970 1272 2035 παραιτοίμεθα
1309 1967 1363 2019 τὸ
1402 1968 1684 2033 καταθήγειν

103 2050 174 2117 ἐφ’
204 2050 380 2102 ἑαυτοῖς
405 2052 466 2103 εἰς
492 2049 636 2115 ὀργὰς
666 2049 748 2100 τὸν
775 2054 867 2100 τῶν
894 2050 1021 2101 ὅλων
1050 2050 1224 2117 Κύριον
1249 2050 1323 2101 διά
1354 2074 1425 2101 τοι
1457 2056 1540 2100 τοῦ
1568 2052 1683 2115 δρᾶν

103 2128 134 2180 ἃ
165 2130 228 2195 μὴ
265 2132 393 2194 θέμις
431 2134 506 2182 καὶ
540 2136 775 2183 ποιεῖσθαι
813 2133 1226 2199 περισπούδαστον
1263 2131 1316 2183 τὸ
1351 2132 1683 2200 ἀπηχθημένον

102 2213 241 2281 αὐτῷ.
309 2218 531 2277 τιμῶντες
571 2215 618 2264 δὲ
668 2219 858 2277 μᾶλλον
904 2219 1004 2268 ταῖς
1054 2214 1309 2267 ἐπιεικείαις
1352 2214 1556 2278 ἐσόμεθα
1599 2218 1682 2277 τῆς

35 2314 83 2352 25
102 2295 342 2360 εὐημερίας
389 2298 437 2346 ἐν
488 2301 634 2366 καλῷ,
680 2297 900 2362 λαμπρόν
940 2320 988 2348 τε
1038 2298 1112 2347 καὶ
1157 2296 1448 2365 ἀξιόληπτον
1492 2299 1681 2361 ἀληθῶς

102 2376 379 2444 διαζήσομεν
416 2378 537 2437 βίον.

149 2608 181 2642 3.
208 2610 245 2632 τε
262 2604 485 2644 assumptum
503 2611 545 2633 ex
563 2599 654 2633 AB.
705 2598 922 2643 ἐνεχθὴσεται
940 2610 1003 2643 pro
1021 2598 1156 2643 ἐνσχεθ.
1176 2599 1218 2633 Α.
1412 2608 1444 2642 5.
1471 2601 1529 2632 τοῦ
1546 2611 1616 2633 om.
1635 2601 1678 2634 A.

102 2646 141 2687 τῇ
161 2651 381 2690 assumptum
399 2658 440 2679 ex
457 2647 501 2680 A.
681 2655 712 2690 7.
738 2644 1007 2690 ὑπεζευγμένοις]
1027 2645 1253 2688 ὑποκειμένοις
1271 2645 1362 2680 Edd.
1409 2646 1681 2685 βεβασιλεύκασι

102 2690 139 2724 δὲ
156 2692 215 2734 τῆς
232 2696 267 2726 Σ.
285 2691 332 2737 οἱ]
352 2693 580 2733 βεβασίλευκε
599 2693 635 2726 δέ
653 2695 712 2736 τῆς
729 2697 764 2726 Σ.
784 2694 801 2725 ὁ
819 2692 878 2726 iid.
1073 2693 1106 2726 8.
1132 2693 1229 2726 ἕσται
1247 2694 1305 2726 alt.
1323 2698 1356 2726 et
1373 2690 1445 2726 οἷον
1461 2701 1682 2727 accesserunt

102 2749 144 2771 ex
162 2738 205 2771 A.
518 2750 571 2773 10.
599 2741 741 2783 σιαγόνα
759 2740 802 2772 Α.
821 2740 982 2784 σιαγόνας
999 2738 1092 2772 Edd.
1409 2750 1461 2773 11.
1488 2739 1678 2785 ἐχομέναις]

102 2783 264 2828 ἑπομένης
283 2784 325 2818 Β.
440 2797 494 2820 12.
520 2787 573 2819 καὶ
591 2787 687 2829 prius
705 2790 928 2831 assumptum
947 2797 988 2818 ex
1009 2785 1050 2819 B.
1166 2796 1218 2830 13.
1243 2784 1370 2819 τούτων
1388 2785 1430 2820 Β.
1448 2785 1569 2820 τούτου
1587 2786 1680 2820 Edd.

106 2841 162 2872 14.
190 2832 330 2874 σημεῖόν
347 2831 442 2867 ἐστιν
458 2832 524 2866 hoc
542 2832 664 2866 ordine
681 2831 771 2865 A.B.
974 2841 1026 2876 15.
1051 2832 1250 2877 ἀμφίβολον
1267 2831 1359 2866 Edd.
1410 2834 1570 2877 σιαγόνας
1588 2833 1679 2867 Edd.

101 2877 221 2911 invitis
239 2877 330 2911 A.B.
581 2888 633 2923 17.
660 2876 729 2912 οἷον
746 2878 790 2913 A.
809 2878 930 2912 οἷκεῐον
948 2878 1039 2912 Edd.
1060 2878 1234 2912 Neutrum
1252 2878 1355 2912 habet
1374 2878 1415 2912 B.
1479 2880 1568 2913 ἕστω
1588 2879 1678 2914 Edd.

107 2924 160 2958 18.
187 2927 253 2957 τῶν
269 2924 304 2957 ἐκ
324 2924 364 2958 Β.
383 2926 441 2967 τῆς
457 2925 517 2959 iid.
917 2936 971 2958 20.
998 2924 1081 2970 εἴγε
1099 2936 1161 2969 pro
1179 2925 1200 2968 ἡ’
1215 2940 1254 2970 γε
1272 2926 1315 2959 A.
1364 2928 1423 2959 τοῦ
1441 2931 1474 2960 et
1491 2926 1526 2960 δὲ
1545 2938 1614 2960 om.
1634 2927 1678 2961 A.

104 2980 159 3005 21.
184 2970 434 3014 παραιτούμεθα
452 2973 495 3006 Α.
687 2971 812 3014 24-26.
838 2972 1120 3015 τιμῶντες-βίον
1138 2971 1264 3006 desunt
1281 2972 1317 3006 in
1334 2971 1376 3006 B.
1543 2984 1596 3016 24.
1622 2975 1680 3017 τῆς

102 3016 292 3062 εὐημερίας]
312 3020 383 3054 ταῖς
401 3019 587 3063 εὐημερίαις
605 3017 697 3053 Edd.
889 3029 942 3061 25.
974 3018 1009 3052 δέ
1027 3030 1090 3063 pro
1107 3033 1142 3052 τε
1160 3019 1203 3054 A.

159 3084 252 3114 voL.
275 3086 303 3114 1.
857 3087 884 3124 4
907 3086 931 3112 u
