2021 3434
114 181 172 227 iii.
202 199 264 227 12.
588 189 661 229 IN
704 189 895 230 AMOS.
955 189 1104 229 TOM.
1138 189 1198 229 II.
1604 185 1686 224 433

114 294 378 361 φρονηκόσι
421 299 492 346 καὶ
537 298 890 360 ἀνθισταμένοις
928 299 995 348 ἀεὶ
1035 301 1092 364 τῇ
1133 300 1214 346 τοῦ
1255 293 1408 344 Ἰούδα
1446 293 1592 360 φυλῇ.
1656 315 1686 340 σι

111 375 196 437 μὲν
233 375 327 442 γὰρ
363 380 568 433 οἰκοῦντες
602 378 686 443 τὴν
725 379 982 448 Σαμάρειαν
1020 379 1220 443 ἥλωσαν
1258 374 1375 426 κατὰ
1407 373 1587 441 κράτος,
1614 373 1688 422 Καὶ

110 457 428 524 πεπόρθηνται
468 460 576 526 παρ’
617 463 810 527 ἐχθρῶν,
849 463 923 511 καὶ
968 458 1326 523 δαπανήσαντος
1365 461 1446 507 τοῦ
1479 453 1688 517 πολέμου

110 542 356 608 μονονουχὶ
392 541 684 605 σύμπαντας,
717 543 871 607 ὀλίγοι
905 545 1070 610 κομιδῇ
1109 540 1384 606 διεσώζοντο
1422 536 1572 601 μόλις,
1613 537 1687 586 καὶ

69 625 203 671 5τῶν
241 623 502 674 τεθνεώτων
545 625 754 692 λείψανα
794 623 1106 688 μεμενήκασιν
1144 625 1191 673 ἐν
1234 625 1290 689 τῇ
1332 620 1476 688 χώρᾳ.
1542 617 1688 683 ἤγουν

110 705 184 753 καὶ
240 703 345 754 καθ’
399 705 554 771 ἕτερον
601 704 777 770 τρόπον
834 704 1188 774 ἑξεσποίσθησαν,
1240 706 1301 756 ὡς
1354 703 1404 753 ἐκ
1464 702 1687 767 στόματος

109 784 287 840 λέοντος.
341 786 699 851 ἀπενηνεγμένοι
732 786 816 850 μὲν
854 790 916 840 εἷς
942 785 1027 850 τὴν
1051 785 1339 851 Ἀσσυρίων,
1373 781 1606 835 ἀνεθέντες
1640 779 1687 832 δὲ

108 865 227 916 κατὰ
252 867 434 933 καιροὺς
465 870 545 931 τῆς
571 869 918 934 αἰχμαλωσίας,
950 867 1281 930 ὑπενόστησαν
1304 864 1396 931 γὰρ
1422 865 1474 914 οὐ
1501 861 1684 925 πάντες,
1704 889 1724 915 e

108 949 216 998 ἀλλ’
261 949 414 1014 ὀλίγοι
459 954 701 1003 παντελῶς
746 955 839 1000 τῶν
880 949 1294 1012 ἀποκομισθέντων
1335 947 1558 1013 λείψανα.
1614 944 1684 995 ὅτι

41 1049 88 1075 10
108 1029 155 1081 δὲ
205 1033 278 1081 καὶ
329 1030 413 1095 τὴν
463 1032 719 1101 Acelum->ch
770 1034 919 1082 ἀνεῖλε
963 1030 1080 1081 κατὰ
1125 1027 1308 1096 καιροὺς
1354 1029 1378 1078 ὃ
1422 1026 1685 1092 Ἀσσύριος

107 1113 524 1181 Θεγλαφαλασάρ,
552 1116 625 1164 καὶ
655 1113 911 1182 μετῴκισεν
938 1116 998 1166 εἰς
1025 1112 1109 1176 τὴν
1135 1112 1298 1162 ἑαυτοῦ
1324 1113 1426 1175 γῆν,
1453 1110 1598 1160 παντί
1618 1131 1683 1178 τῳ
1746 1142 1765 1168 4
1782 1129 1863 1180 Reg.

104 1193 272 1261 σαφὲς,
301 1195 508 1261 καθάπερ
546 1193 735 1264 ἐγῷμαι·
780 1197 840 1248 ὡς
875 1193 966 1261 γὰρ
1006 1195 1053 1244 ἐν
1092 1195 1148 1261 τῇ
1187 1191 1382 1258 τετάρτῃ
1414 1195 1508 1241 τῶν
1533 1195 1680 1250 βασι·
1745 1184 1809 1205 m'
1833 1185 1900 1216 7-9·

104 1280 242 1326 λειῶν
268 1274 541 1343 γέγραπται,
570 1277 794 1341 κέκληταί
815 1299 927 1328 ποτε
955 1275 1072 1342 πρὸς
1099 1275 1363 1340 ἐπικουρίαν
1385 1274 1494 1338 παρ’
1523 1273 1683 1339 Ὀζιόυ

103 1364 186 1409 τοῦ
220 1358 457 1419 βασιλέως
481 1360 648 1421 Ἰούδα,
675 1358 1009 1422 πολεμούντων
1035 1360 1159 1426 αὐτῷ
1197 1356 1250 1408 τὸ
1289 1354 1501 1420 τηνικάδε
1534 1356 1682 1406 Φακεὲ

40 1452 84 1490 Ι5
103 1445 186 1491 τοῦ
218 1441 463 1505 Ῥομελιόυ
499 1440 735 1501 βασιλέως
769 1439 982 1507 Ἰσραὴλ,
1022 1442 1095 1491 καὶ
1130 1440 1284 1503 μέντοι
1323 1440 1397 1488 καὶ
1422 1437 1720 1488 Ῥαασσὼνει
1752 1453 1836 1486 285
1851 1453 1899 1486 A.

102 1523 343 1580 βασιλέως
369 1524 551 1590 Συρίας.
609 1524 864 1592 ἀφιγμένος
892 1523 939 1574 δὲ
965 1521 1046 1573 τόν
1070 1545 1120 1573 τε
1144 1520 1402 1572 (Ραασσὼν
1434 1519 1679 1582 ἀπέκτεινε,

102 1607 177 1655 καὶ
203 1605 347 1670 αὐτὴν
372 1605 466 1657 εἷλε
492 1606 577 1670 τὴν
605 1608 877 1674 Δαμασκόν.

177 1691 235 1738 Εἰ
269 1687 316 1739 δὲ
357 1687 412 1752 δή
448 1712 515 1742 τις
547 1689 703 1739 ἕλοιτο
744 1690 818 1738 καὶ
864 1689 937 1738 ἐπὶ
977 1685 1155 1739 πάντας
1202 1684 1473 1751 ἀνθρώπους
1513 1683 1597 1747 τὴν
1632 1686 1681 1735 ἐκ

101 1773 194 1819 τῶν
242 1769 555 1837 προκειμένων
618 1768 821 1821 διάνοιαν
877 1770 1141 1837 ἀποφέρειν,
1196 1769 1277 1818 οὐκ
1341 1765 1433 1817 ἀπὸ
1496 1772 1680 1818 σκοποῦ

36 1870 83 1895 20
99 1853 341 1911 βαδιεῖται.
405 1851 603 1916 συνήσει
648 1851 740 1918 γὰρ
793 1850 849 1915 δὴ
899 1853 973 1902 καὶ
1019 1852 1125 1901 λίαν
1170 1851 1332 1915 ὀρθῶς,
1373 1851 1513 1899 ἐκεῖνο
1556 1850 1676 1898 διεν-

100 1933 398 1998 θυμούμενος,
451 1937 512 1988 ὡς
563 1935 748 1999 ἥρπασε
810 1933 894 1995 μὲν
945 1935 969 1984 ὁ
1023 1936 1231 1985 σατανᾶς
1281 1934 1355 1982 καὶ
1406 1930 1681 1994 κατεδήδοκε

100 2016 206 2070 τοὺς
241 2019 314 2068 ἐπὶ
344 2020 426 2081 τῆς
460 2020 560 2082 γῆς,
591 2015 753 2082 ὥσπερ
786 2039 830 2067 τι
861 2015 1020 2082 θηρίον
1051 2014 1292 2080 ἀνήμερον,
1329 2014 1438 2064 ἀλλ’
1467 2013 1676 2081 ἐπεφάνη

100 2100 175 2149 καὶ
219 2098 507 2164 βεβοήθηκεν
547 2099 646 2150 “‘O
686 2097 844 2166 ποιμὴν
883 2099 907 2148 ὁ
947 2097 1105 2159 καλὸς,
1149 2097 1174 2147 ὁ
1212 2095 1296 2159 τὴν
1335 2094 1497 2164 ψυχὴν
1535 2097 1676 2147 αὐτοῦ
1695 2109 1718 2149 b
1737 2108 1766 2138 S.
1784 2109 1884 2141 Joan.

89 2188 127 2213 “
152 2184 244 2236 θεὶς
286 2182 399 2248 ὑπὲρ
440 2186 534 2232 τῶν
572 2179 866 2247 προβάτων,”
904 2183 978 2230 καὶ
1020 2179 1273 2248 ἐξέσπασεν
1311 2179 1443 2241 ἡμᾶς,
1481 2178 1588 2231 τούς
1625 2201 1674 2228 τε
1735 2162 1835 2184 Χ’Π’

33 2280 80 2318 25
100 2264 148 2314 ἐν
173 2269 267 2318 τοῖς
301 2263 415 2331 ζῶσι
452 2262 885 2327 ὑπολελειμμένους,
913 2264 987 2312 καὶ
1021 2260 1127 2314 τοὺς
1160 2262 1246 2324 7ἴδη
1284 2265 1551 2313 τεθνεῶτας.
1613 2263 1673 2314 ὡς

98 2344 192 2413 γάρ
236 2350 386 2416 φησιν
426 2347 450 2396 ὁ
487 2346 711 2412 μακοίριος
745 2344 1009 2414 ψαλμωδός
1041 2351 1067 2372 “
1089 2342 1187 2396 Τὰς
1221 2343 1371 2406 μύλας
1410 2347 1502 2393 τῶν
1538 2342 1670 2393 λεόν-
1734 2343 1786 2373 Ps.
1807 2343 1874 2375 lvii.

148 2535 178 2558 Ι.
203 2526 263 2558 τοῦ
281 2523 375 2558 ἶούδα
394 2524 436 2557 Β.
455 2523 547 2557 ἶούδα
568 2524 609 2557 Α.
628 2525 694 2557 τῶν
710 2521 879 2556 Ἰουδαίων
898 2522 989 2556 Edd.
1412 2532 1442 2555 2.
1470 2521 1522 2554 καὶ
1540 2533 1610 2555 om.
1628 2523 1671 2556 A.

98 2583 131 2613 4.
157 2569 375 2616 διεσώζοντο]
395 2571 619 2614 διεκομίζοντο
638 2569 729 2604 Edd.
747 2570 864 2603 invitis
881 2569 972 2602 A.B.
1240 2568 1273 2602 6.
1299 2568 1342 2603 ὡς
1359 2579 1428 2602 om.
1446 2569 1489 2601 A.
1507 2568 1611 2602 habet
1631 2569 1672 2604 B.

99 2626 131 2663 7.
157 2617 369 2663 ἅνηνεγμένοι
387 2617 475 2662 (Sic)
494 2618 537 2651 A.
585 2615 796 2661 Ἀσσυρίων]
813 2616 1004 2659 Ἀσσυρίαν
1026 2614 1116 2649 Edd.
1134 2615 1243 2649 invito
1261 2616 1304 2649 A.
1355 2614 1478 2648 Statim
1503 2614 1673 2651 ἀνεθέντες

97 2664 189 2699 Α.Β.
207 2664 337 2700 ἀνέντες
355 2663 446 2699 Edd.
543 2664 575 2697 8.
601 2664 667 2707 γὰρ
684 2664 722 2697 οὐ
739 2664 859 2697 πάντες
876 2662 965 2696 Α.Β.
982 2663 1102 2697 πάντες
1117 2662 1178 2705 μὲν
1195 2664 1234 2695 οὔ
1253 2661 1343 2695 Edd.
1440 2674 1472 2707 9.
1499 2660 1609 2706 ὀλίγοι
1626 2663 1668 2696 A.

97 2710 198 2756 ὀλίγα
213 2711 274 2745 iid.
391 2722 444 2744 10.
471 2710 581 2744 ἀνεῖλε
598 2711 680 2743 κατὰ
697 2710 828 2754 καιροὺς
845 2709 888 2742 A.
908 2710 989 2742 κατὰ
1007 2709 1138 2752 καιροὺς
1155 2706 1245 2742 εἷλεν
1263 2708 1305 2742 Β.
1323 2708 1406 2742 κατὰ
1423 2723 1452 2742 κ.
1470 2705 1559 2754 εἶχεν
1577 2708 1668 2743 Edd.

101 2768 154 2791 11.
179 2759 242 2803 γῆν
259 2763 480 2801 assumptum
497 2769 538 2791 ex
556 2758 599 2791 A.
698 2767 750 2801 13.
780 2755 875 2789 Haec
891 2755 968 2800 παρ’
985 2754 1099 2798 Ὀζίου
1116 2761 1296 2799 assumpta
1312 2767 1353 2788 ex
1371 2755 1460 2789 AB.
1559 2766 1612 2798 14.
1631 2757 1668 2790 τὸ

97 2811 316 2849 assumptum
336 2816 376 2837 ex
391 2804 434 2837 A.
623 2802 675 2837 16.
700 2804 777 2836 τότε
795 2814 857 2847 pro
874 2804 932 2835 τόν
948 2817 984 2835 τε
1002 2802 1044 2836 Α.
1214 2813 1266 2845 19.
1293 2800 1374 2846 τῶν]
1394 2804 1452 2844 τῆς
1470 2801 1557 2847 (sic)
1575 2802 1668 2836 Edd.

97 2851 245 2885 διάνοιαν
261 2851 305 2884 Α.
324 2849 462 2893 δύναμιν
481 2849 571 2883 Edd.
793 2860 848 2882 22.
875 2850 992 2893 ὥσπερ
1009 2863 1040 2882 τι
1058 2848 1172 2893 θηρίον
1188 2848 1351 2892 ἀνήμερον
1368 2849 1458 2883 A.B.
1477 2849 1530 2882 καὶ
1547 2849 1670 2893 θηρίων

96 2897 266 2941 ἀνημέρων
283 2897 468 2942 δεινότερον
486 2896 577 2930 Edd.
721 2907 775 2938 24.
800 2896 853 2929 καὶ
871 2901 1090 2940 assumptum
1109 2908 1150 2929 ex
1170 2895 1211 2930 B.
1230 2895 1327 2930 deest
1343 2896 1379 2929 in
1396 2896 1440 2929 A.
1561 2906 1616 2941 25.
1636 2897 1671 2930 ἐν

96 2945 166 2979 τοῖς
183 2945 211 2987 ζ.
229 2943 531 2987 ὑπολελειμμένους
550 2942 591 2976 Β.
609 2942 915 2986 ὑπολελειμμένους
932 2942 966 2976 ἐν
983 2944 1064 2985 ζῶσι
1083 2942 1173 2976 Edd.
1430 2942 1485 2978 26.
1510 2945 1671 2989 μακάριος

97 2998 318 3035 assumptum
335 3003 376 3025 ex
393 2990 484 3025 AB.
535 2989 659 3024 Statim
676 2990 866 3037 ψαλμῳδός
882 2990 925 3023 A.
942 2988 1132 3037 ψαλμῳδὴς
1151 2989 1192 3024 B.
1210 2990 1359 3035 ψάλλων
1376 2989 1467 3024 Edd.

152 3059 244 3088 VOL.
270 3060 297 3088 1.
857 3059 880 3100 3
902 3058 931 3086 K
