2021 3434
101 238 156 280 vi.
181 252 220 293 9,
248 252 310 280 10.
524 240 598 281 IN
639 240 881 281 OSEAM.
943 239 1095 280 TOM.
1139 238 1217 278 IV.
1594 236 1677 274 149

102 352 215 402 ἀλλ’
243 352 297 402 οὐ
321 351 457 420 μέχρι
481 352 646 405 τούτου
671 357 765 404 τῶν
790 354 1098 404 Γαλααδιτῶν
1123 349 1183 401 τὰ
1207 346 1495 415 ἐγκλήματα.
1560 342 1679 411 πρὸς
1698 374 1718 399 e

101 432 195 501 γὰρ
238 437 304 503 τῷ
348 431 525 506 κρύψαι
570 434 655 500 τὴν
707 432 794 488 ὁδον
840 437 988 501 Κυρίου
1037 435 1113 484 καὶ
1156 428 1444 483 ἀπεκτόνασι
1484 429 1679 495 Σίκιμα,

101 517 267 583 χερσὶν
299 517 611 586 ὑποφέροντες
641 522 933 587 λῃστρικαῖς.
1001 515 1076 567 διὰ
1101 514 1195 581 γὰρ
1220 518 1358 564 τοῦτο
1392 511 1467 563 καὶ
1502 509 1682 579 ἔφασκε

102 620 220 664 προς
245 596 330 662 Τὴν
356 599 554 651 Γαλαάδ
580 608 607 630 “
628 602 723 651 Και
757 600 785 665 ἡ
817 599 954 667 ἰσχύς
988 621 1080 650 σου
1120 599 1182 650 ὡς
1220 593 1387 661 ἀνδρὸς
1412 597 1648 659 πειρατοῦ.
1654 592 1678 607 ”
1743 594 1850 634 Supra

0 666 1 683 ,
1743 649 1810 669 ver.
1828 647 1860 678 9.

0 693 3 726 ἰ
62 697 84 735 5
105 679 191 745 ὅρα
241 678 289 731 δὲ
339 704 466 735 οπως
517 686 579 736 εἰς
629 681 894 747 ἀνάμνησιν
935 684 1017 745 τῆς
1064 678 1260 746 ἀρχαίας
1306 676 1425 740 ἡμᾶς
1476 674 1684 741 ιστορίας

0 769 2 773 ’
104 761 326 830 ἀποφερει
362 762 498 822 Θεὸς,
543 787 619 815 και
663 769 880 816 παλαιῶν
917 761 1224 830 ἐγκλημάτων
1263 758 1566 823 διαμέμνηται
1602 761 1684 807 τοῦ

106 843 233 895 Λευῖ.
300 844 403 896 ἔστι
429 844 528 896 δὲ”
505 870 529 897 ο
556 851 678 915 φημι
700 846 910 898 τοιοῦτόν
935 869 978 897 τι
1002 843 1165 897 πάλιν.

179 928 303 978 Δίνα
338 926 422 992 μὲν
452 927 546 995 γὰρ
580 929 607 993 ἡ
645 935 728 980 τοῦ
752 928 940 990 Ἰακὼβ,
973 928 1075 993 ἤτοι
1108 932 1190 978 τοῦ
1217 922 1420 991 Ἰσραὴλ
1455 920 1681 987 θυγάτηρ·

105 1007 464 1073 μετωνόμασται
487 1010 581 1077 γὰρ
606 1011 781 1073 Ἰακὼβ
806 1015 868 1065 εἰς
890 1034 972 1062 τον
999 1008 1216 1077 Ἰσραήλ·
1260 1006 1436 1077 ἐξῆλθέ
1461 1027 1575 1056 ποτε
1605 1006 1686 1067 τῆς
1705 1028 1726 1051 a
1751 1017 1835 1050 104
1855 1015 1910 1051 A.

0 1110 7 1167 ᾖ
41 1114 89 1139 10
108 1097 189 1143 τοῦ
213 1091 391 1158 πατρὸς
417 1096 608 1157 σκηνῆς·
649 1093 913 1158 ἐπεθύμησε
945 1091 1037 1159 γὰρ
1074 1095 1183 1143 ἰδεῖν
1211 1089 1294 1145 τὰς
1331 1093 1425 1139 τῶν
1451 1088 1689 1154 ἐγχωρίων
1750 1067 1862 1141 ῗῘὲῑν

108 1174 380 1241 θυγατερας·
434 1174 492 1240 ἧν
533 1174 581 1226 δὲ
622 1177 669 1226 ἐν
718 1177 938 1239 Σικιᾝμοις
1014 1171 1111 1225 εἶτα
1150 1172 1235 1238 τὴν
1273 1170 1505 1238 παρθενον
1545 1168 1690 1235 εὑρὼν
1754 1164 1856 1195 ”qq

5 1264 9 1303 ἲ
106 1257 304 1324 Ἑμμὼρ
339 1258 363 1308 ὁ
396 1257 554 1326 Συχὲμ
587 1257 681 1313 υἱὸς
715 1257 952 1322 ἀδοκήτως
987 1255 1294 1323 κατεβιάζετο·
1337 1251 1692 1319 διεπαρθένευσε

108 1338 216 1405 γάρ.
274 1339 678 1409 δεδυσφορηκότες
697 1341 851 1392 τοίνυν
875 1339 993 1406 πρὸς
1016 1345 1154 1390 τοῦτο
1180 1338 1289 1388 λίαν
1316 1339 1358 1388 οἱ
1382 1338 1464 1399 τῆς
1490 1333 1693 1387 νεάνιδος

110 1423 310 1490 ἀδελφοὶ
337 1422 458 1473 Λευΐ
477 1446 526 1474 τε
551 1424 627 1474 καὶ
654 1422 861 1487 Συμεὼν,
887 1421 1030 1473 δόλον
1061 1419 1300 1487 ἀρτύουσι·
1339 1416 1694 1484 περιτέμνεσθαι

0 1532 12 1570 '⁴
46 1526 92 1565 15
111 1502 202 1571 γὰρ
221 1504 460 1557 ἀνέπειθον
479 1505 586 1560 τοὺς
606 1503 699 1557 ἀπὸ
721 1506 940 1569 Σικίμων.
991 1503 1044 1555 οῦ
1065 1502 1121 1568 δὴ
1144 1500 1408 1570 γεγονότος,
1430 1502 1695 1566 ἀλγοῦντας

112 1585 176 1637 ε”τι
209 1590 284 1638 καὶ
321 1592 421 1641 ταῖς
455 1588 637 1642 ὀδύναις
677 1587 993 1653 νενικημένους
1019 1586 1166 1651 ἄρδην
1199 1582 1525 1645 ἀπεκτόνασιν,
1553 1583 1695 1632 ἐκεῖνο

111 1669 328 1735 λέγοντες
355 1671 633 1736 ἐγκαλοῦντι
659 1674 724 1740 τῷ
748 1672 890 1736 πατρὶ
916 1668 970 1720 τὸ
995 1669 1222 1737 ἀχάλινον
1248 1671 1310 1720 εἷς
1329 1665 1486 1732 ὀργάς,
1506 1671 1532 1693 “
1551 1665 1692 1715 Ἀλλ’
1712 1669 1738 1709 b
1755 1674 1806 1705 Ib·
1825 1682 1876 1713 31-

112 1758 140 1781 “
167 1753 279 1803 ὡσεὶ
313 1750 464 1822 πόρνῃ
499 1751 759 1821 χρήσονται
804 1756 862 1821 τῇ
901 1754 1087 1820 ἀδελφῇ
1126 1751 1256 1815 ἡμῶν
1277 1748 1320 1811 ;”
1359 1751 1442 1812 τῆς
1479 1745 1695 1808 τοιαύτης

14 1903 15 1908 ¹
115 1835 321 1901 ἱστορίας
367 1835 488 1900 ἡμᾶς
538 1839 599 1890 εἰς
654 1834 918 1900 ἀνάμνησιν
966 1833 1190 1902 ἀποφέρει
1243 1835 1353 1894 νυνὶ,
1404 1828 1522 1894 μετά
1572 1851 1695 1882 τινος

14 1935 96 1992 320
113 1916 252 1982 ἤθους
302 1917 469 1984 λέγων,
521 1918 748 1987 ἐφόνευσαν
800 1917 991 1986 Σίκιμα,
1042 1916 1102 1967 ὅτι
1155 1917 1339 1984 ἀνομίαν
1397 1913 1604 1972 ἐποίησαν
1655 1912 1694 1961 ἐν

113 2005 172 2070 τῷ
223 2001 324 2071 οἴκῳ
371 2001 566 2069 Ἰσραήλ.
656 2000 793 2051 τοῦτό
857 2004 1021 2069 φησιν,
1080 2000 1387 2063 ἐγκαλοῦντες
1448 1994 1566 2056 τότε,
1624 1992 1694 2043 ὅτι

115 2081 572 2147 πεπλημμελήκασιν
606 2085 669 2136 εἷς
711 2081 794 2133 τὸν
834 2080 960 2133 οῗκον
990 2079 1175 2142 Ἰακὼβ,
1215 2079 1316 2144 ἤτοι
1354 2083 1436 2129 τοῦ
1470 2074 1690 2143 Ἰσραὴλ,

118 2164 590 2230 διαπαρθενεύσαντες
632 2164 717 2229 τὴν
758 2164 953 2216 νεάνιδα.
1017 2163 1233 2231 ταύτῃτοι
1274 2164 1349 2212 καὶ
1389 2160 1516 2224 ἡμεῖς
1555 2159 1695 2209 ἀπεκ-

0 2261 5 2312 f
117 2245 314 2309 τόναμεν
342 2248 530 2314 Σίκιμα.

0 2313 21 2338 ἓ.
193 2327 203 2343 ,
335 2326 348 2344 χ
430 2334 449 2342 Α
531 2329 540 2344 ,
703 2329 714 2343 Ι
853 2326 863 2342 7
1130 2328 1139 2343 ³
1304 2325 1316 2340 l
1524 2321 1538 2335 x
1646 2318 1660 2335 χ

0 2345 100 2405 {1125
209 2332 355 2377 Αλλα
397 2351 478 2379 νυν
519 2334 865 2390 εβουλευσαντο
910 2332 1076 2397 φησιν,
1118 2327 1403 2393 επιστρεψαι
1453 2345 1571 2389 προς
1614 2344 1697 2372 τον

0 2413 7 2453 ὓ
122 2406 260 2472 Θεὸν,
298 2410 545 2475 ἀγαπῆσαι
588 2409 647 2461 τὰ
693 2412 741 2461 ἐν
779 2410 920 2480 νόμῳ,
960 2413 1216 2476 πληρῶσαι
1254 2407 1435 2468 θυσίας,
1474 2406 1737 2455 ἐπιτελεῖνο

0 2485 23 2538 ιἸ
121 2489 295 2558 ἑορτὰς,
323 2492 643 2558 ἀποφοιτῆσαι
668 2491 837 2544 λοιπὸν
863 2497 956 2542 τῶν
986 2495 1069 2556 τῆς
1101 2488 1482 2554 εὶδωλολατρείας
1506 2494 1694 2550 μολυσ-

0 2594 24 2643 §¹
122 2578 237 2638 μῶν.
304 2574 352 2624 τί
385 2574 465 2624 οῦν
504 2577 545 2625 οὶ
581 2578 799 2635 Λευῖται;
843 2570 1044 2643 ἔκρυψαν
1078 2571 1146 2632 τὴν
1181 2569 1272 2623 ὁδον
1305 2572 1453 2638 Κυρίου
1487 2572 1563 2620 καὶ
1592 2570 1699 2638 ἑφό-

0 2678 5 2706 ι
125 2679 272 2708 νευσαν
299 2654 493 2724 Σίκιμα.
549 2653 578 2719 ἢ
605 2655 727 2723 τάχα
752 2657 827 2706 καὶ
854 2661 934 2706 νῦν
960 2656 1174 2721 ἐγκαλεῖν
1200 2653 1402 2721 ἔχουσιν,
1431 2653 1492 2703 ’ὅτι
1519 2655 1701 2721 ἀνομίαν

175 2829 205 2852 1.
231 2820 296 2851 τῶν
313 2828 383 2851 0111.
403 2816 450 2850 D.
499 2814 684 2860 γεννήματα
701 2826 764 2859 pro
782 2813 974 2860 ἐγκλήματα
992 2813 1085 2848 Edd.
1345 2825 1376 2855 4.
1404 2811 1462 2856 τὴν
1479 2818 1699 2857 assumptum

126 2876 166 2898 ex
186 2864 227 2898 B.
234 2864 279 2898 D.
329 2864 372 2899 ὡς
388 2863 443 2897 hic
462 2862 520 2907 (ut
537 2874 694 2906 sup1a1n
713 2862 778 2896 SS.
796 2868 893 2895 textu
914 2872 974 2895 101
996 2860 1029 2894 b.
1036 2860 1052 2905 )
1072 2871 1142 2894 om.
1163 2860 1209 2894 D.
1461 2870 1494 2902 5.
1521 2859 1637 2894 Verba
1654 2859 1701 2895 εἷς

125 2911 309 2955 ἀνάμνησιν
325 2916 404 2956 post
422 2909 573 2953 ἱστορίας
590 2915 783 2953 transponlt
800 2908 847 2942 D.
973 2919 1006 2952 9.
1031 2908 1090 2941 τὸν
1108 2906 1149 2940 Β.
1156 2907 1200 2941 D.
1219 2907 1257 2941 τὸ
1275 2905 1563 2951 Edd.13.
1590 2906 1701 2941 τοίνυν

126 2970 195 2992 om.
216 2958 263 2992 D.
467 2967 519 2998 14.
546 2957 671 2999 σιμεὼν
689 2955 780 2989 Edd.
983 2965 1035 2997 19.
1063 2954 1132 2988 νυνὶ
1149 2954 1196 2989 D.
1216 2955 1272 2989 νῦν
1290 2952 1382 2988 Edd.
1585 2964 1639 2988 20.
1666 2953 1701 2987 ἐν

126 3004 267 3085 om.BD15
468 3013 521 3048 27.
547 3004 724 3047 λογισμῶν
740 3014 802 3047 pro
819 3003 1004 3046 μολυσμῶν
1022 3000 1112 3035 Edd.
1327 3000 1381 3034 28.
1408 3000 1462 3034 καὶ
1479 3006 1700 3046 assumptum

128 3063 167 3084 ex
222 3078 228 3085 .
273 3078 279 3085 .
