2021 3434
136 169 177 211 ii.
199 172 292 212 6-8.
587 178 659 218 IN
701 180 975 224 JOELEM.
1038 184 1186 226 TOM.
1224 186 1258 226 Ι.
1621 190 1702 230 317

390 396 497 439 Ἀπὸ
534 399 766 455 προσώπου
802 403 930 444 αὐτοῦ
967 408 1311 462 συντριβήσονται
1346 406 1457 448 Λαοί.
1718 418 1741 453 6

205 499 380 563 Χρῆμα
412 501 516 568 γὰρ,
550 506 611 558 ὡς
643 505 773 574 ἔφην,
801 507 984 576 ἄμαχον
1016 516 1258 565 παντελῶς
1283 513 1358 562 καὶ
1387 513 1693 579 δυσκαταγώ-

131 599 293 630 νιστον
318 582 578 649 ἀνθρώποις
602 587 810 655 βρούχου
835 593 908 640 καὶ
934 592 1118 658 ἀκρίδος
1144 593 1341 657 ἐμβολή.
1714 615 1737 640 a
1767 607 1845 641 216
1866 606 1915 641 Α·

441 779 531 822 Πᾶν
567 784 799 839 πρόσωπον
836 786 896 828 ὡς
933 788 1183 844 πρόσκαυμα
1221 791 1386 847 χύτρας.

86 896 109 935 5
200 887 399 952 Ἀληθὲς
437 890 541 958 γὰρ,
579 892 650 945 ὅτι
687 897 877 960 δείμασί
903 922 954 950 τε
992 902 1066 951 καὶ
1104 901 1275 956 λύπαις
1308 908 1407 957 ταῖς
1446 904 1698 973 ἀφορήτοις

127 965 229 1018 ἔσθ’
270 967 346 1019 ὅτε
381 974 456 1022 καὶ
494 973 522 1036 ἡ
560 979 653 1026 τῶν
697 979 936 1047 προσώπων
974 981 1091 1047 ἄνθη
1128 983 1398 1050 μαραίνεται
1436 988 1511 1037 καὶ
1549 1009 1694 1037 κατα-

124 1051 393 1111 μελαίνεταί
417 1077 516 1108 πως
553 1059 615 1110 εἰς
651 1056 704 1110 τὸ
743 1061 947 1117 ἀκαλλὲς
970 1069 1065 1118 τοῖς
1091 1066 1140 1116 ἐκ
1172 1071 1252 1117 νοῦ
1284 1066 1500 1134 θορύβοις
1523 1091 1692 1132 μονον-

124 1134 226 1199 ουχὶ
247 1138 677 1205 μεταχρωννυμένη.

113 1350 198 1394 ζΩιτ
233 1355 416 1410 μαχΗταί
453 1356 723 1414 δραμοῦνται,
752 1362 820 1403 καὶ
856 1364 916 1406 ὡς
952 1365 1104 1423 ἄνδρες
1129 1370 1381 1418 πολεμισταὶ
1406 1370 1732 1422 ἀναβήσονταιΊ

56 1442 102 1468 10
185 1436 256 1479 ἐπὶ
280 1438 331 1480 τὰ
357 1440 487 1497 τείχΗ.

192 1543 521 1598 Καταθεόυσαι
554 1547 648 1614 γὰρ
685 1551 732 1601 ἐν
769 1551 861 1622 'lo-cp
892 1576 942 1604 τε
967 1560 1062 1609 τοῖς
1087 1556 1446 1624 μαχιμωτάτοις,
1474 1558 1612 1611 ὄκνου
1637 1585 1685 1612 τε
1704 1570 1730 1611 b

117 1624 326 1687 ἀμείνους
364 1627 659 1697 ὑπάρχουσαι
701 1635 775 1684 καὶ
825 1635 1065 1701 δειμάτων,
1108 1642 1183 1690 καὶ
1227 1640 1379 1691 αὐτῶν
1418 1642 1683 1709 ὑπεραρθή·

116 1727 280 1759 σονται
321 1713 415 1761 τῶν
456 1713 624 1777 τειχῶν,
666 1719 891 1782 θρασεῖαν
933 1718 1095 1787 ὥσπερ
1142 1721 1245 1773 τινὰ
1292 1727 1557 1786 μελετῶσαι
1602 1725 1687 1790 τὴν

113 1788 338 1856 ἐμβολήν.

49 1983 93 2022 Ι5
116 1984 190 2027 Καὶ
215 1988 393 2031 ἕκαστος
424 1991 467 2032 ἐν
499 1995 549 2050 τῇ
586 1992 674 2048 ὁὸᾠ
704 1995 832 2037 αὐτοῦ
858 1998 1124 2055 πορεύσεται,
1152 2002 1220 2042 καὶ
1256 2002 1304 2043 οὐ
1340 2003 1395 2051 μή
1432 2004 1681 2047 ἐκκλίνωσιν

176 2072 252 2114 τὰς
283 2073 448 2130 τρίβους
481 2076 636 2130 αὐτῶν,
663 2079 730 2120 καὶ
766 2082 944 2123 ἕκαστος
980 2083 1066 2126 ἀπὸ
1102 2089 1174 2126 τοῦ
1212 2085 1403 2143 ἀδελφοῦ
1440 2089 1567 2129 αὐτοῦ
1604 2089 1722 2135 οὐκ8

176 2155 392 2212 ἀφέξεται.

179 2267 526 2333 Ἀβασίλευτον
563 2275 650 2341 μὲν
689 2278 718 2343 ἡ
761 2280 904 2347 ἀκρὶς,
945 2284 1236 2350 ἐκστρατεύει
1278 2284 1425 2351 γεμὴν
1466 2288 1547 2355 ἀφ’
1581 2287 1680 2342 ἑνὸς

106 2352 423 2417 κελεύσματος
456 2358 699 2414 εὐτάκτως.
767 2365 889 2430 φασὶ
925 2363 973 2415 δὲ
1008 2364 1148 2421 αὐτὰς
1173 2367 1427 2435 στοιχηδὸν
1453 2368 1577 2433 ἰέναι,
1604 2372 1679 2421 καὶ

39 2451 87 2478 20
105 2434 168 2487 ὡς
218 2436 266 2486 ἐν
313 2436 443 2506 τάξει
487 2439 772 2505 διΐπτασθαι,
811 2447 885 2495 καὶ
923 2445 1095 2509 ἥκιστα
1135 2447 1220 2512 μὲν
1260 2451 1676 2520 ἀπονοσφίζεσθαι,

103 2516 331 2582 περιέπειν
371 2519 419 2570 δὲ
459 2522 604 2576 οὕτως
644 2523 877 2589 ἀλλήλας,
920 2530 1089 2579 ὡσανεὶ
1128 2531 1202 2580 καὶ
1240 2532 1451 2600 ἀδελφοὶ,
1486 2533 1675 2602 φύσεως
1692 2561 1714 2587 o

103 2597 244 2662 αὐτῆς
274 2601 601 2667 βραβευούσης
631 2603 685 2655 τὸ
717 2606 1037 2674 φιλάλληλον.

150 2787 183 2811 2.
206 2780 379 2815 παντελῶς
397 2780 449 2814 καὶ
466 2780 583 2827 δυσκ.]
606 2782 662 2816 Sic
687 2783 790 2818 edidi.
809 2786 862 2819 καὶ
887 2786 984 2822 δυσκ.
1009 2792 1181 2828 παντελῶς
1199 2792 1288 2827 Edd.
1315 2797 1487 2832 παντελῶς
1503 2798 1556 2831 καὶ
1573 2798 1670 2834 δυσκ.

100 2825 271 2860 παντελῶς
283 2825 327 2869 (?)
343 2826 385 2860 B.
493 2839 525 2871 9.
572 2832 754 2873 ραμοῦνται
773 2831 814 2866 Β.
833 2833 1088 2878 διαδραμοῦνται
1108 2837 1144 2872 F.
1164 2838 1253 2873 Edd.
1273 2840 1380 2885 (Co.)
1489 2854 1541 2878 11.
1561 2850 1670 2880 Κατα-

101 2870 257 2916 θέουσαι]
278 2873 514 2908 Καταθέσουσι
533 2875 623 2910 Edd.
643 2878 930 2919 Καταθέ[υ]σουσι
953 2882 1086 2928 Migne.
1135 2900 1170 2918 τε
1195 2886 1290 2930 prius
1315 2895 1534 2934 assumptum
1559 2903 1601 2925 ex
1627 2893 1670 2928 Β.

104 2916 156 2950 16.
176 2917 277 2952 αὐτοῦ
294 2930 362 2953 om.
384 2919 473 2954 Edd.
589 2923 642 2956 18.
658 2923 819 2982 μὲν],·γᾲρ
836 2926 895 2960 iid.
944 2929 1004 2971 μὲν
1020 2930 1085 2975 γὰρ
1104 2943 1166 2976 pro
1182 2933 1286 2977 ’γεμὴν
1302 2934 1359 2968 iid.
1411 2935 1534 2971 Statim
1552 2938 1590 2982 ἐξ
1607 2952 1669 2985 pro

100 2962 160 3007 ἀφ’
178 2963 237 2999 iid.
391 2977 444 3011 19.
472 2967 698 3013 κελεύσματος
716 2985 878 3008 ευτακτως
894 2973 960 3009 hoc
977 2976 1051 3011 ord.
1072 2977 1114 3012 B.
1258 2991 1311 3015 21.
1337 2982 1484 3028 ἀδελφαὶ
1500 2984 1558 3019 iid.
