2021 3434
301 190 386 229 562
694 193 742 233 B.
788 194 1061 235 CYRILLI
1100 195 1480 235 ALEXANDR.

303 306 330 327 ‘⁶
357 299 538 362 νύκτας,
565 302 708 355 οὕτως
736 302 868 353 ε”σται
896 306 970 354 καὶ
997 306 1021 355 ὁ
1049 303 1142 358 υἱὸς
1167 310 1249 355 τοῦ
1285 304 1533 369 ἀνθρώπου
1560 303 1607 353 ἐν
1634 306 1691 370 τῇ
1719 299 1884 368 καρδίᾳ

304 389 330 410 “
354 384 435 444 τῆς
461 384 548 446 γῆς
574 387 694 448 τρεῖς
719 384 891 450 ἡμέρας
918 387 993 435 καὶ
1017 390 1136 452 τρεῖς
1163 387 1374 439 νύκτας.”

377 464 565 513 Οὐκοῦν
599 465 912 532 ἐξεικονίζεται
943 467 1026 529 μὲν
1061 470 1135 518 καὶ
1171 466 1508 518 διαπλάττεταί
1542 488 1641 518 πως
1680 465 1788 528 ἡμῖν
1823 466 1886 516 ὡς

304 546 351 595 ε”ν
377 567 431 610 γε
456 550 551 599 τοῖς
577 546 696 597 κατὰ
721 547 803 598 τὸν
830 549 1086 600 θεσπέσιον
1106 550 1270 600 Ἰωνᾶν
1295 550 1349 601 τὸ
1369 553 1586 616 Χριστοῦ
1611 545 1885 611 μυστήριον.

303 626 434 691 πλὴν
459 628 601 679 ἐκεῖνο
627 635 720 683 τοῖς
745 632 1086 699 ἐντευξομένοις
1112 637 1252 683 εἰπεῖν
1273 632 1492 696 οἰήσομαι
1512 634 1617 682 δεῖν.
1671 629 1745 679 ὅτε
1773 631 1884 678 θεω-
1909 644 1930 682 5

304 710 406 774 ρίας
443 715 752 775 πνευματικῆς
790 715 1128 781 διαμορφοῦται
1168 714 1326 779 λόγος,
1358 713 1660 780 προκειμένου
1697 709 1889 776 προσώ-

304 813 410 853 που,
449 794 523 842 καὶ
559 795 954 862 παραληφθέντος
988 800 1050 850 εἰς
1086 796 1389 847 ὑποτύπωσιν
1420 801 1502 847 τοῦ
1535 793 1725 846 πάντων
1759 792 1891 855 ἡμῶν

307 878 526 941 Σωτῆρος
563 881 794 944 Χριστοῦ,
829 878 1087 945 δοκιμάζειν
1122 882 1375 946 ἀναγκαῖον
1413 879 1494 930 τὸν
1532 876 1691 944 σοφόν
1728 899 1778 927 τε
1816 877 1890 925 καὶ

306 957 610 1023 ἐπιστήμονα,
646 961 748 1011 τίνα
778 961 863 1025 μὲν
900 963 1161 1014 ἀκόλουθον
1200 965 1261 1016 ὡς
1301 963 1522 1030 ἄχρηστα
1559 963 1793 1012 ποιεῖσθαι
1828 965 1894 1027 τῷ

264 1047 290 1088 (1
309 1042 592 1111 προκειμένῳ
618 1047 804 1112 σκοπῷ,
835 1045 936 1095 τίνα
976 1044 1023 1096 δὲ
1061 1045 1116 1108 δὴ
1153 1046 1210 1095 αὖ
1235 1044 1448 1112 χρήσιμά
1474 1067 1522 1094 τε
1549 1045 1623 1094 καὶ
1649 1045 1893 1107 ἀναγκαῖα,
1918 1062 1964 1087 10

308 1125 383 1173 καὶ
411 1125 611 1192 ὠφελεῖν
645 1125 714 1175 ὅτι
750 1126 964 1189 μάλιστα
998 1126 1239 1195 πεφυκότα
1265 1127 1370 1181 τοῦς
1396 1125 1729 1193 ἀκροωμένους.
1797 1122 1894 1174 οἷον

310 1205 422 1274 φέρε
456 1210 610 1256 εἰπεῖν·
650 1209 918 1273 προκείσθω
956 1212 1171 1273 Μωυσῆς
1207 1212 1231 1260 ὁ
1263 1210 1501 1274 μακάριος,
1538 1207 1586 1261 ὃς
1621 1206 1895 1272 παρέστησε

309 1286 394 1352 μὲν
428 1286 510 1338 τὸν
543 1289 744 1354 Ἰσραὴλ
778 1293 844 1360 τῷ
884 1295 992 1360 Θεῷ
1033 1291 1122 1343 ὑπὸ
1156 1291 1210 1343 τὸ
1243 1292 1349 1358 ὅρος
1388 1291 1441 1342 τὸ
1483 1295 1611 1352 Σινᾶ,
1650 1290 1812 1354 γέγονε
1848 1289 1896 1338 δὲ

310 1371 504 1433 μεσίτης
544 1374 668 1422 Θεοῦ
707 1376 782 1423 καὶ
822 1374 1098 1439 ἀνθρώπων.
1164 1374 1362 1427 δεδιότες
1400 1372 1494 1439 γὰρ
1535 1376 1575 1423 οἱ
1613 1372 1670 1439 ἐξ
1695 1369 1897 1436 Ἰσραὴλ

91 1459 151 1533 {⁴3³2
172 1469 226 1489 xx.
311 1451 564 1518 ἐλιπάρουν
596 1454 814 1518 λέγοντες
853 1463 879 1485 “
900 1456 1049 1506 Λάλει
1087 1454 1150 1507 σὺ
1183 1456 1300 1522 πρὸς
1336 1457 1469 1519 ἡμᾶς,
1501 1456 1575 1504 καὶ
1602 1453 1666 1518 μὴ
1693 1452 1896 1503 λαλείτω
1923 1469 1966 1509 ¹5

113 1513 143 1543 9·
314 1541 341 1563 ‘⁶
365 1533 484 1601 πρὸς
527 1535 646 1598 ἡμᾶς
688 1537 712 1585 ὁ
758 1536 891 1600 Θεὸς,
938 1537 1117 1601 μήποτε
1170 1536 1523 1599 ἀποθάνωμεν.”
1588 1534 1698 1586 ἀλλ’
1735 1535 1804 1586 ὅτι
1843 1534 1897 1585 τὸ

313 1619 471 1683 χρῆμα
510 1616 595 1681 τὴν
633 1616 710 1668 διὰ
736 1622 950 1685 Χριστοῦ
989 1621 1226 1683 μεσιτείαν
1263 1620 1588 1686 προανετύπου
1620 1621 1791 1686 σαφῶς
1817 1618 1899 1668 αὑ-

275 1727 295 1752 e
314 1697 391 1751 τὸς
419 1699 626 1767 ἐδίδαξεν
654 1701 678 1750 ὁ
707 1701 827 1755 Θεὸς
854 1706 928 1752 καὶ
955 1701 1123 1768 Πατὴρ
1158 1705 1277 1753 οὕτω
1305 1702 1459 1767 λέγων
1488 1709 1514 1731 “
1533 1703 1721 1766 Ὀρθῶς
1745 1699 1899 1752 πάντα

97 1796 144 1825 18·
315 1788 342 1809 ‘⁶
367 1780 461 1831 ὅσα
487 1782 750 1845 ἐλάλησαν·
787 1784 1052 1851 Προφήτην
1077 1786 1231 1838 αὐτοῖς
1265 1783 1527 1848 ἀναστήσω
1562 1785 1611 1834 ἐκ
1643 1787 1736 1833 τῶν
1762 1785 1899 1833 ἀδελ-

92 1707 194 1738 Dent.

92 1751 182 1780 xviii.
204 1759 251 1790 17,

315 1870 341 1892 ‘⁶
366 1868 472 1931 φῶν
514 1865 666 1915 αὐτῶν
709 1863 871 1932 ὥσπερ
905 1865 1002 1929 σὲ,”
1043 1866 1348 1928 μεσιτεύοντα
1386 1865 1604 1930 δηλονότι
1642 1867 1716 1916 καὶ
1753 1889 1896 1932 παρι-
1921 1889 1970 1915 20

314 1945 497 1996 στάντα
521 1950 587 2015 τῷ
615 1951 722 2017 Θεῷ
747 1946 801 1999 τὸ
827 1949 1120 2015 ἀνθρώπινον
1145 1949 1279 2015 γένος
1310 1950 1383 1999 καὶ
1410 1948 1781 2013 ἀπαγγέλλοντα
1807 1953 1902 2002 τοῖς

315 2027 404 2077 ἀνὰ
442 2033 606 2078 πᾶσαν
643 2029 728 2093 τὴν
765 2033 855 2096 γῆν
893 2031 978 2095 τὴν
1014 2037 1097 2082 τοῦ
1133 2035 1257 2082 Θεοῦ
1297 2034 1371 2081 καὶ
1411 2030 1601 2096 Πατρὸς
1636 2030 1902 2098 ἀπόῤῥητον

96 2125 217 2155 1b.18-
315 2109 568 2174 βούλησιν.
628 2119 654 2140 “
675 2111 828 2176 Θήσω
853 2113 948 2178 γὰρ
974 2113 1081 2167 τοὺς
1113 2113 1283 2179 λόγους
1314 2136 1404 2177 μου
1438 2117 1499 2167 εἷς
1536 2112 1590 2163 τὸ
1625 2113 1785 2176 στόμα
1821 2114 1901 2163 αὐ-

319 2199 346 2221 “
371 2198 467 2255 τοῦ,
491 2195 566 2243 καὶ
590 2193 796 2258 λαλήσει
829 2195 983 2248 αὐτοῖς
1018 2194 1137 2246 κατὰ
1175 2194 1331 2246 πάντα
1366 2194 1459 2246 ὅσα
1494 2193 1552 2245 ἂν
1585 2195 1899 2258 ἐντείλωμαι.”

317 2275 604 2344 παρελήφθη
638 2275 694 2340 δὴ
719 2277 800 2328 οὖν
824 2278 848 2327 ὁ
876 2277 1128 2331 θεσπέσιος
1156 2280 1371 2341 Μωυσῆς
1403 2281 1465 2330 εἷς
1499 2277 1647 2328 τύπον
1672 2281 1901 2344 Χριστοῦ,
1923 2294 1970 2334 25

99 2373 183 2406 366
198 2372 247 2407 Α.
278 2382 300 2405 a
319 2358 428 2407 ἀλλ’
460 2358 512 2407 οὐ
539 2357 693 2408 πάντα
725 2357 785 2409 τὰ
813 2360 1059 2413 Μωυσέως
1099 2362 1174 2411 καὶ
1214 2362 1339 2429 αὐτῷ
1377 2359 1711 2426 προσάψομεν,
1737 2360 1812 2410 ἵνα
1837 2358 1902 2423 μή

319 2462 363 2490 τι
397 2443 491 2489 τῶν
521 2438 709 2490 ἀτόπων
743 2440 940 2506 δρῶντές
973 2464 1022 2492 τε
1061 2443 1178 2504 ὁμοῦ
1216 2444 1289 2492 καὶ
1326 2442 1543 2506 λέγοντες
1577 2442 1902 2504 ἁλισκοίμεθα.

320 2522 554 2586 ὡμολόγει
594 2521 679 2585 μὲν
720 2522 811 2589 γὰρ
854 2523 879 2572 ὁ
914 2527 1143 2587 Μωυσῆς,
1181 2523 1250 2574 ὅτι
1289 2546 1338 2573 τε
1386 2523 1682 2590 ἰσχνόφωνος
1720 2523 1786 2587 εἰἠ
1828 2524 1902 2573 καὶ

320 2604 707 2670 βραδύγλωσσος
751 2607 825 2655 καὶ
864 2605 1088 2660 ἀνικάνως
1128 2605 1247 2674 ἔχων
1285 2610 1346 2659 εἰς
1388 2604 1682 2669 ἀποστολήν·
1724 2605 1904 2672 ἔφασκε

375 2784 405 2819 7.
435 2774 530 2809 Haec
548 2777 808 2819 τοῦ-Σωτῆρος
827 2783 1047 2810 accesserunt
1065 2789 1105 2810 ex
1126 2777 1219 2811 RD.
1468 2776 1519 2810 16.
1546 2776 1630 2819 πρὸς
1647 2775 1731 2818 ἡμᾶς
1750 2775 1795 2809 D.
1813 2774 1904 2808 Edd.

326 2820 402 2863 ἡμῖν
423 2822 462 2856 Β.
716 2833 768 2867 19.
793 2822 860 2856 ὅσα
878 2823 973 2857 deest
990 2824 1024 2857 in
1045 2823 1136 2857 Edd.
1386 2834 1440 2865 24.
1467 2822 1630 2868 λαλήσει]
1649 2823 1793 2865 λαλήσω
1812 2821 1903 2855 Edd.

323 2866 364 2900 ἂν
380 2875 602 2912 assumptum
619 2881 659 2902 ex
680 2868 721 2903 B.
771 2869 1123 2915 ἐντειλωμαι]-Ι-αὐτῴ
1144 2870 1234 2904 Edd.
1252 2869 1529 2915 repugnantibus
1544 2869 1636 2904 B.D.
1722 2868 1776 2902 26.
1794 2882 1904 2911 προσ-

324 2914 484 2957 αψάμεθα
505 2917 549 2949 D.
879 2928 932 2961 27.
959 2932 994 2950 τε
1012 2929 1081 2951 om.
1104 2918 1143 2951 B.
1161 2917 1265 2951 habet
1286 2918 1332 2951 D.
1666 2927 1721 2959 29.
1745 2915 1791 2950 εἷς
1811 2915 1903 2948 B.D.

324 2962 408 3003 πρὸς
428 2961 516 2995 Edd.
833 2964 1003 3009 29—563.
1021 2977 1052 3007 4.
1081 2965 1465 3009 ἔφασκε-ἀποστελεῖς
1485 2963 1578 2997 B.D.
1598 2963 1650 2997 καὶ
1667 2962 1778 2997 ἐδέετο
1796 2961 1905 2995 ἄλλον

325 3007 601 3051 προχειρισθῆναι
622 3008 710 3042 Edd.
