2021 3434
297 144 382 185 304
688 143 738 183 B.
783 143 1056 184 CYRILLI
1094 141 1473 183 ALEXANDR.
1659 140 1684 180 i.
1712 150 1775 186 11,
1804 148 1866 177 12.

298 257 340 304 οἱ
371 254 646 306 ἐνοικοῦντες
678 252 765 317 τὴν
802 256 907 319 γῆν,
949 253 1055 304 καθ’
1094 251 1147 303 ὃν
1183 251 1241 316 ἧν
1279 250 1396 304 εἰκὸς
1434 250 1508 301 καὶ
1549 247 1870 313 ἐνευρύνεσθαι

298 340 398 388 ταῖς
437 335 693 401 εὐημερίαις
730 333 789 385 τὰ
827 335 883 403 ἐξ
918 336 1077 401 ἀγρῶν
1114 332 1454 398 συλλέγοντας,
1479 331 1554 381 καὶ
1579 330 1872 392 ἀναμεστοῦν

299 415 384 479 μὲν
408 419 474 484 τῷ
500 416 619 484 σίτῳ
652 415 736 468 τὰς
771 415 1024 480 ἀποθήκας,
1050 417 1296 482 ἐπιφωνεῖν
1327 412 1376 464 δὲ
1413 415 1623 479 τρυγῶσι
1659 408 1743 463 τὰς
1775 410 1872 460 ε’πι-

78 515 167 550 208
184 513 234 547 A.
260 522 282 546 a
300 498 487 562 ληνίους
512 496 647 566 ᾠδὰς,
673 498 747 547 καὶ
782 502 881 551 ταῖς
918 502 1026 548 οἰῶν
1060 496 1251 563 ἀγέλαις
1275 495 1545 564 ἐφήδεσθαι,
1569 492 1800 555 πλείστης
1822 513 1872 541 τε

301 579 419 642 ὅσης
445 581 519 629 καὶ
544 579 762 633 εὐανθοῦς
788 579 942 633 αὐτοῖς
967 577 1333 646 παρεῤῥιμμένης
1360 579 1442 641 τῆς
1466 574 1601 628 πόας.
1891 595 1914 633 5

363 660 526 711 ’Έοικε
569 659 617 710 δὲ
661 662 747 711 κάν
786 663 902 730 τῶδε
941 660 1088 712 πάλιν
1125 661 1149 710 ὁ
1187 659 1331 726 λόγος
1381 656 1596 729 γεωργοῖις
1637 652 1873 720 ὀνομάζειν

300 746 651 809 αἰνιγματωδῶς
699 741 805 797 τοὺς
853 748 948 794 τῶν
988 742 1254 794 Ἰουδαϊκῶν
1303 739 1557 806 ταγμάτων
1605 735 1873 802 τοτηνικάδε

299 823 664 891 προεστηκότας,
692 824 770 878 οῦς
806 827 881 875 καὶ
915 829 1006 877 δεῖν
1032 825 1122 892 ἔφη
1154 822 1428 893 καταθρηνεΐν,
1455 823 1516 875 ὡς
1547 820 1663 871 ὅσον
1694 819 1873 870 οὐδέπω

299 907 617 971 βαδιουμένων
644 912 705 960 εἷς
732 907 928 974 ὄλεθρον
963 906 1196 969 ἁπάντων,
1224 909 1286 959 ὡς
1320 905 1427 958 ε”πος
1459 908 1612 965 εἰπεῖν,
1638 906 1732 953 τῶν
1757 899 1874 952 κατὰ

300 988 387 1054 τὴν
420 989 592 1057 χώραν,
619 988 721 1053 ἤτοι
753 994 847 1040 τῶν
881 988 1216 1040 κατοικούντων
1248 987 1333 1051 τὴν
1366 989 1469 1053 γῆν,
1496 984 1538 1036 οἳ
1569 986 1643 1035 καὶ
1673 986 1721 1034 ἐν
1746 983 1876 1052 τάξει
1899 1003 1945 1028 10

302 1073 431 1142 πυροῦ
474 1073 549 1122 καὶ
602 1070 740 1140 κριθῆς
782 1072 857 1122 καὶ
896 1070 1033 1140 ξύλων
1078 1071 1258 1136 ὡραίων
1297 1073 1499 1133 νοηθεῖεν
1537 1067 1607 1118 ἄν.
1669 1063 1876 1135 ἐφαρμό-

256 1170 451 1215 ὒσομεν
489 1151 537 1203 δὲ
578 1157 671 1203 τῶν
710 1151 954 1216 νοημάτων
991 1151 1076 1216 τὴν
1115 1151 1308 1215 δύναμιν
1349 1146 1735 1217 πρεπωδέστερόν
1775 1170 1877 1201 πως

302 1239 398 1289 τοῖς
445 1240 774 1301 γραμματεῦσι
825 1236 900 1285 καὶ
954 1233 1244 1300 Φαρισαίοις·
1315 1231 1358 1283 οἳ
1421 1233 1496 1282 καὶ
1559 1228 1779 1297 γηπόνων
1829 1231 1878 1280 ἐν
2004 1249 2021 1299 ,ἢ

82 1319 243 1350 SMatth.

83 1364 139 1394 xxi
169 1363 220 1403 38-
302 1316 431 1385 Τάξει
468 1316 663 1380 Ket'fioevoc
696 1315 1091 1385 πεπαρῳνήκασιν
1131 1319 1192 1369 625·
1237 1313 1466 1381 Χριστὸν,
1504 1311 1795 1364 ἀπΕΚΤόνασί
1827 1335 1878 1362 ΤΕ

304 1396 387 1449 τὸν
434 1397 739 1464 κληρονόμον,
782 1396 837 1448 ἵν’
880 1397 1026 1464 ε”χοιεν
1069 1398 1198 1447 αὐτοὶ
1247 1395 1329 1447 τὸν
1373 1399 1534 1460 κῆπον,
1581 1393 1784 1461 γένοιντό
1827 1417 1877 1445 τε
1901 1409 1946 1448 ¹5

304 1478 474 1531 λοιπὸν
509 1485 592 1531 τοῦ
638 1481 914 1543 ἀμπελῶνος
959 1478 1198 1541 δεσπόται,
1240 1480 1487 1545 μονονουχὶ
1530 1476 1679 1542 ληΐοις
1716 1475 1878 1543 ὥσπερ

305 1559 682 1628 ἐπαγαλλόμενοι
708 1563 765 1630 τῇ
790 1559 1072 1630 πολυάνδρῳ
1096 1561 1278 1625 πληθύϊ
1298 1565 1392 1611 τῶν
1419 1558 1776 1625 ὑπεζευγμένων,
1804 1561 1880 1609 καὶ

306 1643 413 1698 τοῦς
455 1646 503 1695 ἐν
537 1644 691 1698 αὐτοῖς
724 1643 795 1695 ὅτι
828 1643 1041 1708 μάλιστα
1078 1641 1340 1710 λαμπροὺς,
1373 1645 1434 1696 ὡς
1472 1641 1595 1707 ῥοιέιν,
1628 1643 1690 1695 ὡς
1726 1644 1881 1706 μῆλον
2004 1667 2021 1690 ιἸ

306 1728 577 1793 ἀποτρυγᾶν
604 1726 825 1780 εἰωθότες.
878 1725 988 1777 ἀλλ’
1010 1724 1131 1776 εἶλεν
1157 1723 1322 1779 αὐτοὺς
1349 1725 1634 1788 ὁ(Ρωμαι’ων
1659 1722 1880 1788 πόλεμος,

306 1809 591 1873 δεδαπάνηκε
624 1807 772 1875 μέγαν
805 1810 880 1860 καὶ
913 1807 1092 1875 μικρόν,
1120 1806 1341 1874 λαμπρὸν
1373 1807 1447 1858 καὶ
1478 1807 1708 1871 ἐπίσημον
1735 1808 1796 1860 ὡς
1832 1807 1881 1857 ἐν
1901 1826 1952 1852 20
2004 1831 2018 1852 ι,

267 1896 471 1947 οσυκαῖς
516 1890 799 1954 νοουμένους,
845 1889 1055 1957 καθάπερ
1099 1890 1218 1958 ἔφην
1260 1890 1444 1956 ἀρτίως,
1489 1891 1551 1942 ὡς
1590 1891 1638 1940 ἐν
1682 1886 1882 1959 ἀμπέλῳ
2004 1891 2007 1895 ’

305 1972 468 2040 τυχὸν,
506 1975 670 2042 φοίνικί
705 1995 755 2023 τε
792 1975 867 2024 καὶ
904 1975 1035 2043 μήλῳ
1067 1970 1142 2022 καὶ
1180 1974 1228 2022 ἐν
1262 1976 1357 2024 τοῖς
1395 1971 1554 2041 ξύλοις,
1589 1972 1651 2024 ὡς
1684 1972 1733 2021 ἐν
1773 1970 1887 2042 κριθῇ

306 2057 382 2106 καὶ
420 2060 553 2125 πυρῷ·
621 2052 836 2123 διάφοροι
874 2053 968 2121 γὰρ
1002 2057 1043 2104 οἱ
1084 2051 1261 2120 τρόποι,
1294 2055 1369 2104 καὶ
1404 2053 1490 2120 οὐχ
1526 2051 1576 2103 ἓν
1613 2052 1764 2104 ἅπασι
1801 2059 1885 2104 τοῦ

306 2138 413 2201 βίου
438 2137 492 2190 τὸ
518 2137 700 2204 μέτρον.
755 2137 910 2202 ἐπειδὴ
944 2136 1037 2204 γὰρ
1071 2136 1204 2206 ἅπαξ
1235 2139 1367 2207 ἀγρῷ
1393 2138 1649 2203 παρείκασε
1682 2136 1768 2201 τὴν
1792 2141 1887 2188 τῶν

306 2220 545 2272 Ἰουδαίων
588 2224 692 2287 γῆν,
730 2223 806 2271 καὶ
843 2219 1077 2286 γηπόνους
1116 2218 1333 2283 ὠνόμασε
1373 2219 1479 2274 τοὺς
1521 2218 1884 2286 προεστηκότας,
1906 2238 1954 2277 25
2002 2233 2006 2296 ἶ

308 2304 521 2354 σέσωκεν
548 2304 572 2354 ὁ
597 2301 741 2369 λόγος
766 2303 902 2371 μέχρι
932 2301 1107 2355 παντὸς
1131 2302 1215 2367 τὴν
1240 2301 1527 2370 μεταφορὰν,
1553 2301 1700 2366 ληΐοις
1731 2325 1780 2353 τε
1811 2304 1887 2353 καὶ
2003 2298 2006 2310 ²

309 2384 457 2456 ξύλοις
483 2384 603 2436 κατὰ
628 2384 855 2454 διάφορον
880 2385 1056 2451 τρόπον
1080 2383 1411 2452 παραβάλλων
1435 2383 1543 2438 τοὺς
1570 2386 1643 2436 ὑπ’
1665 2385 1834 2439 αὐτοῖς.

361 2537 392 2560 Ι.
418 2526 621 2561 ἐνοικοῦντες
640 2525 681 2559 Β.
697 2525 730 2559 b.
749 2539 874 2559 κατοικ.
895 2524 985 2559 Edd.
1038 2524 1197 2559 Statim
1180 2524 1234 2558 επὶ
1251 2525 1308 2568 τῆς
1329 2525 1390 2570 γῆς
1415 2535 1478 2569 pro
1502 2522 1561 2567 τὴν
1584 2524 1647 2568 γῆν
1663 2522 1697 2557 b.
1746 2521 1807 2579 ἦν’,
1803 2522 1889 2558 elme

311 2572 378 2606 hoc
396 2572 516 2606 ordine
538 2573 578 2607 B.
593 2573 628 2607 b.
678 2571 912 2617 ἐνευρύνεσθαι
932 2572 973 2605 B.
985 2571 1020 2606 b.
1038 2572 1149 2616 ἀνευρ.
1168 2570 1260 2605 Edd.
1560 2581 1592 2604 2.
1619 2569 1827 2613 ἀναμεστοῦν
1845 2569 1889 2603 Β.

312 2619 506 2664 ἀναμετρεῖν
518 2619 575 2653 iid.
733 2631 766 2663 3,
793 2634 838 2653 τω
859 2625 1081 2663 assumptum
1098 2630 1139 2652 ex
1158 2618 1200 2652 B.
1348 2626 1381 2662 5.
1399 2617 1513 2652 αὐταῖς
1529 2616 1588 2650 ild.
1748 2625 1780 2661 7.
1805 2615 1890 2650 Ἰου-

314 2666 413 2699 δαίων
430 2666 490 2700 iid.
538 2681 608 2700 τοτ.
627 2680 685 2710 πρ.
704 2665 771 2700 hoc
789 2655 910 2700 Oldine
931 2665 972 2699 Β.
1156 2666 1189 2699 8.
1214 2667 1304 2698 οὕπω
1322 2664 1381 2698 11ᾶ.
1579 2675 1611 2709 9.
1637 2662 1767 2697 Haec‘
1751 2677 1795 2698 ως
1811 2677 1891 2698 επος

314 2712 417 2746 εἰπεῖν
434 2719 614 2750 assumpta
630 2724 672 2746 ex
691 2712 733 2746 Β.
898 2723 950 2746 10.
966 2714 1025 2755 τὴν
1042 2711 1138 2756 prius
1157 2717 1376 2756 assumptum
1395 2723 1436 2745 ex
1456 2710 1498 2744 B.
1667 2721 1719 2743 11.
1739 2709 1890 2754 ἐφαρμό-

315 2772 419 2801 σομεν
436 2759 471 2792 δὲ
489 2763 554 2793 τῶν
572 2774 600 2793 ν.
617 2760 676 2803 τὴν
693 2758 847 2804 δυναμιν]
867 2759 1058 2803 ἐφαρμόσει
1075 2759 1111 2792 δέ
1127 2762 1193 2793 τῶν
1209 2773 1238 2792 ν.
1256 2757 1275 2802 ἡ
1294 2757 1430 2802 δυναμις
1443 2757 1502 2791 11ᾶ.
1650 2768 1702 2790 12.
1720 2770 1786 2790 που
1802 2756 1891 2800 τάχα

315 2816 378 2847 pro
395 2819 465 2840 πως
482 2805 540 2840 iid.
787 2815 840 2851 15.
870 2804 990 2850 κῆπον]
1011 2807 1137 2850 καρπὸν
1153 2804 1213 2839 iid.
1461 2812 1513 2848 17.
1537 2803 1812 2848 ἐπαγαλλωμενοι
1829 2802 1889 2836 lld.

314 2850 360 2883 ὑπ
362 2852 494 2930 οζευγμ.
514 2852 602 2896 (sic)
620 2851 680 2886 iid.
829 2853 880 2886 18.
897 2852 980 2896 ῥοὰν
997 2852 1056 2886 iid.
1203 2863 1255 2896 19.
1275 2851 1432 2887 εἰωθότας
1449 2851 1509 2884 iid.
1643 2861 1698 2884 20.
1716 2847 1887 2893 λαμπρόν]

319 2900 357 2936 -1-
374 2911 408 2929 τε
423 2897 468 2930 lld
749 2910 804 2933 22.
830 2901 900 2934 τοῖς
918 2904 1137 2943 assumptum
1158 2911 1198 2932 e(
1218 2899 1258 2933 B.
1514 2908 1588 2955 24.
1615 2897 1650 2930 δέ
1668 2908 1730 2941 pro
1747 2896 1812 2941 γὰρ
1829 2894 1889 2929 iid.

315 2945 381 2976 τῶν
396 2924 495 2978 Ἰουδ.
513 2946 575 2989 γῆν
591 2944 657 2979 hoc
675 2945 749 2980 ord.
771 2946 813 2981 B.
865 2945 988 2980 Statim
1007 2960 1060 2980 και
1078 2957 1147 2980 om.
1168 2945 1208 2979 Β.
1389 2953 1444 2989 27.
1468 2943 1521 2978 ὑπ’
1537 2943 1656 2979 αὐτούς
1672 2942 1732 2978 11(1.
