2021 3434
131 187 199 228 vii.
226 201 260 229 2.
576 190 649 230 IN
688 190 927 231 OSEAM.
989 189 1139 230 TOM.
1182 190 1258 231 IV.
1625 189 1705 227 153

131 296 381 364 ἄνθρωποι,
418 299 512 352 καί
538 300 785 352 εὐόλισθον
826 301 1008 369 ἔχοντες
1049 304 1110 354 εἰς
1152 301 1382 367 ἁμαρτίαν
1422 298 1506 363 τὴν
1544 297 1706 366 φύσιν,

129 382 487 446 παραπέμπεται
529 383 650 437 Θεὸς
686 384 742 452 ἐξ
782 384 990 452 ἐμφύτου
1037 383 1408 451 φιλανθρωπίας.
1472 378 1565 431 οἶδε
1613 378 1708 445 γὰρ

1695 460 1706 476 ’
1768 468 1812 497 Ps
1838 468 1889 499 cii.

131 460 222 513 οἶδε
265 471 291 492 “
307 464 360 515 τὸ
394 464 601 530 πλάσμα
634 465 778 529 ἡμῶν9
814 466 1041 530 μέμνηται
1075 464 1123 515 δὲ
1155 464 1224 516 ὅτι
1262 467 1337 515 καὶ
1375 469 1487 531 χοῦς
1524 460 1691 526 ἐσμὲν,’
1773 522 1810 550 14

131 545 250 595 κατὰ
287 546 372 611 τὴν
414 554 496 599 τοῦ
535 548 814 617 ψάλλοντος
856 547 1034 617 φωνήν.
1117 547 1233 599 ἐπὰν
1285 547 1340 597 δέ
1374 570 1419 597 τι
1462 547 1584 612 μέγα
1633 547 1746 596 scale

92 627 340 696 5ἐξαίσιον
380 633 454 681 καὶ
503 631 757 681 δύσοιστον
800 631 988 694 ἀληθῶς
1029 629 1290 696 πράττηται
1335 627 1453 695 πρὸς
1497 628 1640 692 ἡμῶν,
1684 626 1709 678 ὃ

130 712 205 760 καὶ
243 711 387 776 αὐτὴν
417 714 521 764 ἐσθ’
556 713 630 764 ὅτε
670 712 754 777 τὴν
792 718 874 763 τοῦ
912 712 1147 778 κρίνοντος
1184 709 1414 776 ἠπιότητα
1447 709 1710 777 παραθήγει

130 793 310 856 λοιπὸν,
335 793 479 858 μόνον
510 794 558 845 δὲ
590 796 692 862 οὐχὶ
726 796 801 844 καὶ
836 795 917 844 οὐκ
948 793 1206 844 ἐθέλουσαν
1241 792 1565 859 καταβιάζεται
1592 793 1710 859 πρὸς

132 874 290 940 ὀργὴν,
315 876 369 928 τὸ
394 876 607 942 τηνικάδε
640 876 790 944 τρέχει
821 876 937 943 πρὸς
965 875 1228 940 ἀνάμνησιν
1254 874 1487 938 ἁπάντων,
1513 877 1575 930 ὡς
1601 877 1710 930 ἔπος

131 960 284 1020 εἰπεῖν,
311 963 405 1010 τῶν
437 963 535 1010 τισὶ
565 958 1049 1023 πεπλημμελημένων.
1114 957 1336 1026 ταύτῃτοί
1370 962 1493 1026 φησι
1525 958 1635 1024 περί
1662 981 1711 1009 τε

67 1061 114 1085 10
132 1045 214 1090 τοῦ
252 1041 464 1108 Ἐφραὶμ
508 1043 581 1092 καὶ
624 1044 706 1104 τῆς
752 1042 1028 1108 Σαμαρείας,
1069 1040 1140 1092 ὅτι
1182 1040 1348 1095 ποίσοις
1399 1038 1484 1095 τοις
1538 1041 1711 1095 καικίας

132 1122 270 1174 οιύτῶν
305 1122 515 1190 ἐμνήσθην.
582 1122 699 1178 εἰκὸς
736 1125 784 1174 δὲ
821 1123 877 1188 δὴ
911 1124 1058 1175 πάλιν
1096 1124 1278 1174 κάκεῖνο
1310 1123 1419 1187 ἡμῖν
1452 1125 1501 1173 ἐν
1532 1121 1710 1177 τούτοις

131 1204 185 1255 τὸ
212 1205 504 1275 προφητικὸν
531 1206 682 1258 θέλειν
709 1208 977 1271 ὑποδηλοῦν
1002 1203 1348 1275 χρησμῴδημα.
1413 1207 1601 1271 παρῆκα
1626 1204 1710 1268 μὲν
1727 1230 1748 1253 a
1775 1220 1855 1255 107
1877 1220 1926 1253 A.

130 1286 223 1353 γὰρ
250 1286 527 1356 φιλαγάθως
554 1291 677 1356 φησὶ
701 1293 794 1339 τῶν
821 1290 869 1339 ἐν
896 1288 1103 1352 Σικίμοις
1129 1287 1452 1338 ἀπολωλότων
1480 1286 1569 1338 ὑπὸ
1598 1287 1710 1338 Λευῒ

130 1369 215 1434 τὴν
257 1370 475 1439 σφαγὴν,
518 1370 593 1422 διά
633 1394 703 1422 τοι
745 1370 798 1422 τὸ
841 1372 1065 1437 ὑβρίσθαι
1104 1371 1255 1421 Δίναν
1298 1369 1384 1434 τὴν
1427 1369 1483 1439 ἐξ
1520 1371 1708 1432 Ἰακώβ.

10 1467 12 1528 ᾗ
67 1452 285 1517 Ι5ἐπειδὴ
324 1452 372 1505 δὲ
412 1456 486 1505 καὶ
522 1459 602 1505 νῦν
637 1452 938 1516 ἀπεκτόνασι,
971 1455 1252 1522 μεμνήσομαι
1288 1457 1363 1504 καὶ
1394 1455 1476 1516 τῆς
1514 1453 1710 1521 ἀρχαίας

131 1535 282 1586 αὐτῶν
323 1538 511 1599 ἀδικίας,
556 1538 631 1587 καὶ
675 1539 736 1590 ὡς
780 1535 1010 1604 φονευτὴν
1047 1536 1136 1600 ἤδη
1180 1537 1254 1586 καὶ
1292 1537 1459 1599 ἀπηνῆ,
1497 1538 1572 1586 καὶ
1616 1540 1709 1587 τῶν

130 1617 280 1669 πάλαι
303 1618 722 1684 πλημμελημάτων
745 1617 977 1688 ἐξαιτήσω
999 1619 1143 1672 δίκας.
1187 1616 1416 1669 §adame
1434 1617 1528 1684 γὰρ
1553 1618 1708 1673 αὐτούς

131 1704 254 1769 φησι
278 1700 340 1752 τοι
365 1698 607 1763 ὃιοιβούλιοι
633 1701 783 1753 aar&
821 1700 979 1763 ὅμοιον
999 1702 1061 1753 ὡς
1084 1704 1120 1751 εἰ
1147 1700 1278 1765 λέγοι
1302 1698 1708 1766 Πεπολιόρκηνται

131 1782 298 1834 λοιπὸν
332 1783 422 1835 ὑπὸ
455 1788 550 1835 τῶν
588 1786 714 1835 ἰδίων
751 1782 1087 1847 ἐνθυμημάτων
1121 1784 1195 1833 καὶ
1229 1783 1434 1833 ἀνοσίων
1467 1782 1707 1851 σκέψεων·

17 1926 19 1935 Ι
66 1885 114 1909 20
132 1865 415 1917 ἀπεκτόνασι
452 1865 537 1930 μὲν
575 1866 666 1933 γὰρ
706 1864 832 1935 δόλῳ
875 1867 949 1916 καὶ
994 1864 1192 1918 ἀπάταις
1231 1863 1338 1919 τοὺς
1376 1864 1468 1915 ἀπὸ
1505 1866 1709 1928 Σικίμων
1725 1870 1750 1910 b

131 1947 257 2011 ποτὲ,
292 1950 390 2000 νυνὶ
431 1947 479 2000 δὲ
520 1950 772 2017 λῃστείαις,
813 1948 960 1999 καίτοι
999 1946 1118 2014 πρὸς
1159 1947 1283 1998 Θεὸν
1321 1946 1705 2016 ἐπιστρέφοντας.

132 2030 286 2095 ἐπειδὴ
332 2030 381 2082 δὲ
420 2031 539 2098 πέρα
580 2029 728 2097 λόγου
765 2029 824 2081 τὰ
861 2029 1249 2094 πλημμελήματα
1290 2028 1457 2080 λοιπὸν
1501 2031 1708 2081 ἀπέναντι

132 2114 204 2163 τοῧ
247 2113 478 2180 προσώπου
527 2138 610 2182 μου
657 2114 857 2179 ἐγένοντο,
902 2113 955 2163 οὐ
998 2111 1092 2179 γὰρ
1135 2109 1428 2180 περιόψομαί
1468 2115 1603 2180 φησι,
1650 2111 1710 2163 τὰ

135 2193 285 2245 τοιάδε
321 2199 415 2246 τῶν
448 2199 614 2258 κακῶν,
641 2197 743 2247 οὔτε
782 2194 874 2259 μὴν
905 2195 961 2264 ἐξ
995 2193 1218 2258 ὀμμάτων
1255 2193 1319 2244 ἔτι
1357 2196 1508 2256 τιθεὶς,
1533 2193 1709 2261 βραδὺς

25 2298 27 2302 ’
69 2296 116 2333 25
136 2276 303 2340 ἔσομαι
328 2276 578 2342 κολαστής.

207 2358 501 2410 Ἐκύκλωσοιν
524 2359 771 2412 Ἰουδαίους
797 2359 856 2410 τὰ
881 2356 1126 2419 &memma
1161 2357 1309 2419 αὐτῶν,
1337 2360 1412 2408 καὶ
1447 2357 1574 2424 ἐπίγε
1612 2364 1708 2412 τοῖς

135 2440 253 2492 κατὰ
289 2440 516 2507 Χριστόν.
594 2440 879 2492 ἀπεκτόνασι
918 2439 1003 2504 μὲν
1041 2439 1134 2506 γὰρ
1176 2439 1281 2493 τοὺς
1321 2438 1584 2507 προφήτας,
1627 2442 1706 2491 ἀν-

135 2522 455 2592 εξικακοῦντος
485 2523 551 2573 ε”τι
586 2526 720 2573 Θεοῦ·
760 2521 913 2586 ἐπειδὴ
948 2521 997 2574 δὲ
1027 2520 1255 2587 γεγόνασι
1294 2523 1369 2572 καὶ
1407 2521 1703 2587 κυριοκτόνοι,
1723 2553 1743 2579 0

137 2603 380 2656 ἐκύκλωσεν
418 2603 571 2659 οιύτοῖις
604 2603 665 2655 r&
698 2601 944 2664 ὃιοιβούλιοι
976 2604 1125 2666 οιύτῶν,
1157 2605 1230 2654 καὶ
1263 2604 1426 2658 πάσοις
1457 2602 1592 2656 οιύτῶν
1621 2602 1705 2660 rac

31 2738 34 2745 ,
71 2704 120 2739 30
139 2688 306 2742 κοικίας
332 2685 508 2756 ἐμνήσθη
535 2687 560 2736 ὁ
586 2690 679 2736 τῶν
704 2685 830 2736 ὅλων
856 2685 993 2739 Θεός.

188 2825 216 2848 1.
242 2814 402 2859 ἁμαρτίας
420 2814 467 2847 D.
621 2824 653 2858 3.
682 2812 761 2846 Hoc
778 2810 849 2846 οἶδε
866 2812 1011 2846 accessit
1027 2824 1068 2846 ex
1088 2812 1133 2846 D.
1288 2821 1322 2857 5.
1347 2812 1431 2856 πρὸς
1450 2813 1496 2848 D.
1513 2812 1591 2858 παρ’
1611 2812 1704 2848 Edd.

139 2871 170 2904 7.
196 2861 254 2895 οὐκ
271 2873 341 2895 om.
360 2861 407 2895 D.
502 2860 535 2894 8.
563 2859 642 2893 Hoc
660 2859 812 2893 ἁπάντων
828 2859 971 2893 accessit
988 2871 1028 2893 ex
1048 2859 1094 2893 D.
1190 2871 1222 2901 9.
1240 2859 1293 2892 τοί
1309 2871 1378 2894 om.
1394 2859 1442 2893 D.
1541 2872 1593 2895 11.
1619 2860 1705 2896 εἰκὸς

137 2908 172 2941 δέ
191 2906 248 2953 δὴ]
270 2908 327 2942 Sic
348 2907 533 2942 edidimus.
551 2906 637 2941 εἰκὸς
654 2906 690 2940 δὲ
708 2905 800 2940 Edd.
817 2906 904 2941 εἰκὸς
920 2906 960 2949 δὴ
981 2905 1025 2940 D.
1171 2917 1223 2941 12.
1249 2905 1379 2940 ἐθέλειν
1396 2906 1442 2940 D.
1588 2918 1640 2949 14.
1666 2908 1705 2941 τὸ

138 2960 358 2998 assumptum
374 2966 415 2988 ex
433 2954 480 2988 D.
703 2962 754 2998 17.
781 2952 944 2996 ἐκύκλησε
962 2952 1053 2987 Edd.
1281 2954 1331 2988 18.
1357 2953 1449 2999 λέγει
1467 2953 1519 2999 (·=
1539 2953 1638 2999 λέγῃ)
1659 2954 1705 2988 D.

140 3011 193 3035 20.
219 3001 359 3037 ἀπάταις
378 3001 423 3036 D.
441 3001 548 3045 ἀπάτῃ
567 2999 659 3034 Edd.
849 3010 903 3045 29.
929 2998 1124 3035 ἐκύκλωσαν
1140 2999 1199 3034 iid.

195 3067 285 3096 VOL.
310 3069 337 3096 1.
901 3067 929 3094 X
