2021 3434
289 234 342 271 86
681 233 726 271 B.
772 233 1046 272 CYRILLI
1091 233 1467 272 ALEXANDR.
1677 232 1731 271 iii.
1758 245 1795 280 2,
1819 245 1856 285 3.

241 348 266 388 d
286 341 529 407 εἰρημένοις
549 346 857 406 προσβαλεῖς.
918 342 942 391 ὁ
969 342 1077 392 δέκα
1104 344 1178 392 καὶ
1203 342 1338 392 πέντε
1365 340 1559 407 ἀριθμὸς
1581 339 1859 406 περιεκτικός

284 426 384 474 ἐστι
411 428 504 474 τῶν
530 422 660 483 ἑπτὰ,
685 424 758 472 καὶ
785 424 940 483 μέντοι
967 425 1042 473 καὶ
1068 427 1162 473 τῶν
1187 423 1323 474 ὀκτώ.
1386 423 1661 487 σημαίνεται
1688 421 1742 472 δέ
1760 444 1861 474 πως

283 508 350 555 ἀεὶ
374 503 501 570 παρά
527 527 579 569 γε
599 507 656 571 τῇ
684 504 981 573 θεοπνεύστῳ
1005 509 1184 572 γραφῇ,
1211 505 1286 555 διὰ
1310 503 1394 567 μὲν
1420 511 1502 556 τοῦ
1527 503 1643 555 ἑπτὰ
1668 503 1862 565 σύμπας·

283 588 307 636 ὁ
338 591 420 636 τοῦ
449 585 592 649 νόμου
625 585 784 652 καιρὸς
817 585 951 653 μέχρι
985 591 1079 637 τῶν
1114 588 1261 652 ἁγίων
1291 591 1562 654 προφητῶν,
1597 585 1671 636 διὰ
1702 583 1784 635 τὸν
1813 586 1861 634 ἐν

282 668 459 735 ἑβδόμῃ
505 667 860 731 σαββατισμὸν,
901 668 976 719 διὰ
1020 668 1069 719 δὲ
1112 674 1194 719 τοῦ
1234 667 1354 720 ὀκτὼ
1393 668 1540 720 πάλιν
1573 669 1597 718 ὁ
1635 670 1717 730 τῆς
1759 665 1902 721 νεάς5

283 749 516 813 διαθήκης,
555 751 656 801 καθ’
690 748 746 813 ἢν
781 751 808 814 ἡ
844 751 1107 804 ἀνάστασις
1145 757 1228 801 τοῦ
1269 754 1489 817 Σωτῆρος
1528 750 1660 814 ἡμῶν
1698 750 1860 813 Ἰησοῦ

282 835 507 896 Χριστοῦ,
525 833 748 897 γενομένη
774 833 892 883 κατὰ
918 831 1002 897 τὴν
1028 832 1213 899 ὀγδόην.
1275 835 1350 883 καὶ
1377 839 1514 884 τοῦτο
1539 830 1665 894 οἶμαι
1686 834 1860 895 δηλοῦν

61 919 183 985 EFCJQ·
245 968 248 971 ,
280 912 334 964 τὸ
369 917 717 979 αἰνιγματωδῶς
751 916 999 980 εἰρημένον,
1028 922 1056 944 “
1072 914 1171 969 Δὸς
1205 917 1367 980 μερίδα
1403 920 1498 968 τοῖς
1536 914 1666 976 ἑπτὰ,
1699 914 1778 964 καί
1805 936 1858 978 γε

124 988 135 993 ”
282 1003 308 1025 “
334 1001 427 1049 τοῖς
462 996 622 1059 ὀκτώ,”
651 996 864 1048 τουτέστι
903 997 1049 1048 τόπον
1085 996 1320 1065 ἐχέτωσαν
1354 996 1483 1063 παρὰ
1521 999 1614 1059 σοὶ,
1641 997 1779 1059 νόμος
1811 1019 1860 1045 τε

241 1079 355 1127 Θκαὶ
392 1081 433 1128 οἱ
468 1080 563 1141 μετ’
592 1078 732 1130 αὐτὸν
766 1083 1018 1146 προφῆται,
1053 1078 1136 1130 τὸν
1171 1082 1218 1129 ἐν
1255 1079 1434 1147 ἑβδόμῃ
1467 1084 1689 1141 τιμῶντες
1727 1084 1857 1140 σαβ-

279 1159 533 1224 βατισμόν·
576 1161 812 1228 ἐχέτωσαν
848 1160 894 1212 δὲ
932 1164 1006 1212 καὶ
1042 1166 1081 1212 οἱ
1116 1161 1249 1224 ὀκτὼ,
1277 1163 1518 1212 τουτέστιν
1554 1166 1594 1212 οἱ
1629 1161 1746 1224 μετὰ
1777 1163 1861 1225 τὴν

280 1243 609 1307 ἀναστάσιμον
635 1250 717 1295 τοῦ
746 1247 964 1309 Σωτῆρος
999 1245 1174 1309 ἡμέραν
1198 1243 1499 1295 Ἀπόστολοί
1521 1266 1566 1294 τε
1592 1245 1667 1294 καὶ
1696 1245 1857 1310 Εὐαγ-

279 1327 509 1389 γελισταί.
575 1327 823 1387 συμβαίνει
859 1326 906 1377 δὲ
944 1326 1094 1396 τούτῳ
1130 1328 1205 1377 καὶ
1239 1326 1292 1376 τὸ
1328 1325 1403 1376 διὰ
1429 1329 1587 1395 φωνῆς
1612 1324 1861 1394 προφήτου

57 1415 137 1491 {110-
156 1426 186 1445 v·
278 1407 493 1473 πλαγίως
519 1408 911 1472 ὑποδηλούμενον,
939 1415 966 1437 “
989 1411 1083 1459 Καὶ
1108 1407 1441 1474 ἐγερθήσονται
1476 1409 1543 1459 ἐπ’
1567 1406 1707 1458 αὐτὸν
1741 1406 1860 1458 ἑπτὰ

58 1484 86 1498 ι’
281 1497 307 1518 “
331 1488 554 1553 ποιμένες,
591 1492 666 1541 καὶ
711 1490 832 1541 ὀκτὼ
869 1490 1085 1556 δήγματα
1135 1491 1434 1556 ἀνθρώπων.”
1497 1488 1858 1557 ἐπιλάμψαντος

280 1569 372 1636 γὰρ
421 1571 529 1635 ἡμῖν
576 1578 658 1622 τοῦ
710 1575 928 1637 Σωτῆρος
979 1573 1110 1636 ἡμῶν
1165 1576 1394 1639 Χριστοῦ,
1446 1571 1860 1640 κατεξανέστησαν

281 1653 455 1719 τρόπον
503 1652 606 1704 τινὰ
655 1659 737 1704 τοῦ
787 1654 1153 1719 παραλύσαντος
1203 1655 1322 1718 ἡμᾶς
1366 1658 1553 1703 σατανᾶ
1602 1652 1768 1716 νομικά
1811 1676 1859 1704 τε

77 1743 125 1776 61
150 1741 201 1774 A·
242 1750 263 1773 ²1
283 1738 356 1786 καὶ
391 1736 660 1805 προφητικά
695 1736 984 1802 κηρύγματα,
1010 1737 1038 1800 ἡ
1065 1736 1359 1799 ἀποστολική
1391 1759 1440 1786 τε
1470 1736 1726 1788 παίδευσις.
1785 1733 1860 1785 διὰ

283 1817 374 1884 γάρ
404 1841 475 1868 τοι
501 1819 677 1869 τούτων
703 1818 965 1886 κατεδήχθη
991 1820 1166 1885 τρόπον
1200 1817 1304 1869 τινὰ
1339 1820 1414 1868 καὶ
1444 1817 1724 1881 σεσύληται.
1785 1820 1858 1868 καὶ

60 1914 227 1969 8,,ὶ1ῑῑῖῑ11-
283 1899 401 1951 κατὰ
436 1900 519 1965 τὴν
555 1907 636 1952 τοῦ
676 1905 894 1967 Σωτῆρος
930 1900 1092 1966 φωνὴν
1127 1901 1398 1967 διηρπάσθη
1436 1900 1495 1951 τὰ
1525 1900 1670 1964 σκεύη
1705 1900 1859 1962 αὐτοῦ,

60 1969 115 1988 Μ’
140 1968 186 1998 ²⁹⁶
282 1986 364 2047 τῆς
400 1985 472 2034 ὑπ’
510 1985 634 2053 αὐτῷ
674 1984 884 2036 δουλείας
925 1984 1327 2050 ἐκπεφοιτηκότων
1366 1987 1459 2033 τῶν
1491 1982 1860 2046 πεπλανημένων

281 2065 408 2128 ποτὲ,
429 2066 503 2116 καὶ
531 2064 612 2116 τὸν
640 2065 782 2134 φύσει
810 2067 885 2115 καὶ
909 2068 1099 2129 ἀληθῶς
1120 2064 1243 2116 Θεὸν
1263 2068 1336 2115 καὶ
1364 2069 1457 2115 τῶν
1477 2064 1602 2115 ὅλων
1627 2062 1862 2127 δεσπότην

282 2146 624 2213 ἐπεγνωκότων.
709 2149 875 2198 οὐκοῦν
920 2148 1250 2211 ἐπανέστησαν
1300 2147 1384 2210 μὲν
1434 2149 1557 2216 αὐτῷ
1601 2154 1627 2176 ‘⁶
1646 2147 1861 2210 ποιμένες

281 2241 308 2262 “
334 2231 453 2284 ἑπτὰ
479 2235 554 2283 καὶ
589 2231 711 2284 ὀκτὼ
739 2231 955 2298 δήγματα
981 2232 1282 2298 ἀνθρώπων,”
1309 2233 1564 2294 τουτέστιν,
1591 2236 1634 2282 οἱ
1659 2232 1752 2298 πρὸ
1778 2235 1861 2296 τῆς

281 2316 533 2379 ἐπιδημίας,
561 2318 634 2366 καὶ
668 2319 710 2366 οἱ
743 2313 860 2378 μετὰ
893 2315 978 2379 τὴν
1013 2313 1198 2379 ὀγδόην,
1224 2312 1299 2365 διὰ
1331 2319 1531 2377 νομικῶν
1561 2337 1610 2365 τε
1646 2315 1719 2364 καὶ
1747 2315 1867 2377 νέων,

239 2396 572 2462 1’γραμμοίτων
620 2403 869 2450 καλοῦντες
918 2401 979 2450 εἷς
1029 2396 1267 2462 σωτηρίαν
1316 2396 1421 2450 τοὺς
1462 2396 1858 2461 πεπλανημένους.

283 2479 584 2530 Διατετέλεκε
619 2479 773 2530 τοίνυν
809 2480 834 2529 ὁ
858 2477 1072 2544 Ἰσραὴλ,
1107 2480 1168 2531 ὡς
1205 2478 1337 2545 ἔφην,
1363 2482 1463 2532 ταῖς
1498 2479 1732 2541 ἀδοκίμοις
1765 2484 1860 2530 τῶν

282 2559 406 2610 ἰδίων
434 2561 734 2612 διδασκάλων
761 2565 952 2630 φωναῖς,
978 2561 1078 2626 ἤτοι
1101 2564 1236 2630 ψιλῷ
1269 2565 1335 2630 τῷ
1372 2564 1543 2630 νομικῷ
1577 2559 1860 2629 τρεφόμενος

281 2641 531 2707 γράμματι,
561 2645 707 2695 καίτοι
733 2646 992 2710 περιέχοντι
1027 2644 1101 2693 καὶ
1137 2642 1196 2693 τὰ
1226 2645 1307 2706 τῆς
1340 2642 1521 2708 ὀγδόης,
1545 2643 1773 2705 τουτέστι,
1801 2641 1861 2694 τὰ

331 2807 364 2841 3.
389 2811 427 2840 γε
445 2803 665 2842 assumptum
684 2811 725 2832 ex
744 2798 790 2832 D.
1048 2809 1080 2840 5.
1107 2796 1178 2844 διὰ]
1199 2798 1252 2832 ἐπὶ
1271 2798 1362 2832 Edd.
1629 2798 1660 2832 6.
1688 2797 1857 2843 Σωτῆρος]

285 2843 409 2887 Κυρίου
426 2843 486 2876 iid.
533 2843 646 2887 Ἰησοῦ
664 2857 732 2878 om.
753 2845 798 2879 D.
990 2856 1022 2890 9.
1049 2847 1149 2888 νόμον
1165 2857 1228 2890 pro
1245 2847 1348 2879 τόπον
1366 2845 1412 2879 D.
1604 2856 1655 2890 13.
1680 2845 1859 2886 συμβαίνει

283 2889 319 2923 δέ
337 2889 443 2934 τούτῳ
462 2889 504 2922 Β.
523 2892 628 2933 συμΒ.
647 2891 682 2924 δὲ
700 2894 798 2925 τοῦτο
819 2891 909 2926 Edd.
929 2892 1082 2936 σημαίνει
1100 2892 1136 2925 δέ
1153 2894 1252 2926 τοῦτο
1268 2892 1314 2926 D.
1363 2895 1423 2926 τοῦ
1441 2898 1519 2936 post
1537 2894 1651 2936 φωνῆς
1669 2892 1748 2926 add.
1767 2891 1858 2926 Edd.

288 2936 340 2969 16.
367 2934 472 2980 ἡμῶν]
491 2940 526 2975 —†-
540 2936 654 2979 Ἰησοῦ
672 2937 730 2971 iid.
749 2939 866 2972 invitis
886 2939 979 2973 B.D.
1126 2939 1178 2973 18.
1204 2939 1222 2982 ἡ
1241 2946 1461 2983 assumptum
1479 2951 1519 2972 ex
1539 2939 1584 2973 D.
1721 2949 1775 2972 21.
1801 2937 1856 2971 ὑπ’

283 2983 391 3016 αὐτῶν
408 2982 488 3024 (sic)
511 2982 552 3016 D.
604 2983 838 3027 ἐκπεφυκότων
858 2985 901 3019 D.
1140 2996 1194 3029 23.
1221 2985 1322 3019 αὐτοῦ
1341 2985 1386 3020 D.
1620 2996 1673 3027 24.
1701 2986 1753 3018 καὶ
1771 2985 1856 3018 ὀκτὼ

283 3028 433 3074 δήγματα
451 3029 632 3072 ἀνθρώπων
650 3042 717 3063 om.
741 3031 831 3065 B.D.
1034 3044 1087 3076 29.
1115 3033 1199 3066 καίτι
1220 3032 1264 3066 D.

1886 1106 1931 1130 10
