2021 3434
115 183 139 222 i.
163 195 202 234 4.
567 184 640 225 IN
680 185 952 226 JOELEM.
1012 184 1160 226 TOM.
1195 185 1230 225 Ι.
1603 183 1681 222 291

116 299 144 321 “
165 315 258 356 νον,
308 296 383 345 καὶ
434 294 576 357 ἔλαβε
625 295 685 346 τὰ
734 295 929 347 ε’κλεκτὰ
978 299 1059 360 τῆς
1105 296 1282 361 κε’δρου,
1332 294 1391 346 τὰ
1439 294 1558 360 ἄκρα
1606 296 1688 357 τῆς

118 382 145 404 “
171 376 467 440 ἀπαλότητος
501 377 732 440 ἀπέκνισε,
761 380 834 428 καὶ
867 378 1056 444 ἤνεγκεν
1090 376 1207 428 αὐτὰ
1237 380 1298 430 εἷς
1330 379 1420 442 γῆν
1449 374 1685 428 Χαναάν.”

118 457 349 521 ὑπεδήλου
382 458 474 524 γὰρ
518 460 713 514 ἀστείως
750 459 832 511 τὸν
870 463 950 524 τῆς
991 460 1308 520 Βαβυλωνίων
1345 459 1550 526 ἄρχοντα
1587 460 1688 523 γῆς,

117 537 199 589 τὸν
245 541 548 606 ἀποκείροντα
592 546 686 592 τῶν
734 542 791 610 ἐξ
830 541 1030 608 Ἰσραὴλ
1078 541 1137 592 τὰ
1185 541 1409 610 ἐξαίρετα,
1455 542 1529 591 καὶ
1574 539 1725 590 οἵκοια
1754 550 1845 584 200
1859 548 1910 582 A·

78 642 99 681 5
119 621 414 682 μετατιθέντα
476 623 529 674 τὸ
593 625 955 689 διηρπασμένων.
1045 625 1120 674 καὶ
1177 623 1247 674 ὅτι
1303 622 1388 686 μὲν
1436 622 1691 689 γεγόνασιν

120 705 309 770 ἀφορίαι
347 727 395 754 τε
428 707 600 771 ἀγρῶν,
636 705 804 755 ε”νδειαί
837 729 883 756 τε
922 710 1016 756 τῶν
1055 706 1252 772 ὡρίμων,
1285 707 1360 756 καὶ
1399 708 1525 768 λιμοὶ
1559 712 1693 756 πλει-

119 784 283 839 στάκις
315 788 502 850 ἀπηνεῖς
527 809 577 837 τε
604 789 678 837 καὶ
716 791 882 852 μακροὶ
917 786 1035 837 κατά
1061 809 1114 853 γε
1145 787 1230 850 τὴν
1255 786 1493 837 Ἰουδαίων
1519 788 1692 854 χώραν,

120 866 210 934 ἔφη
251 866 304 917 τὸ
345 867 540 933 γράμμα
577 868 629 919 τὸ
669 869 805 934 ἱερόν.
871 870 958 934 ἤδη
998 868 1090 935 γάρ
1127 891 1247 923 τινες
1284 874 1424 931 λιμοῦ
1463 870 1687 920 καταθλί-

119 955 286 1009 βοντος
313 950 516 1016 ἀνάγκης
551 954 612 1004 εἷς
647 957 784 1001 τοῦτο
819 950 1154 1019 κεχωρήκασιν,
1182 949 1306 1001 ὥστε
1337 949 1445 1001 ὄνου
1480 950 1693 1019 κεφαλὴν
1753 959 1873 1033 ssisszeg’

55 1059 103 1084 10
119 1030 407 1095 πεντήκοντα
439 1033 669 1099 πρίασθαι
703 1034 900 1085 σίκλων.
965 1033 1254 1102 παραδείξειε
1293 1033 1335 1082 δ’
1371 1032 1427 1083 ἂν
1457 1035 1540 1097 τῆς
1576 1030 1694 1083 κατὰ
1789 1026 1797 1034 ’
1836 1012 1864 1041 ⁵·

122 1112 304 1179 καιροὺς
340 1115 510 1167 ἐνδείας
547 1113 631 1178 τὴν
669 1114 924 1181 ἀγριότητα
957 1114 1017 1165 τὰ
1052 1116 1155 1181 περὶ
1194 1119 1288 1166 τῶν
1324 1115 1504 1166 παίδων
1541 1138 1689 1178 μεμα-
1754 1117 1872 1202 {3229

121 1194 299 1263 χημένα
330 1195 513 1261 γύναια.
580 1198 675 1247 ἐπεὶ
711 1195 802 1262 γὰρ
834 1196 1197 1261 κατεδηδόκασιν
1224 1200 1269 1248 αἱ
1302 1196 1383 1247 δύο
1417 1196 1470 1248 τὸ
1501 1194 1565 1260 ἓν,
1591 1198 1738 1263 περιῙ)

122 1284 204 1329 τοῦ
230 1278 397 1344 ζῶντος
424 1276 687 1344 δικάζεσθαι
713 1278 841 1344 παρὰ
865 1284 960 1333 τοῖς
985 1285 1239 1345 κρατοῦσιν
1264 1279 1440 1348 ἠξίουν.

198 1361 398 1423 Οὐκοῦν,
437 1364 473 1410 εἰ
510 1362 594 1424 μὲν
627 1363 786 1427 ἀγρῶν
824 1362 1023 1431 ἀφορίας
1053 1365 1128 1412 καὶ
1167 1366 1358 1428 καρπῶν
1397 1358 1700 1430 καταφθορᾶς

59 1443 148 1501 155
174 1442 463 1510 προφητικὸς
496 1443 604 1507 ἡμῖν
641 1445 689 1494 ἐν
723 1443 902 1498 τούτοις
933 1444 1267 1508 κατασημαίνει
1298 1442 1454 1510 λόγος,
1481 1442 1614 1494 νοοῖτ’
1643 1441 1700 1493 ἂν

123 1523 177 1575 τὸ
210 1527 367 1593 χρῆμα
404 1527 478 1576 καὶ
514 1527 659 1580 οὕτως
689 1525 942 1595 ἀφόρητον·
984 1525 1038 1577 τὸ
1072 1526 1164 1593 γὰρ
1200 1526 1369 1595 ἐφεξῆς
1400 1528 1476 1577 καὶ
1514 1525 1701 1589 ἀμέσως

124 1607 369 1660 πλείσταις
419 1630 469 1657 τε
518 1607 652 1662 ὅσαις
694 1611 770 1660 καὶ
813 1614 1041 1676 χαλεπαῖς
1089 1607 1431 1674 καταικίζεσθαι
1480 1613 1700 1674 πληγαῖς,

125 1692 224 1742 πῶς
262 1690 314 1740 οὑ
352 1688 608 1741 δύσοιστον
647 1694 830 1759 κομιδῇ,
863 1692 936 1741 καὶ
982 1697 1064 1742 τοῦ
1102 1691 1474 1755 μνημονεύεσθαι.
1510 1691 1702 1757 πρέπειν

126 1771 209 1821 οὐκ
245 1773 496 1837 ἀμοιροῦν;
537 1776 574 1823 εἰ
609 1772 656 1823 δὲ
695 1771 750 1837 δὴ
795 1774 869 1823 καὶ
910 1777 971 1826 εἷς
1016 1774 1172 1838 ἑτέρας
1208 1773 1328 1837 ἡμᾶς
1366 1774 1539 1826 ἐννοίας
1578 1774 1699 1823 ἀπο-

63 1880 111 1905 20
128 1853 295 1921 κομίζει
335 1853 393 1904 τὰ
431 1853 707 1920 θεωρήματα
753 1856 1153 1919 κατεσκιασμένας
1191 1861 1286 1909 τοῖς
1325 1853 1701 1922 ἐμφανεστέροις,

128 1936 270 1988 ἔοικεν
307 1937 414 2002 ἡμῖν
448 1938 472 1988 ὁ
506 1938 766 2006 Προφήτης
804 1937 988 2004 κάμπην
1027 1940 1101 1988 καὶ
1137 1935 1314 2007 ἀκρίδα,
1342 1935 1525 2007 βροῧχόν
1551 1961 1597 1988 τε
1629 1938 1704 1987 καὶ

129 2019 334 2089 ἐρυσίβην,
363 2020 438 2070 καὶ
475 2018 534 2070 τὰ
571 2021 778 2071 ἐντεῦθεν
811 2019 934 2071 δεινὰ
965 2022 1040 2071 καὶ
1071 2020 1288 2089 ἀφόρητα
1325 2019 1504 2084 βλάβη,
1535 2018 1618 2072 τὰς
1655 2020 1741 2069 ἐνο

129 2100 313 2171 ἑκάστῳ
345 2106 488 2171 καιρῷ
521 2101 836 2170 καταδῃώσεις
868 2103 1149 2167 ὑποδηλοῦν,
1174 2105 1249 2152 καὶ
1279 2101 1384 2156 τοὺς
1408 2107 1502 2153 τῶν
1528 2105 1699 2168 αἰχμα-

130 2188 322 2234 λωσιῶν
360 2185 644 2235 αἰνίττεσθαι
680 2184 896 2251 τρόπους·
940 2185 1019 2252 ὑφ’
1059 2184 1123 2235 ὧν
1168 2183 1509 2249 δεδαπάνηνταί
1544 2207 1591 2234 τε
1630 2185 1705 2234 καὶ

65 2289 113 2329 25
133 2265 430 2329 ἀπολώλασι,
464 2265 612 2330 ληίοις
650 2267 698 2317 ἐν
732 2266 823 2336 ’ίσῳ
857 2272 952 2321 τοῖς
984 2268 1032 2317 ἐν
1063 2268 1193 2336 ἀγρῷ
1226 2268 1473 2334 μονονουχὶ
1508 2269 1700 2331 κατεδη-

133 2346 335 2398 δοκότων
368 2347 532 2402 αὐτοὺς
571 2350 646 2398 καὶ
677 2348 1069 2416 κατεφθαρκότων
1095 2353 1188 2398 τῶν
1219 2347 1302 2402 τὰς
1336 2347 1530 2417 ἐφόδους
1556 2348 1702 2416 ἐξειρ-

133 2430 398 2496 γασμένων.
465 2433 645 2481 πολλαὶ
688 2428 770 2493 μὲν
809 2431 890 2481 οὖν
930 2431 1184 2496 γεγόνασιν
1227 2433 1273 2480 αῖ
1316 2429 1404 2480 ἀνὰ
1448 2429 1584 2496 μέρος
1625 2430 1703 2498 ἐξ-

183 2580 214 2603 2.
241 2568 340 2614 αὐτὰ]
359 2569 478 2604 αὐτοὺς
496 2568 586 2603 Edd.
636 2569 721 2603 Post
738 2569 784 2604 εἷς
802 2569 881 2603 add.
900 2569 959 2613 τὴν
976 2569 1035 2603 iid.
1242 2580 1274 2613 3.
1300 2568 1458 2614 ἀστείως]
1478 2568 1631 2614 'Acro-obp
1650 2570 1708 2604 iid.

135 2629 168 2658 4.
194 2615 428 2660 ἆποκείροντα]
447 2616 666 2659 ἀποκείρειν-τα
687 2616 732 2649 D.
751 2615 810 2649 iid.
977 2626 1010 2660 5.
1037 2615 1219 2658 μεταθέντα
1240 2616 1284 2649 D.
1303 2615 1363 2649 iid.
1537 2616 1570 2650 6.
1596 2632 1631 2651 τε
1649 2619 1708 2651 alt.

136 2669 358 2707 assumptum
377 2674 417 2696 ex
438 2662 478 2696 Β.
485 2662 531 2718 D.
697 2672 727 2706 7.
753 2677 873 2707 μακροι
890 2674 959 2696 om
979 2662 1073 2696 A.ub
1123 2662 1270 2696 ἷουδαίιιν
1290 2662 1382 2697 Edd.
1551 2664 1584 2698 8.
1611 2678 1709 2698 κατα-

137 2708 315 2748 θλίβοντος
334 2709 375 2742 Β.
393 2707 631 2751 κατατήκοντος
650 2708 696 2742 D.
716 2708 805 2742 Edd.
899 2721 931 2753 9.
949 2709 1092 2754 ἀνάγκης
1107 2710 1152 2744 εἷς
1169 2723 1268 2743 τουτο
1285 2709 1351 2743 hoc
1369 2708 1443 2743 ord.
1466 2709 1508 2744 B.
1513 2709 1560 2744 D.
1601 2710 1707 2756 ὥστε]

138 2755 182 2790 ὡς
201 2754 242 2789 Β.
389 2766 441 2789 10.
466 2757 524 2798 τῆς
541 2756 622 2788 κατὰ
639 2769 668 2788 κ.
686 2755 752 2788 ἐνδ.
771 2756 830 2798 τὴν
847 2754 942 2801 ἀγρ.]
961 2756 1021 2800 τὴν
1037 2757 1119 2789 κατὰ
1137 2770 1165 2789 κ.
1184 2755 1261 2800 ἀγρ.
1282 2755 1328 2790 D.
1350 2756 1442 2790 Edd.
1598 2769 1651 2791 ΙΙ.
1669 2760 1710 2791 τὰ

139 2806 360 2846 assumptum
377 2814 418 2834 ex
439 2801 478 2835 Β.
484 2802 530 2835 D.
578 2801 718 2835 παιδίων
738 2802 782 2835 D.
798 2802 889 2836 Edd.
1066 2813 1117 2836 12.
1137 2802 1413 2859 κατεδηδόκασιν]
1435 2803 1712 2848 κατεδηδόκεισαν

140 2847 230 2882 Edd.
354 2856 407 2892 15.
433 2847 531 2882 νοοῖτ’
549 2846 589 2881 ἂν
605 2847 659 2893 τὸ]
680 2850 789 2882 νοοῖτο
806 2848 866 2883 iid.
980 2860 1032 2893 19.
1059 2849 1143 2892 δὴ..
1183 2848 1286 2892 ,ἡμᾶς
1303 2848 1447 2894 [ἡμῖνΒ
1454 2849 1480 2895 .]
1498 2877 1504 2885 ,
1520 2877 1527 2885 .
1545 2877 1551 2884 .
1567 2878 1573 2885 .
1587 2851 1710 2885 ἀποκο-

139 2895 268 2939 μίξει..
308 2894 611 2938 ,κατεσκιασμένας
643 2896 712 2930 τοῖς
744 2895 1008 2940 ἐμφανεστέροις
1046 2895 1087 2929 Β.
1093 2896 1139 2929 D.
1167 2896 1218 2929 δεῖ
1299 2896 1418 2940 .ἡμῖν.
1480 2897 1712 2941 ,ἀποκομιζειν

214 2940 501 2985 .κατεσκιασμένα
517 2942 576 2976 τὰς
592 2941 845 2987 ἐμφανεστέρας
861 2942 1277 2986 11ἀ.22.ερισύβην
1296 2943 1355 2987 (ut
1372 2944 1497 2988 Supra)
1516 2957 1575 2990 pas
1580 2957 1644 2978 sun
1667 2946 1711 2978 D.

144 2996 198 3033 25.
216 2987 330 3033 ἀγροῖς
346 2987 634 3033 11ἀ.27.μέν
650 2987 724 3034 οὐν]
742 2989 807 3035 γὰρ
826 2988 946 3023 1).11(1.
996 2989 1255 3035 ἐξαναστάσεις]
1275 2990 1526 3027 ἀναστατώσας
1544 2992 1590 3026 D.
1605 2991 1665 3026 iid.

904 3056 1021 3097 sz
