2021 3434
267 582 293 622 d

92 1160 250 1210 SMatth.

92 1215 182 1234 xxlv.
199 1214 224 1235 2.

276 1415 298 1440 Β

93 1661 124 1690 S.
136 1660 253 1692 Jac.ii.

96 1704 144 1735 26.

91 2070 178 2104 424
194 2070 242 2104 A.
275 2081 296 2105 a

97 2148 201 2197 Κεφ.
226 2144 270 2186 ὃΙ.

273 2331 292 2355 2

316 222 400 260 656
732 222 781 262 Β.
825 222 1099 262 CYRILLI
1151 223 1531 264 ALEXANDR.
1721 225 1773 264 iv.
1799 238 1890 274 1,2.

313 329 341 392 ἡ
388 329 635 392 διαβόητος
679 330 984 397 Ἰερουσαλὴμ,
1028 331 1269 381 τουτέστιν
1310 331 1589 396 ἠρημωμένη
1632 334 1707 383 καὶ
1751 355 1889 383 κατε-

312 410 604 476 στραμμένη,
643 414 718 462 καὶ
757 411 869 462 αὐτὸ
910 411 959 463 δὲ
997 411 1042 463 τὶ
1078 414 1165 483 ἔρος
1201 415 1272 464 τοῦ
1312 415 1441 471 οἴκου,
1465 414 1726 477 τουτέστιν,
1755 416 1780 465 ὁ
1817 415 1890 482 ἐφ’

312 494 505 562 ὑψηλοῦ
527 492 748 562 γηλόφου
775 494 978 558 κείμενος
1006 493 1136 555 νεὼς,
1162 501 1221 550 εἰς
1246 496 1390 550 ἄλο-ος
1419 492 1588 564 δρυμοῦ.
1647 496 1805 555 ὅμοιον
1830 498 1894 550 ὡς

313 579 349 626 εὶ
390 577 541 641 λέγοι,
585 576 758 642 θηρίων
801 577 978 642 ἀγρίων
1015 578 1280 641 ἐναύλισμα
1324 579 1397 628 καὶ
1442 576 1707 643 δρακόντων
1752 580 1887 645 χειαί.

313 742 449 804 θῆρες
487 741 563 789 καὶ
600 739 659 790 τὰ
693 744 787 791 τῶν
821 741 1025 806 ἑρπετῶν
1057 742 1263 791 ἀτίθασα
1300 742 1424 807 γένη,
1452 743 1572 792 οὕτω
1604 743 1679 792 καὶ
1718 743 1765 792 ἐν
1797 746 1893 795 τοῖς

313 822 631 885 ἠρημωμένοις
651 826 745 872 τῶν
762 821 934 886 τόπων,
952 824 1025 873 καὶ
1048 822 1246 889 ἔνθαπερ
1268 822 1325 874 ἂν
1344 822 1510 875 πολλὰ
1529 823 1636 874 λίαν
1654 823 1894 892 φαίνοιντο

312 902 371 953 τὰ
396 903 793 965 συμπεπτωκότα.

389 986 668 1050 Συμβέβηκε
695 985 742 1037 δὲ
769 989 901 1038 ταυτὶ
927 992 1022 1040 τοῖς
1049 991 1143 1037 τῶν
1167 986 1405 1038 Ἰουδαίων
1431 986 1605 1052 δήμοις,
1632 986 1708 1039 ὅτε
1732 988 1806 1038 καὶ
1832 990 1894 1040 εἷς

314 1067 455 1119 αὑτὸν
478 1067 847 1138 πεπαρωνήκασι
873 1068 956 1121 τὸν
972 1069 1301 1134 Ἐμμανουήλ.
1349 1068 1452 1120 τότε
1479 1069 1570 1135 γὰρ
1598 1068 1701 1120 τότε
1727 1068 1894 1120 διολώ-

315 1156 433 1200 λασι
463 1155 728 1213 παντελῶς,
759 1154 834 1202 καὶ
870 1152 1002 1205 λίθος
1028 1154 1080 1203 οὐ
1115 1151 1364 1215 μεμένηκεν
1391 1154 1464 1203 ἐπὶ
1491 1152 1630 1221 λίθῳ,
1660 1151 1779 1202 κατὰ
1809 1150 1895 1216 τὴν

316 1233 457 1283 αὐτοῦ
484 1239 567 1284 τοῦ
597 1237 815 1300 Σωτῆρος
844 1233 1024 1301 φωνήν·
1067 1234 1294 1299 ἀρόσιμος
1327 1233 1374 1284 δὲ
1412 1237 1473 1300 γῆ
1513 1237 1586 1284 καὶ
1622 1239 1717 1287 τοῖς
1744 1256 1894 1299 γηπο-

316 1319 478 1365 νοῦσιν
503 1315 736 1379 ἐπιτηδεία
774 1316 996 1366 δέδεικται
1035 1315 1204 1367 λοιπὸν
1236 1316 1263 1380 ἡ
1297 1315 1447 1367 πάλαι
1472 1314 1626 1380 σεπτὴ
1653 1317 1728 1366 καὶ
1754 1315 1893 1385 ἀξιοί-

315 1417 496 1460 γαστος
522 1398 660 1447 Σιών.
724 1396 855 1461 πλὴν
886 1398 1055 1459 ἰστέον,
1082 1398 1152 1448 ὅτι
1179 1398 1300 1451 Θεὸς
1335 1398 1468 1449 ἔσται
1506 1400 1580 1448 καὶ
1611 1399 1659 1449 ἐν
1691 1399 1814 1462 ἡμῖν,
1841 1399 1895 1448 οὐ

314 1477 476 1528 πίστιν
503 1478 665 1546 ε”χουσι
702 1478 864 1544 μόνην,
892 1478 995 1530 οὐδὲ
1035 1479 1131 1530 οἷον
1157 1480 1225 1531 ἐπ’
1253 1481 1378 1549 αὐτῷ
1416 1479 1781 1543 ἀναπαυομένοις
1819 1478 1896 1532 διὰ

314 1565 466 1622 τοῦτο,
486 1561 597 1611 ἀλλ’
616 1564 653 1611 εὶ
679 1562 991 1627 προσγένοιτο
1017 1566 1075 1630 τῇ
1099 1562 1257 1613 πίστει
1284 1565 1359 1613 καὶ
1385 1561 1439 1613 τὸ
1465 1562 1522 1631 ἐξ
1544 1562 1694 1628 ἔργων
1720 1563 1894 1614 εὐδοκι-

315 1646 430 1704 μεῖν.
495 1650 521 1672 “
543 1644 608 1694 ‘H
648 1642 742 1710 γὰρ
775 1643 935 1698 πίστις
977 1647 1118 1711 χωρὶς
1158 1645 1306 1711 ἔργων
1344 1644 1482 1711 νεκρά
1515 1645 1648 1695 ἐστι”
1684 1644 1804 1695 κατὰ
1840 1643 1893 1696 τὸ

315 1724 651 1790 γεγραμμένον.
715 1724 1011 1776 συνθεόντων
1047 1725 1095 1776 δὲ
1136 1731 1230 1777 τῶν
1267 1726 1416 1793 ἔργων
1458 1731 1554 1780 τοῖς
1598 1728 1647 1777 ἐκ
1690 1726 1894 1781 πίστεως

314 1808 528 1871 ἀγαθοῖς,
570 1807 674 1859 τότε
716 1807 772 1872 δὴ
811 1807 916 1859 τότε
959 1811 1034 1859 καὶ
1075 1809 1304 1859 συνέσται
1341 1808 1477 1872 Θεὸς,
1518 1811 1593 1859 καὶ
1633 1808 1894 1876 ἀναῤῥώσει

311 1890 496 1957 ῥᾳδίως,
522 1891 598 1940 καὶ
624 1890 794 1958 φίλους
828 1889 1070 1956 ἡγήσεται,
1098 1892 1173 1941 καὶ
1206 1893 1267 1944 ὡς
1297 1892 1521 1957 γνησίους
1555 1892 1790 1961 εὐφρανεῖ,
1819 1893 1893 1943 καὶ

311 1971 488 2026 παντὸς
513 1972 784 2041 ἀπαλλάξει
810 1978 969 2024 κακοῦ.

318 2143 391 2185 Καὶ
419 2145 537 2186 ἔσται
577 2145 637 2186 ἐπ’
679 2145 871 2202 ἐσχάτων
914 2146 999 2187 τῶν
1043 2147 1215 2204 ἡμερῶν
1255 2147 1445 2203 ἐμφανὲς
1493 2146 1541 2189 τὸ
1583 2146 1684 2203 ὄρος
1730 2145 1893 2204 Κυρίου,

381 2230 551 2277 ἕτοιμον
595 2229 664 2270 ἐπὶ
706 2229 782 2270 τὰς
827 2230 1019 2286 κορυφὰς
1062 2231 1148 2272 τῶν
1188 2230 1342 2287 ὀρὲων,
1386 2230 1454 2271 καὶ
1502 2231 1892 2288 μετεωρισθι-ἰσεται

381 2312 582 2368 ὑπεράνω
635 2313 722 2354 τῶν
773 2313 948 2364 βουνών,
999 2314 1068 2354 καὶ
1117 2315 1370 2356 σΠεύσουσιν
1419 2314 1479 2356 ἐπ’
1525 2315 1629 2357 αὐτὸ
1671 2315 1782 2365 λαοὶ,
1825 2313 1889 2356 καὶ

380 2398 664 2452 πορεύσονται
694 2397 755 2438 ἐπ’
789 2397 893 2439 αὐτὸ
920 2399 1019 2439 ἔθνΗ
1048 2399 1201 2440 Πολλὰ
1241 2400 1310 2441 καὶ
1335 2399 1480 2456 ἐροῦσι
1507 2399 1639 2441 Δεῦτε
1665 2399 1891 2450 ἀναβῶμεν

360 2520 389 2542 1.
417 2510 469 2543 καὶ
487 2510 762 2555 κατεστραμμένη
781 2524 850 2546 om.
868 2513 912 2546 A.
1017 2523 1050 2557 3.
1078 2512 1157 2547 Hoc
1175 2514 1322 2557 κείμενος
1340 2515 1484 2549 accessit
1501 2526 1541 2548 ex
1560 2514 1642 2549 A.b.
1738 2527 1773 2557 4.
1798 2512 1890 2549 ε’ναῦ·

309 2554 436 2601 λισμα]
469 2556 647 2602 ἐγκύλωμα
679 2558 768 2592 Edd.
800 2560 917 2593 invitis
949 2559 1079 2594 A.B.b.
1146 2560 1232 2594 οἷκία
1260 2560 1438 2605 γενήσεται
1468 2573 1532 2607 pro
1560 2562 1651 2606 χειαί
1678 2561 1713 2596 b.
1745 2561 1819 2606 χιαί
1847 2562 1890 2596 Α.

310 2612 343 2646 5.
374 2603 409 2636 ἐν
426 2603 483 2636 alt.
502 2610 724 2649 assumptum
743 2618 783 2638 ex
802 2606 845 2639 A.
944 2616 975 2650 7.
1000 2606 1039 2640 ἂν
1057 2614 1279 2652 assumptum
1298 2620 1337 2641 ex
1356 2609 1400 2642 A.
1497 2620 1529 2653 9.
1556 2606 1668 2654 ταυτὶ]
1687 2611 1791 2643 ταῦτα
1808 2608 1891 2642 A.b.

309 2653 376 2683 τῶν
392 2661 462 2684 om.
481 2650 525 2684 A.
575 2651 647 2697 ὅτε]
670 2651 722 2685 ὅτι
741 2652 833 2686 Edd.
851 2653 968 2686 invitis
985 2653 1115 2688 A.B.b.
1134 2655 1187 2688 καὶ
1204 2654 1259 2688 ὅτε
1277 2655 1415 2689 inverso
1432 2654 1554 2689 ordine
1573 2655 1615 2689 Β.
1720 2666 1773 2689 12.
1791 2655 1892 2689 αὐτοῦ

309 2703 531 2740 assumptum
549 2710 590 2731 ex
609 2699 652 2732 A.
702 2697 756 2744 δέ]
780 2704 817 2740 -Ι-
838 2699 856 2743 ἡ
877 2699 968 2733 Edd.
987 2701 1103 2734 invitis
1121 2701 1214 2735 AB.
1314 2711 1367 2746 15.
1387 2703 1490 2745 μόνον
1507 2702 1551 2737 A.
1601 2700 1651 2736 ἐπ’
1670 2703 1759 2748 αὐτῷ
1778 2702 1821 2736 Β.
1839 2700 1889 2736 ἐπ’

309 2743 410 2777 αὐτὸν
430 2743 519 2777 Edd.
674 2746 727 2780 16.
757 2747 809 2780 καὶ
826 2747 957 2791 γένοιτο
974 2759 1038 2791 pro
1055 2748 1281 2792 προσγένοιτο
1298 2749 1342 2782 A.
1489 2759 1542 2794 17.
1567 2747 1687 2794 χωρις]
1707 2756 1745 2790 -1-
1765 2752 1831 2783 τῶν
1847 2749 1890 2783 Α.

313 2790 366 2823 18.
393 2790 428 2823 ἐκ
446 2790 490 2824 A.
508 2792 566 2834 τῆς
584 2791 676 2826 Edd.
800 2805 852 2838 19.
879 2792 1067 2839 ἀναῤῥώσει
1088 2794 1129 2828 Β.
1150 2795 1243 2829 Edd.
1260 2795 1432 2830 ἀνασώσει
1448 2795 1493 2830 Α.
1604 2807 1659 2830 22.
1686 2796 1835 2840 ἐσχάτου
1853 2795 1890 2830 F.

310 2836 399 2878 (XII
419 2840 609 2881 suprascr.)
633 2838 737 2873 habet
763 2839 919 2884 ἐσχάτων
936 2842 979 2874 A.
1029 2840 1124 2886 ὅρος]
1148 2846 1185 2882 -1-
1207 2840 1299 2876 οἴκου
1329 2842 1366 2876 F.
1395 2842 1486 2876 Edd.
1516 2842 1595 2887 (τοῦ
1624 2841 1714 2876 οἴκου
1745 2853 1800 2876 22.
1826 2841 1890 2886 al.)

310 2893 364 2926 23.
384 2883 532 2929 ἕτοιμον]
549 2886 587 2918 τὸ
602 2885 647 2919 ἕτ.
660 2886 705 2920 A.
753 2886 813 2930 τὴν
826 2888 978 2933 κορυφὴν
993 2887 1028 2921 F.
1045 2887 1137 2922 Edd.
1150 2888 1247 2932 (Co.)
1344 2899 1399 2932 24.
1418 2890 1522 2924 οὖνῶν
1537 2901 1599 2934 pro
1612 2891 1742 2928 βουνῶν
1753 2889 1833 2932 (sic)
1847 2888 1888 2922 Β.

311 2927 369 2972 [ex
395 2931 542 2973 οὐρανῶν
560 2931 680 2977 (153.)
699 2931 806 2979 corn]
859 2933 908 2968 ἐπ’
928 2935 1009 2968 αὐτὸ
1028 2934 1072 2968 Α.
1090 2937 1162 2979 (22.
1181 2936 1241 2978 al.)
1264 2936 1348 2980 πρὸς
1373 2936 1474 2970 αὐτὸν
1500 2936 1537 2970 F.
1556 2935 1648 2970 Edd.
1667 2935 1773 2980 (XII.
1792 2934 1888 2980 153.)

310 2974 410 3018 [πρὸς
427 2977 507 3010 αὐτὸ
525 2978 616 3011 A.V.
636 2979 685 3013 ἐπ’
709 2980 809 3014 αὐτὸν
827 2980 899 3015 XII
918 2980 1009 3026 mg]
1148 2991 1202 3026 25.
1231 2982 1281 3017 ἐπ’
1300 2983 1380 3017 αὐτὸ
1399 2983 1443 3017 Α.
1463 2981 1534 3026 (26.
1552 2983 1612 3025 al.)
1629 2984 1713 3026 πρὸς
1729 2983 1828 3016 αὐτὸν
1847 2980 1889 3015 Β.

307 3020 357 3053 ἐπ’
376 3023 475 3056 αὐτὸν
495 3023 531 3057 F.
551 3024 642 3059 Edd.
662 3025 764 3069 (XII.
788 3032 881 3072 153.)
903 3026 1005 3072 [πρὸς
1022 3028 1102 3062 αὐτὸ
1121 3028 1220 3063 Alex.
1274 3029 1370 3063 Haec
1389 3029 1516 3064 desunt
1533 3029 1568 3063 in
1587 3027 1685 3074 Vat.]

309 655 471 722 ὥσπερ
495 657 589 724 γὰρ
615 659 663 708 ἐν
689 663 782 712 τοῖς
814 657 946 724 ὅρεσι
977 661 1051 709 καὶ
1085 660 1133 708 ἐν
1158 664 1252 712 τοῖς
1291 663 1478 725 δρυμοῖς
1517 666 1814 710 κατοικοῦσιν
1842 663 1884 711 οἱ
1911 677 1934 715 5

1916 1088 1963 1126 10.

1916 1503 1960 1541 15

1913 1916 1959 1941 20
