<?xml version="1.0" encoding="UTF-8"?>
<!DOCTYPE html PUBLIC "-//W3C//DTD XHTML 1.0 Transitional//EN"
    "http://www.w3.org/TR/xhtml1/DTD/xhtml1-transitional.dtd">
<html xmlns="http://www.w3.org/1999/xhtml" xml:lang="en" lang="en">
 <head>
  <title>
</title>
<meta http-equiv="Content-Type" content="text/html;charset=utf-8" />
  <meta name='ocr-system' content='tesseract 3.04.00' />
  <meta name='ocr-capabilities' content='ocr_page ocr_carea ocr_par ocr_line ocrx_word'/>
</head>
<body>
  <div class='ocr_page' id='page_1' title='image "./operacyrilli01cyriuoft/operacyrilli01cyriuoft_0244.png"; bbox 0 0 2021 3434; ppageno 0'>
   <div class='ocr_carea' id='block_1_1' title="bbox 294 179 1858 234">
    <p class='ocr_par' dir='ltr' id='par_1_1' title="bbox 294 179 1858 234">
     <span class='ocr_line' id='line_1_1' title="bbox 294 179 1858 234; baseline 0.001 -17"><span class='ocrx_word' id='word_1_1' title='bbox 294 179 377 217; x_wconf 73' lang='lat'>204</span> <span class='ocrx_word' id='word_1_2' title='bbox 682 181 729 220; x_wconf 90' lang='lat' dir='ltr'>B.</span> <span class='ocrx_word' id='word_1_3' title='bbox 774 180 1050 221; x_wconf 87' lang='lat' dir='ltr'>CYRILLI</span> <span class='ocrx_word' id='word_1_4' title='bbox 1090 182 1468 223; x_wconf 89' lang='lat' dir='ltr'><strong>ALEXANDR.</strong></span> <span class='ocrx_word' id='word_1_5' title='bbox 1629 182 1683 222; x_wconf 83' lang='lat' dir='ltr'>ix.</span> <span class='ocrx_word' id='word_1_6' title='bbox 1710 191 1858 234; x_wconf 84' lang='lat'>15—17.</span> 
     </span>
    </p>
   </div>
   <div class='ocr_carea' id='block_1_2' title="bbox 292 287 1861 520">
    <p class='ocr_par' dir='ltr' id='par_1_2' title="bbox 292 287 1861 520">
     <span class='ocr_line' id='line_1_2' title="bbox 292 287 1856 358; baseline 0.003 -21"><span class='ocrx_word' id='word_1_7' title='bbox 292 287 534 353; x_wconf 78' lang='grc' dir='ltr'>ἀναφορὰν</span> <span class='ocrx_word' id='word_1_8' title='bbox 558 289 639 339; x_wconf 77' lang='grc' dir='ltr'>οὖν</span> <span class='ocrx_word' id='word_1_9' title='bbox 665 291 690 339; x_wconf 84' lang='grc' dir='ltr'>ὁ</span> <span class='ocrx_word' id='word_1_10' title='bbox 714 289 858 355; x_wconf 82' lang='grc' dir='ltr'>λόγος</span> <span class='ocrx_word' id='word_1_11' title='bbox 893 291 984 357; x_wconf 77' lang='grc' dir='ltr'>ἔχει</span> <span class='ocrx_word' id='word_1_12' title='bbox 1021 290 1138 357; x_wconf 84' lang='grc' dir='ltr'>πρὸς</span> <span class='ocrx_word' id='word_1_13' title='bbox 1178 292 1388 356; x_wconf 77' lang='grc' dir='ltr'>ἱστορίαν</span> <span class='ocrx_word' id='word_1_14' title='bbox 1425 289 1528 341; x_wconf 78' lang='grc' dir='ltr'>τινὰ</span> <span class='ocrx_word' id='word_1_15' title='bbox 1564 295 1657 341; x_wconf 81' lang='grc' dir='ltr'>τῶν</span> <span class='ocrx_word' id='word_1_16' title='bbox 1690 293 1856 358; x_wconf 82' lang='grc' dir='ltr'>ἀρχαι-</span> 
     </span>
     <span class='ocr_line' id='line_1_3' title="bbox 292 369 1250 438; baseline 0.003 -19"><span class='ocrx_word' id='word_1_17' title='bbox 292 369 476 435; x_wconf 85' lang='grc' dir='ltr'>οτέρων.</span> <span class='ocrx_word' id='word_1_18' title='bbox 543 373 618 421; x_wconf 75' lang='grc' dir='ltr'>καὶ</span> <span class='ocrx_word' id='word_1_19' title='bbox 645 372 712 424; x_wconf 85' lang='grc' dir='ltr'>τίς</span> <span class='ocrx_word' id='word_1_20' title='bbox 740 370 795 436; x_wconf 85' lang='grc' dir='ltr'>δὴ</span> <span class='ocrx_word' id='word_1_21' title='bbox 821 373 951 436; x_wconf 80' lang='grc' dir='ltr'>αὕτη,</span> <span class='ocrx_word' id='word_1_22' title='bbox 976 371 1121 423; x_wconf 86' lang='grc' dir='ltr'>πάλιν</span> <span class='ocrx_word' id='word_1_23' title='bbox 1147 373 1250 438; x_wconf 84' lang='grc' dir='ltr'>ἐρῶ.</span> 
     </span>
     <span class='ocr_line' id='line_1_4' title="bbox 366 451 1861 520; baseline 0.003 -20"><span class='ocrx_word' id='word_1_24' title='bbox 366 453 766 519; x_wconf 87' lang='grc' dir='ltr'>Μεμοσχοποίηκε</span> <span class='ocrx_word' id='word_1_25' title='bbox 809 452 927 505; x_wconf 78' lang='grc' dir='ltr'>κατὰ</span> <span class='ocrx_word' id='word_1_26' title='bbox 973 453 1058 518; x_wconf 88' lang='grc' dir='ltr'>τὴν</span> <span class='ocrx_word' id='word_1_27' title='bbox 1110 453 1280 520; x_wconf 70' lang='grc' dir='ltr'>ἔρημον</span> <span class='ocrx_word' id='word_1_28' title='bbox 1327 455 1352 504; x_wconf 86' lang='grc' dir='ltr'>ὁ</span> <span class='ocrx_word' id='word_1_29' title='bbox 1404 451 1616 519; x_wconf 82' lang='grc' dir='ltr'>Ἰσραὴλ,</span> <span class='ocrx_word' id='word_1_30' title='bbox 1664 451 1861 508; x_wconf 78' lang='grc' dir='ltr'>ἀπόντος</span> 
     </span>
    </p>
   </div>
   <div class='ocr_carea' id='block_1_3' title="bbox 72 532 1862 604">
    <p class='ocr_par' dir='ltr' id='par_1_3' title="bbox 72 532 1862 604">
     <span class='ocr_line' id='line_1_5' title="bbox 72 532 1862 604; baseline 0.002 -24"><span class='ocrx_word' id='word_1_31' title='bbox 72 544 150 577; x_wconf 85' lang='grc'>142</span> <span class='ocrx_word' id='word_1_32' title='bbox 167 542 217 577; x_wconf 86' lang='lat' dir='ltr'>A·</span> <span class='ocrx_word' id='word_1_33' title='bbox 251 532 549 586; x_wconf 68' lang='grc' dir='ltr'>ειΜωυσέως·</span> <span class='ocrx_word' id='word_1_34' title='bbox 598 534 940 602; x_wconf 81' lang='grc' dir='ltr'>ἀναπεφοίτηκε</span> <span class='ocrx_word' id='word_1_35' title='bbox 978 534 1072 602; x_wconf 79' lang='grc' dir='ltr'>γὰρ</span> <span class='ocrx_word' id='word_1_36' title='bbox 1109 537 1157 586; x_wconf 90' lang='grc' dir='ltr'>ἐν</span> <span class='ocrx_word' id='word_1_37' title='bbox 1194 539 1260 604; x_wconf 75' lang='grc' dir='ltr'>τῷ</span> <span class='ocrx_word' id='word_1_38' title='bbox 1299 534 1392 602; x_wconf 78' lang='grc' dir='ltr'>ὅρει</span> <span class='ocrx_word' id='word_1_39' title='bbox 1431 538 1562 603; x_wconf 78' lang='grc' dir='ltr'>Σινᾷ,</span> <span class='ocrx_word' id='word_1_40' title='bbox 1599 532 1680 584; x_wconf 85' lang='grc' dir='ltr'>τὸν</span> <span class='ocrx_word' id='word_1_41' title='bbox 1719 532 1862 597; x_wconf 90' lang='grc' dir='ltr'>νόμον</span> 
     </span>
    </p>
   </div>
   <div class='ocr_carea' id='block_1_4' title="bbox 66 872 231 956">
    <p class='ocr_par' dir='ltr' id='par_1_4' title="bbox 66 872 231 956">
     <span class='ocr_line' id='line_1_6' title="bbox 68 872 172 923; baseline 0 -20"><span class='ocrx_word' id='word_1_42' title='bbox 68 872 172 923; x_wconf 26' lang='grc' dir='ltr'>Εςοηιιί.</span> 
     </span>
     <span class='ocr_line' id='line_1_7' title="bbox 66 925 231 956; baseline 0.012 -10"><span class='ocrx_word' id='word_1_43' title='bbox 66 927 169 948; x_wconf 80' lang='lat' dir='ltr'><strong>xxxn.</strong></span> <span class='ocrx_word' id='word_1_44' title='bbox 181 925 231 956; x_wconf 82' lang='lat'>32.</span> 
     </span>
    </p>
   </div>
   <div class='ocr_carea' id='block_1_5' title="bbox 66 1107 203 1183">
    <p class='ocr_par' dir='ltr' id='par_1_5' title="bbox 66 1107 203 1183">
     <span class='ocr_line' id='line_1_8' title="bbox 66 1107 169 1139; baseline 0.01 -1"><span class='ocrx_word' id='word_1_45' title='bbox 66 1107 169 1139; x_wconf 83' lang='lat' dir='ltr'>Num.</span> 
     </span>
     <span class='ocr_line' id='line_1_9' title="bbox 66 1151 203 1183; baseline 0.015 -2"><span class='ocrx_word' id='word_1_46' title='bbox 66 1151 132 1183; x_wconf 79' lang='lat' dir='ltr'><strong>xiv.</strong></span> <span class='ocrx_word' id='word_1_47' title='bbox 154 1160 203 1183; x_wconf 91' lang='lat'>20.</span> 
     </span>
    </p>
   </div>
   <div class='ocr_carea' id='block_1_6' title="bbox 58 2347 176 2422">
    <p class='ocr_par' dir='ltr' id='par_1_6' title="bbox 58 2347 176 2422">
     <span class='ocr_line' id='line_1_10' title="bbox 60 2347 176 2378; baseline 0.009 -1"><span class='ocrx_word' id='word_1_48' title='bbox 60 2347 176 2378; x_wconf 84' lang='lat' dir='ltr'><strong>Ezech.</strong></span> 
     </span>
     <span class='ocr_line' id='line_1_11' title="bbox 58 2401 158 2422; baseline 0.02 -2"><span class='ocrx_word' id='word_1_49' title='bbox 58 2401 87 2421; x_wconf 85' lang='lat' dir='ltr'>v.</span> <span class='ocrx_word' id='word_1_50' title='bbox 112 2402 122 2422; x_wconf 92' lang='lat'>1</span> <span class='ocrx_word' id='word_1_51' title='bbox 129 2402 158 2422; x_wconf 93' lang='lat'>0.</span> 
     </span>
    </p>
   </div>
   <div class='ocr_carea' id='block_1_7' title="bbox 287 613 1862 1097">
    <p class='ocr_par' dir='ltr' id='par_1_7' title="bbox 287 613 1862 1097">
     <span class='ocr_line' id='line_1_12' title="bbox 289 613 1861 685; baseline 0.002 -22"><span class='ocrx_word' id='word_1_52' title='bbox 289 613 638 682; x_wconf 72' lang='grc' dir='ltr'>ὑποδεξάμενος.</span> <span class='ocrx_word' id='word_1_53' title='bbox 705 614 802 667; x_wconf 76' lang='grc' dir='ltr'>εἶτα</span> <span class='ocrx_word' id='word_1_54' title='bbox 836 616 1089 680; x_wconf 83' lang='grc' dir='ltr'>κατελθὼν,</span> <span class='ocrx_word' id='word_1_55' title='bbox 1128 617 1387 682; x_wconf 84' lang='grc' dir='ltr'>λελύπηται</span> <span class='ocrx_word' id='word_1_56' title='bbox 1425 617 1617 685; x_wconf 89' lang='grc' dir='ltr'>σφόδρα</span> <span class='ocrx_word' id='word_1_57' title='bbox 1653 615 1770 682; x_wconf 86' lang='grc' dir='ltr'>πρὸς</span> <span class='ocrx_word' id='word_1_58' title='bbox 1807 614 1861 667; x_wconf 88' lang='grc' dir='ltr'>τὸ</span> 
     </span>
     <span class='ocr_line' id='line_1_13' title="bbox 287 696 1862 768; baseline 0.003 -23"><span class='ocrx_word' id='word_1_59' title='bbox 287 696 629 761; x_wconf 80' lang='grc' dir='ltr'>πλημμέλημα,</span> <span class='ocrx_word' id='word_1_60' title='bbox 674 698 927 768; x_wconf 76' lang='grc' dir='ltr'>συνέτριψε</span> <span class='ocrx_word' id='word_1_61' title='bbox 969 698 1051 750; x_wconf 86' lang='grc' dir='ltr'>τὸν</span> <span class='ocrx_word' id='word_1_62' title='bbox 1099 698 1298 767; x_wconf 83' lang='grc' dir='ltr'>μόσχον,</span> <span class='ocrx_word' id='word_1_63' title='bbox 1347 701 1698 765; x_wconf 81' lang='grc' dir='ltr'>ἀγανακτοῦντα</span> <span class='ocrx_word' id='word_1_64' title='bbox 1737 697 1862 749; x_wconf 90' lang='grc' dir='ltr'>Θεὸν</span> 
     </span>
     <span class='ocr_line' id='line_1_14' title="bbox 288 777 1862 850; baseline 0.003 -23"><span class='ocrx_word' id='word_1_65' title='bbox 288 777 517 830; x_wconf 80' lang='grc' dir='ltr'>ἐδυσώπει</span> <span class='ocrx_word' id='word_1_66' title='bbox 551 779 728 846; x_wconf 83' lang='grc' dir='ltr'>τρόπον</span> <span class='ocrx_word' id='word_1_67' title='bbox 753 780 856 832; x_wconf 78' lang='grc' dir='ltr'>τινὰ</span> <span class='ocrx_word' id='word_1_68' title='bbox 881 785 938 850; x_wconf 82' lang='grc' dir='ltr'>τῇ</span> <span class='ocrx_word' id='word_1_69' title='bbox 965 781 1055 850; x_wconf 75' lang='grc' dir='ltr'>ἰδίᾳ</span> <span class='ocrx_word' id='word_1_70' title='bbox 1089 780 1361 848; x_wconf 90' lang='grc' dir='ltr'>γνησιότητι</span> <span class='ocrx_word' id='word_1_71' title='bbox 1393 783 1469 832; x_wconf 81' lang='grc' dir='ltr'>καὶ</span> <span class='ocrx_word' id='word_1_72' title='bbox 1495 783 1648 848; x_wconf 82' lang='grc' dir='ltr'>ἀρετῇ.</span> <span class='ocrx_word' id='word_1_73' title='bbox 1709 803 1862 846; x_wconf 92' lang='grc' dir='ltr'>προσ-</span> 
     </span>
     <span class='ocr_line' id='line_1_15' title="bbox 289 859 1861 932; baseline 0.004 -22"><span class='ocrx_word' id='word_1_74' title='bbox 289 859 450 911; x_wconf 88' lang='grc' dir='ltr'>έπιπτε</span> <span class='ocrx_word' id='word_1_75' title='bbox 493 860 586 927; x_wconf 78' lang='grc' dir='ltr'>γὰρ</span> <span class='ocrx_word' id='word_1_76' title='bbox 626 865 701 913; x_wconf 82' lang='grc' dir='ltr'>καὶ</span> <span class='ocrx_word' id='word_1_77' title='bbox 744 862 1007 932; x_wconf 74' lang='grc' dir='ltr'>ἐξελιπάρει</span> <span class='ocrx_word' id='word_1_78' title='bbox 1056 863 1210 929; x_wconf 87' lang='grc' dir='ltr'>λέγων</span> <span class='ocrx_word' id='word_1_79' title='bbox 1258 870 1283 893; x_wconf 79' lang='grc'><strong><em>“</em></strong></span> <span class='ocrx_word' id='word_1_80' title='bbox 1305 867 1362 914; x_wconf 80' lang='grc' dir='ltr'>ΕΖ</span> <span class='ocrx_word' id='word_1_81' title='bbox 1412 862 1496 927; x_wconf 79' lang='grc' dir='ltr'>μὲν</span> <span class='ocrx_word' id='word_1_82' title='bbox 1540 865 1666 930; x_wconf 81' lang='grc' dir='ltr'>ἀφῇς</span> <span class='ocrx_word' id='word_1_83' title='bbox 1708 863 1861 916; x_wconf 81' lang='grc' dir='ltr'>αὐτοῖς</span> 
     </span>
     <span class='ocr_line' id='line_1_16' title="bbox 290 941 1861 1014; baseline 0.004 -24"><span class='ocrx_word' id='word_1_84' title='bbox 290 948 316 970; x_wconf 81' lang='grc'><strong>“</strong></span> <span class='ocrx_word' id='word_1_85' title='bbox 341 941 426 1005; x_wconf 82' lang='grc' dir='ltr'>τὴν</span> <span class='ocrx_word' id='word_1_86' title='bbox 469 943 711 1009; x_wconf 82' lang='grc' dir='ltr'>ἁμαρτίαν,</span> <span class='ocrx_word' id='word_1_87' title='bbox 753 945 884 1013; x_wconf 78' lang='grc' dir='ltr'>ἄφες·</span> <span class='ocrx_word' id='word_1_88' title='bbox 939 949 975 996; x_wconf 79' lang='grc' dir='ltr'>εἰ</span> <span class='ocrx_word' id='word_1_89' title='bbox 1021 943 1069 996; x_wconf 80' lang='grc' dir='ltr'>δὲ</span> <span class='ocrx_word' id='word_1_90' title='bbox 1111 943 1191 1009; x_wconf 86' lang='grc' dir='ltr'>μὴ,</span> <span class='ocrx_word' id='word_1_91' title='bbox 1237 943 1511 1014; x_wconf 76' lang='grc' dir='ltr'>ἐξάλειψον</span> <span class='ocrx_word' id='word_1_92' title='bbox 1534 943 1650 1007; x_wconf 79' lang='grc' dir='ltr'>κάμὲ</span> <span class='ocrx_word' id='word_1_93' title='bbox 1689 945 1739 995; x_wconf 85' lang='grc' dir='ltr'>ἐκ</span> <span class='ocrx_word' id='word_1_94' title='bbox 1779 947 1861 1008; x_wconf 85' lang='grc' dir='ltr'>τῆς</span> 
     </span>
     <span class='ocr_line' id='line_1_17' title="bbox 289 1025 1860 1097; baseline 0.003 -23"><span class='ocrx_word' id='word_1_95' title='bbox 289 1031 314 1053; x_wconf 84' lang='grc'><strong>“</strong></span> <span class='ocrx_word' id='word_1_96' title='bbox 340 1025 517 1085; x_wconf 80' lang='grc' dir='ltr'>βίβλου</span> <span class='ocrx_word' id='word_1_97' title='bbox 540 1048 631 1077; x_wconf 91' lang='grc' dir='ltr'>σου</span> <span class='ocrx_word' id='word_1_98' title='bbox 655 1026 838 1091; x_wconf 84' lang='grc' dir='ltr'>ταύτης,</span> <span class='ocrx_word' id='word_1_99' title='bbox 859 1027 912 1092; x_wconf 76' lang='grc' dir='ltr'>ἧς</span> <span class='ocrx_word' id='word_1_100' title='bbox 937 1026 1196 1096; x_wconf 56' lang='grc' dir='ltr'>ἐγραψας.”</span> <span class='ocrx_word' id='word_1_101' title='bbox 1245 1027 1452 1078; x_wconf 86' lang='grc' dir='ltr'>κατένευε</span> <span class='ocrx_word' id='word_1_102' title='bbox 1477 1026 1526 1078; x_wconf 82' lang='grc' dir='ltr'>δὲ</span> <span class='ocrx_word' id='word_1_103' title='bbox 1549 1031 1615 1097; x_wconf 73' lang='grc' dir='ltr'>τῷ</span> <span class='ocrx_word' id='word_1_104' title='bbox 1638 1026 1860 1096; x_wconf 88' lang='grc' dir='ltr'>προφήτῃ</span> 
     </span>
    </p>
   </div>
   <div class='ocr_carea' id='block_1_8' title="bbox 1659 1107 1715 1138">
    <p class='ocr_par' dir='ltr' id='par_1_8' title="bbox 1659 1107 1715 1138">
     <span class='ocr_line' id='line_1_18' title="bbox 1659 1107 1715 1138; baseline 0 0"><span class='ocrx_word' id='word_1_105' title='bbox 1659 1107 1715 1138; x_wconf 63' lang='lat'>‘⁶⁶&#39;</span> 
     </span>
    </p>
   </div>
   <div class='ocr_carea' id='block_1_9' title="bbox 289 1103 1860 1177">
    <p class='ocr_par' dir='ltr' id='par_1_9' title="bbox 289 1103 1860 1177">
     <span class='ocr_line' id='line_1_19' title="bbox 289 1103 1860 1177; baseline 0.004 -22"><span class='ocrx_word' id='word_1_106' title='bbox 289 1103 410 1159; x_wconf 87' lang='grc' dir='ltr'>Θεὸς</span> <span class='ocrx_word' id='word_1_107' title='bbox 435 1105 520 1170; x_wconf 85' lang='grc' dir='ltr'>τὴν</span> <span class='ocrx_word' id='word_1_108' title='bbox 547 1111 607 1161; x_wconf 81' lang='grc' dir='ltr'>εἷς</span> <span class='ocrx_word' id='word_1_109' title='bbox 633 1106 842 1162; x_wconf 82' lang='grc' dir='ltr'>ἅπαντας</span> <span class='ocrx_word' id='word_1_110' title='bbox 868 1108 1141 1175; x_wconf 82' lang='grc' dir='ltr'>ἡμερότητα,</span> <span class='ocrx_word' id='word_1_111' title='bbox 1162 1111 1236 1160; x_wconf 77' lang='grc' dir='ltr'>καὶ</span> <span class='ocrx_word' id='word_1_112' title='bbox 1261 1108 1317 1173; x_wconf 81' lang='grc' dir='ltr'>δὴ</span> <span class='ocrx_word' id='word_1_113' title='bbox 1338 1111 1412 1160; x_wconf 80' lang='grc' dir='ltr'>καὶ</span> <span class='ocrx_word' id='word_1_114' title='bbox 1433 1109 1640 1177; x_wconf 76' lang='grc' dir='ltr'>ἔφασκεν</span> <span class='ocrx_word' id='word_1_115' title='bbox 1721 1113 1860 1164; x_wconf 89' lang='grc' dir='ltr'>[λεως</span> 
     </span>
    </p>
   </div>
   <div class='ocr_carea' id='block_1_10' title="bbox 244 1189 1859 1259">
    <p class='ocr_par' dir='ltr' id='par_1_10' title="bbox 244 1189 1859 1259">
     <span class='ocr_line' id='line_1_20' title="bbox 244 1189 1859 1259; baseline 0.004 -24"><span class='ocrx_word' id='word_1_116' title='bbox 244 1195 269 1235; x_wconf 91' lang='lat' dir='ltr'>b</span> <span class='ocrx_word' id='word_1_117' title='bbox 290 1194 315 1216; x_wconf 75' lang='lat'>‘⁶</span> <span class='ocrx_word' id='word_1_118' title='bbox 332 1189 484 1242; x_wconf 79' lang='grc' dir='ltr'>αὐτοῖς</span> <span class='ocrx_word' id='word_1_119' title='bbox 505 1192 594 1253; x_wconf 71' lang='grc' dir='ltr'>εἶμι</span> <span class='ocrx_word' id='word_1_120' title='bbox 615 1190 733 1241; x_wconf 77' lang='grc' dir='ltr'>κατὰ</span> <span class='ocrx_word' id='word_1_121' title='bbox 752 1190 804 1242; x_wconf 84' lang='grc' dir='ltr'>τὸ</span> <span class='ocrx_word' id='word_1_122' title='bbox 824 1191 950 1258; x_wconf 77' lang='grc' dir='ltr'>ῥῆμά</span> <span class='ocrx_word' id='word_1_123' title='bbox 966 1192 1093 1243; x_wconf 91' lang='grc' dir='ltr'>σου.”</span> <span class='ocrx_word' id='word_1_124' title='bbox 1125 1193 1235 1258; x_wconf 81' lang='grc' dir='ltr'>ὁρᾶς</span> <span class='ocrx_word' id='word_1_125' title='bbox 1252 1192 1368 1243; x_wconf 78' lang='grc' dir='ltr'>ὅσον</span> <span class='ocrx_word' id='word_1_126' title='bbox 1388 1190 1541 1256; x_wconf 75' lang='grc' dir='ltr'>ὤνησε</span> <span class='ocrx_word' id='word_1_127' title='bbox 1560 1191 1642 1242; x_wconf 88' lang='grc' dir='ltr'>τὸν</span> <span class='ocrx_word' id='word_1_128' title='bbox 1657 1191 1859 1259; x_wconf 87' lang='grc' dir='ltr'>Ἰσραὴλ</span> 
     </span>
    </p>
   </div>
   <div class='ocr_carea' id='block_1_11' title="bbox 282 1269 1859 1833">
    <p class='ocr_par' dir='ltr' id='par_1_11' title="bbox 282 1269 1859 1833">
     <span class='ocr_line' id='line_1_21' title="bbox 285 1269 1859 1341; baseline 0.003 -21"><span class='ocrx_word' id='word_1_129' title='bbox 285 1269 313 1332; x_wconf 83' lang='grc' dir='ltr'>ἡ</span> <span class='ocrx_word' id='word_1_130' title='bbox 341 1275 422 1320; x_wconf 93' lang='grc' dir='ltr'>τοῦ</span> <span class='ocrx_word' id='word_1_131' title='bbox 444 1271 790 1337; x_wconf 84' lang='grc' dir='ltr'>προεστηκότος</span> <span class='ocrx_word' id='word_1_132' title='bbox 820 1273 1056 1341; x_wconf 76' lang='grc' dir='ltr'>φιλοθεΐα,</span> <span class='ocrx_word' id='word_1_133' title='bbox 1086 1275 1161 1325; x_wconf 82' lang='grc' dir='ltr'>καὶ</span> <span class='ocrx_word' id='word_1_134' title='bbox 1200 1273 1261 1328; x_wconf 76' lang='grc' dir='ltr'>εἷς</span> <span class='ocrx_word' id='word_1_135' title='bbox 1297 1273 1410 1340; x_wconf 75' lang='grc' dir='ltr'>ὑπὲρ</span> <span class='ocrx_word' id='word_1_136' title='bbox 1438 1273 1626 1325; x_wconf 86' lang='grc' dir='ltr'>πάντων</span> <span class='ocrx_word' id='word_1_137' title='bbox 1658 1273 1859 1340; x_wconf 84' lang='grc' dir='ltr'>ἀρκέσας</span> 
     </span>
     <span class='ocr_line' id='line_1_22' title="bbox 284 1351 1854 1421; baseline 0.003 -20"><span class='ocrx_word' id='word_1_138' title='bbox 284 1355 346 1404; x_wconf 83' lang='grc' dir='ltr'>εἷς</span> <span class='ocrx_word' id='word_1_139' title='bbox 394 1351 446 1403; x_wconf 88' lang='grc' dir='ltr'>τὸ</span> <span class='ocrx_word' id='word_1_140' title='bbox 489 1355 737 1404; x_wconf 80' lang='grc' dir='ltr'>ἀναπεῖσαι</span> <span class='ocrx_word' id='word_1_141' title='bbox 788 1354 924 1417; x_wconf 86' lang='grc' dir='ltr'>Θεὸν,</span> <span class='ocrx_word' id='word_1_142' title='bbox 967 1357 1019 1405; x_wconf 85' lang='grc' dir='ltr'>δι’</span> <span class='ocrx_word' id='word_1_143' title='bbox 1074 1354 1314 1421; x_wconf 83' lang='grc' dir='ltr'>ὑποταγήν</span> <span class='ocrx_word' id='word_1_144' title='bbox 1357 1378 1406 1406; x_wconf 91' lang='grc' dir='ltr'>τε</span> <span class='ocrx_word' id='word_1_145' title='bbox 1456 1357 1531 1406; x_wconf 82' lang='grc' dir='ltr'>καὶ</span> <span class='ocrx_word' id='word_1_146' title='bbox 1572 1356 1854 1416; x_wconf 83' lang='grc' dir='ltr'>εὐπείθειαν;</span> 
     </span>
     <span class='ocr_line' id='line_1_23' title="bbox 283 1436 1857 1504; baseline 0.003 -20"><span class='ocrx_word' id='word_1_147' title='bbox 283 1437 481 1485; x_wconf 80' lang='grc' dir='ltr'>αἰτιᾶται</span> <span class='ocrx_word' id='word_1_148' title='bbox 519 1436 673 1487; x_wconf 86' lang='grc' dir='ltr'>τοίνυν</span> <span class='ocrx_word' id='word_1_149' title='bbox 711 1436 907 1499; x_wconf 82' lang='grc' dir='ltr'>εἰκότως,</span> <span class='ocrx_word' id='word_1_150' title='bbox 934 1439 995 1492; x_wconf 85' lang='grc' dir='ltr'>ὡς</span> <span class='ocrx_word' id='word_1_151' title='bbox 1026 1436 1297 1504; x_wconf 82' lang='grc' dir='ltr'>ὀλοτρόπως</span> <span class='ocrx_word' id='word_1_152' title='bbox 1327 1436 1623 1489; x_wconf 85' lang='grc' dir='ltr'>ἐκκεκλικότα</span> <span class='ocrx_word' id='word_1_153' title='bbox 1653 1437 1735 1488; x_wconf 87' lang='grc' dir='ltr'>τὸν</span> <span class='ocrx_word' id='word_1_154' title='bbox 1759 1439 1857 1488; x_wconf 92' lang='grc' dir='ltr'>Ἰσ-</span> 
     </span>
     <span class='ocr_line' id='line_1_24' title="bbox 283 1515 1856 1586; baseline 0.003 -20"><span class='ocrx_word' id='word_1_155' title='bbox 283 1515 423 1581; x_wconf 85' lang='grc' dir='ltr'>ραήλ.</span> <span class='ocrx_word' id='word_1_156' title='bbox 489 1515 586 1567; x_wconf 76' lang='grc' dir='ltr'>εἶτα</span> <span class='ocrx_word' id='word_1_157' title='bbox 629 1517 694 1582; x_wconf 88' lang='grc' dir='ltr'>μὴ</span> <span class='ocrx_word' id='word_1_158' title='bbox 738 1518 906 1586; x_wconf 74' lang='grc' dir='ltr'>ἔχοντά</span> <span class='ocrx_word' id='word_1_159' title='bbox 945 1542 1048 1570; x_wconf 91' lang='grc' dir='ltr'>τινα</span> <span class='ocrx_word' id='word_1_160' title='bbox 1092 1524 1186 1570; x_wconf 82' lang='grc' dir='ltr'>τῶν</span> <span class='ocrx_word' id='word_1_161' title='bbox 1228 1520 1336 1586; x_wconf 86' lang='grc' dir='ltr'>παρ’</span> <span class='ocrx_word' id='word_1_162' title='bbox 1381 1521 1533 1574; x_wconf 82' lang='grc' dir='ltr'>αὐτοῖς</span> <span class='ocrx_word' id='word_1_163' title='bbox 1577 1519 1856 1585; x_wconf 76' lang='grc' dir='ltr'>ἡγουμένων,</span> 
     </span>
     <span class='ocr_line' id='line_1_25' title="bbox 282 1596 1857 1670; baseline 0.003 -23"><span class='ocrx_word' id='word_1_164' title='bbox 282 1596 364 1648; x_wconf 88' lang='grc' dir='ltr'>τὸν</span> <span class='ocrx_word' id='word_1_165' title='bbox 402 1599 682 1661; x_wconf 79' lang='grc' dir='ltr'>ἐπιτιμῶντα</span> <span class='ocrx_word' id='word_1_166' title='bbox 715 1605 811 1654; x_wconf 84' lang='grc' dir='ltr'>τοῖς</span> <span class='ocrx_word' id='word_1_167' title='bbox 848 1601 1080 1664; x_wconf 88' lang='grc' dir='ltr'>πταίουσι,</span> <span class='ocrx_word' id='word_1_168' title='bbox 1113 1599 1195 1652; x_wconf 87' lang='grc' dir='ltr'>τὸν</span> <span class='ocrx_word' id='word_1_169' title='bbox 1233 1602 1503 1670; x_wconf 84' lang='grc' dir='ltr'>ἀφιστάντα</span> <span class='ocrx_word' id='word_1_170' title='bbox 1540 1605 1622 1666; x_wconf 85' lang='grc' dir='ltr'>τῆς</span> <span class='ocrx_word' id='word_1_171' title='bbox 1659 1601 1857 1667; x_wconf 80' lang='grc' dir='ltr'>πλάνης,</span> 
     </span>
     <span class='ocr_line' id='line_1_26' title="bbox 282 1680 1858 1751; baseline 0.004 -21"><span class='ocrx_word' id='word_1_172' title='bbox 282 1680 428 1745; x_wconf 76' lang='grc' dir='ltr'>ἤγουν</span> <span class='ocrx_word' id='word_1_173' title='bbox 478 1685 536 1749; x_wconf 81' lang='grc' dir='ltr'>τῇ</span> <span class='ocrx_word' id='word_1_174' title='bbox 587 1682 677 1751; x_wconf 72' lang='grc' dir='ltr'>ἰδίᾳ</span> <span class='ocrx_word' id='word_1_175' title='bbox 727 1683 1021 1750; x_wconf 88' lang='grc' dir='ltr'>λαμπρότητι</span> <span class='ocrx_word' id='word_1_176' title='bbox 1069 1687 1125 1751; x_wconf 83' lang='grc' dir='ltr'>τῇ</span> <span class='ocrx_word' id='word_1_177' title='bbox 1176 1683 1294 1734; x_wconf 80' lang='grc' dir='ltr'>κατὰ</span> <span class='ocrx_word' id='word_1_178' title='bbox 1341 1682 1517 1750; x_wconf 91' lang='grc' dir='ltr'>τρόπον</span> <span class='ocrx_word' id='word_1_179' title='bbox 1567 1686 1641 1735; x_wconf 84' lang='grc' dir='ltr'>καὶ</span> <span class='ocrx_word' id='word_1_180' title='bbox 1692 1683 1858 1751; x_wconf 84' lang='grc' dir='ltr'>ἀρετὴν</span> 
     </span>
     <span class='ocr_line' id='line_1_27' title="bbox 283 1763 1857 1833; baseline 0.004 -21"><span class='ocrx_word' id='word_1_181' title='bbox 283 1763 557 1827; x_wconf 79' lang='grc' dir='ltr'>ἀποστῆσαι</span> <span class='ocrx_word' id='word_1_182' title='bbox 609 1763 862 1829; x_wconf 80' lang='grc' dir='ltr'>δυνάμενον</span> <span class='ocrx_word' id='word_1_183' title='bbox 909 1764 995 1830; x_wconf 85' lang='grc' dir='ltr'>τὴν</span> <span class='ocrx_word' id='word_1_184' title='bbox 1044 1764 1205 1832; x_wconf 85' lang='grc' dir='ltr'>ὀργὴν,</span> <span class='ocrx_word' id='word_1_185' title='bbox 1257 1769 1380 1817; x_wconf 84' lang='grc' dir='ltr'>Θεοῦ</span> <span class='ocrx_word' id='word_1_186' title='bbox 1431 1767 1857 1833; x_wconf 87' lang='grc' dir='ltr'>παρακεκλημένου,</span> 
     </span>
    </p>
   </div>
   <div class='ocr_carea' id='block_1_12' title="bbox 243 1844 1856 1915">
    <p class='ocr_par' dir='ltr' id='par_1_12' title="bbox 243 1844 1856 1915">
     <span class='ocr_line' id='line_1_28' title="bbox 243 1844 1856 1915; baseline 0.004 -21"><span class='ocrx_word' id='word_1_187' title='bbox 243 1868 264 1894; x_wconf 84' lang='lat' dir='ltr'>c</span> <span class='ocrx_word' id='word_1_188' title='bbox 283 1844 492 1912; x_wconf 84' lang='grc' dir='ltr'>καθάπερ</span> <span class='ocrx_word' id='word_1_189' title='bbox 531 1847 690 1910; x_wconf 78' lang='grc' dir='ltr'>ἀμέλει</span> <span class='ocrx_word' id='word_1_190' title='bbox 729 1850 802 1898; x_wconf 82' lang='grc' dir='ltr'>καὶ</span> <span class='ocrx_word' id='word_1_191' title='bbox 841 1848 889 1899; x_wconf 86' lang='grc' dir='ltr'>ἐν</span> <span class='ocrx_word' id='word_1_192' title='bbox 927 1853 1099 1915; x_wconf 82' lang='grc' dir='ltr'>καιροῖς</span> <span class='ocrx_word' id='word_1_193' title='bbox 1137 1848 1298 1914; x_wconf 87' lang='grc' dir='ltr'>γέγονε</span> <span class='ocrx_word' id='word_1_194' title='bbox 1339 1853 1433 1902; x_wconf 82' lang='grc' dir='ltr'>τοῖς</span> <span class='ocrx_word' id='word_1_195' title='bbox 1472 1848 1590 1900; x_wconf 77' lang='grc' dir='ltr'>κατὰ</span> <span class='ocrx_word' id='word_1_196' title='bbox 1630 1849 1856 1912; x_wconf 84' lang='grc' dir='ltr'>Μωυσέα,</span> 
     </span>
    </p>
   </div>
   <div class='ocr_carea' id='block_1_13' title="bbox 277 1926 1857 2575">
    <p class='ocr_par' dir='ltr' id='par_1_13' title="bbox 277 1926 1857 2494">
     <span class='ocr_line' id='line_1_29' title="bbox 281 1926 1857 1999; baseline 0.005 -23"><span class='ocrx_word' id='word_1_197' title='bbox 281 1926 518 1993; x_wconf 76' lang='grc' dir='ltr'>τοιγάρτοι</span> <span class='ocrx_word' id='word_1_198' title='bbox 556 1931 632 1980; x_wconf 84' lang='grc' dir='ltr'>καὶ</span> <span class='ocrx_word' id='word_1_199' title='bbox 670 1929 1033 1998; x_wconf 74' lang='grc' dir='ltr'>ἐξωσθήσονταί</span> <span class='ocrx_word' id='word_1_200' title='bbox 1066 1935 1189 1999; x_wconf 91' lang='grc' dir='ltr'>φησι</span> <span class='ocrx_word' id='word_1_201' title='bbox 1230 1936 1306 1982; x_wconf 61' lang='grc' dir='ltr'>καὶ</span> <span class='ocrx_word' id='word_1_202' title='bbox 1349 1931 1514 1982; x_wconf 69' lang='grc' dir='ltr'>ἔσονται</span> <span class='ocrx_word' id='word_1_203' title='bbox 1554 1933 1781 1989; x_wconf 60' lang='grc' dir='ltr'>πλανῆται</span> <span class='ocrx_word' id='word_1_204' title='bbox 1820 1933 1857 1984; x_wconf 78' lang='grc' dir='ltr'>ἐν</span> 
     </span>
     <span class='ocr_line' id='line_1_30' title="bbox 279 2008 1855 2078; baseline 0.004 -19"><span class='ocrx_word' id='word_1_205' title='bbox 279 2012 368 2064; x_wconf 71' lang='grc' dir='ltr'>τοῖς</span> <span class='ocrx_word' id='word_1_206' title='bbox 418 2008 557 2063; x_wconf 76' lang='grc' dir='ltr'>ἔθνεσι.</span> <span class='ocrx_word' id='word_1_207' title='bbox 653 2018 790 2063; x_wconf 90' lang='grc' dir='ltr'>τοῦτο</span> <span class='ocrx_word' id='word_1_208' title='bbox 841 2012 1018 2076; x_wconf 56' lang='grc' dir='ltr'>συνεῘΒη</span> <span class='ocrx_word' id='word_1_209' title='bbox 1071 2016 1235 2065; x_wconf 83' lang='grc' dir='ltr'>παθεῖν</span> <span class='ocrx_word' id='word_1_210' title='bbox 1284 2014 1437 2067; x_wconf 80' lang='grc' dir='ltr'>αὐτοῖς</span> <span class='ocrx_word' id='word_1_211' title='bbox 1487 2015 1563 2064; x_wconf 83' lang='grc' dir='ltr'>καὶ</span> <span class='ocrx_word' id='word_1_212' title='bbox 1609 2012 1714 2064; x_wconf 84' lang='grc' dir='ltr'>τότε</span> <span class='ocrx_word' id='word_1_213' title='bbox 1758 2014 1855 2078; x_wconf 80' lang='grc' dir='ltr'>μὲν,</span> 
     </span>
     <span class='ocr_line' id='line_1_31' title="bbox 279 2091 1857 2161; baseline 0.005 -21"><span class='ocrx_word' id='word_1_214' title='bbox 279 2091 670 2156; x_wconf 83' lang='grc' dir='ltr'>ἀποκομισθεῖσιν</span> <span class='ocrx_word' id='word_1_215' title='bbox 709 2098 770 2148; x_wconf 80' lang='grc' dir='ltr'>εἰς</span> <span class='ocrx_word' id='word_1_216' title='bbox 800 2093 1102 2161; x_wconf 82' lang='grc' dir='ltr'>Ἀσσυρίους,</span> <span class='ocrx_word' id='word_1_217' title='bbox 1136 2097 1210 2145; x_wconf 78' lang='grc' dir='ltr'>καὶ</span> <span class='ocrx_word' id='word_1_218' title='bbox 1246 2100 1328 2146; x_wconf 90' lang='grc' dir='ltr'>νῦν</span> <span class='ocrx_word' id='word_1_219' title='bbox 1358 2095 1406 2146; x_wconf 79' lang='grc' dir='ltr'>δὲ</span> <span class='ocrx_word' id='word_1_220' title='bbox 1443 2093 1574 2146; x_wconf 76' lang='grc' dir='ltr'>οὐδὲν</span> <span class='ocrx_word' id='word_1_221' title='bbox 1608 2095 1748 2160; x_wconf 78' lang='grc' dir='ltr'>ἧττον</span> <span class='ocrx_word' id='word_1_222' title='bbox 1782 2098 1857 2148; x_wconf 85' lang='grc' dir='ltr'>ἐπὶ</span> 
     </span>
     <span class='ocr_line' id='line_1_32' title="bbox 277 2174 1856 2246; baseline 0.004 -24"><span class='ocrx_word' id='word_1_223' title='bbox 277 2178 377 2227; x_wconf 83' lang='grc' dir='ltr'>ταῖς</span> <span class='ocrx_word' id='word_1_224' title='bbox 409 2177 470 2227; x_wconf 80' lang='grc' dir='ltr'>εἷς</span> <span class='ocrx_word' id='word_1_225' title='bbox 496 2174 712 2241; x_wconf 83' lang='grc' dir='ltr'>Χριστὸν</span> <span class='ocrx_word' id='word_1_226' title='bbox 745 2176 1004 2243; x_wconf 84' lang='grc' dir='ltr'>παροινίαις</span> <span class='ocrx_word' id='word_1_227' title='bbox 1038 2177 1474 2242; x_wconf 81' lang='grc' dir='ltr'>κατεστυγημένοις-</span> <span class='ocrx_word' id='word_1_228' title='bbox 1530 2177 1733 2229; x_wconf 81' lang='grc' dir='ltr'>ἀνέστιοι</span> <span class='ocrx_word' id='word_1_229' title='bbox 1762 2177 1856 2246; x_wconf 80' lang='grc' dir='ltr'>γὰρ</span> 
     </span>
     <span class='ocr_line' id='line_1_33' title="bbox 278 2258 1856 2329; baseline 0.003 -22"><span class='ocrx_word' id='word_1_230' title='bbox 278 2258 354 2306; x_wconf 76' lang='grc' dir='ltr'>καὶ</span> <span class='ocrx_word' id='word_1_231' title='bbox 379 2258 606 2321; x_wconf 87' lang='grc' dir='ltr'>ε’πηλύται</span> <span class='ocrx_word' id='word_1_232' title='bbox 634 2262 867 2326; x_wconf 82' lang='grc' dir='ltr'>πανταχῆ,</span> <span class='ocrx_word' id='word_1_233' title='bbox 897 2259 972 2309; x_wconf 78' lang='grc' dir='ltr'>καὶ</span> <span class='ocrx_word' id='word_1_234' title='bbox 1006 2258 1148 2310; x_wconf 92' lang='grc' dir='ltr'>πόλιν</span> <span class='ocrx_word' id='word_1_235' title='bbox 1188 2260 1270 2310; x_wconf 81' lang='grc' dir='ltr'>οὐκ</span> <span class='ocrx_word' id='word_1_236' title='bbox 1307 2260 1489 2326; x_wconf 77' lang='grc' dir='ltr'>ἔχοντες</span> <span class='ocrx_word' id='word_1_237' title='bbox 1513 2262 1555 2310; x_wconf 79' lang='grc' dir='ltr'>οἱ</span> <span class='ocrx_word' id='word_1_238' title='bbox 1578 2260 1634 2329; x_wconf 76' lang='grc' dir='ltr'>ἐξ</span> <span class='ocrx_word' id='word_1_239' title='bbox 1655 2259 1856 2327; x_wconf 85' lang='grc' dir='ltr'>Ἰσραὴλ</span> 
     </span>
     <span class='ocr_line' id='line_1_34' title="bbox 279 2339 1856 2411; baseline 0.004 -22"><span class='ocrx_word' id='word_1_240' title='bbox 279 2340 575 2391; x_wconf 85' lang='grc' dir='ltr'>διατελοῦσιν</span> <span class='ocrx_word' id='word_1_241' title='bbox 615 2343 662 2391; x_wconf 90' lang='grc' dir='ltr'>ἐν</span> <span class='ocrx_word' id='word_1_242' title='bbox 706 2339 886 2411; x_wconf 78' lang='grc' dir='ltr'>κόσμῳ.</span> <span class='ocrx_word' id='word_1_243' title='bbox 967 2346 1193 2405; x_wconf 85' lang='grc' dir='ltr'>“Λικμιῶ</span> <span class='ocrx_word' id='word_1_244' title='bbox 1237 2341 1330 2408; x_wconf 80' lang='grc' dir='ltr'>γὰρ</span> <span class='ocrx_word' id='word_1_245' title='bbox 1374 2340 1540 2396; x_wconf 75' lang='grc' dir='ltr'>αὐτοὺς</span> <span class='ocrx_word' id='word_1_246' title='bbox 1590 2345 1652 2396; x_wconf 79' lang='grc' dir='ltr'>εἷς</span> <span class='ocrx_word' id='word_1_247' title='bbox 1701 2341 1856 2395; x_wconf 85' lang='grc' dir='ltr'>πάντα</span> 
     </span>
     <span class='ocr_line' id='line_1_35' title="bbox 280 2421 1628 2494; baseline 0.004 -24"><span class='ocrx_word' id='word_1_248' title='bbox 280 2426 305 2449; x_wconf 83' lang='grc'>“</span> <span class='ocrx_word' id='word_1_249' title='bbox 331 2421 540 2485; x_wconf 78' lang='grc' dir='ltr'>ἄνεμον,”</span> <span class='ocrx_word' id='word_1_250' title='bbox 570 2424 645 2473; x_wconf 81' lang='grc' dir='ltr'>καὶ</span> <span class='ocrx_word' id='word_1_251' title='bbox 682 2422 756 2474; x_wconf 78' lang='grc' dir='ltr'>διὰ</span> <span class='ocrx_word' id='word_1_252' title='bbox 793 2428 1052 2492; x_wconf 81' lang='grc' dir='ltr'>προφητῶν</span> <span class='ocrx_word' id='word_1_253' title='bbox 1090 2425 1236 2490; x_wconf 83' lang='grc' dir='ltr'>ἁγίων</span> <span class='ocrx_word' id='word_1_254' title='bbox 1274 2424 1453 2494; x_wconf 77' lang='grc' dir='ltr'>ἔφασκε</span> <span class='ocrx_word' id='word_1_255' title='bbox 1492 2423 1628 2478; x_wconf 89' lang='grc' dir='ltr'>Θεός.</span> 
     </span>
    </p>

    <p class='ocr_par' dir='ltr' id='par_1_14' title="bbox 351 2504 1856 2575">
     <span class='ocr_line' id='line_1_36' title="bbox 351 2504 1856 2575; baseline 0.003 -22"><span class='ocrx_word' id='word_1_256' title='bbox 351 2506 408 2553; x_wconf 81' lang='grc' dir='ltr'>Εἰ</span> <span class='ocrx_word' id='word_1_257' title='bbox 446 2504 601 2555; x_wconf 88' lang='grc' dir='ltr'>τοίνυν</span> <span class='ocrx_word' id='word_1_258' title='bbox 638 2507 741 2556; x_wconf 86' lang='grc' dir='ltr'>ἐστὶ</span> <span class='ocrx_word' id='word_1_259' title='bbox 777 2508 859 2570; x_wconf 80' lang='grc' dir='ltr'>τῆς</span> <span class='ocrx_word' id='word_1_260' title='bbox 897 2504 1014 2572; x_wconf 82' lang='grc' dir='ltr'>πρὸς</span> <span class='ocrx_word' id='word_1_261' title='bbox 1053 2506 1177 2557; x_wconf 84' lang='grc' dir='ltr'>Θεὸν</span> <span class='ocrx_word' id='word_1_262' title='bbox 1215 2505 1489 2571; x_wconf 78' lang='grc' dir='ltr'>οἰκειότητος</span> <span class='ocrx_word' id='word_1_263' title='bbox 1522 2508 1714 2575; x_wconf 78' lang='grc' dir='ltr'>φροντὶς</span> <span class='ocrx_word' id='word_1_264' title='bbox 1745 2507 1856 2572; x_wconf 80' lang='grc' dir='ltr'>ἡμῖν</span> 
     </span>
    </p>
   </div>
   <div class='ocr_carea' id='block_1_14' title="bbox 234 2583 1855 2658">
    <p class='ocr_par' dir='ltr' id='par_1_15' title="bbox 234 2583 1855 2658">
     <span class='ocr_line' id='line_1_37' title="bbox 234 2583 1855 2658; baseline 0.004 -23"><span class='ocrx_word' id='word_1_265' title='bbox 234 2595 259 2635; x_wconf 83' lang='lat' dir='ltr'>d</span> <span class='ocrx_word' id='word_1_266' title='bbox 277 2585 351 2633; x_wconf 84' lang='grc' dir='ltr'>καὶ</span> <span class='ocrx_word' id='word_1_267' title='bbox 382 2583 539 2650; x_wconf 88' lang='grc' dir='ltr'>λόγος,</span> <span class='ocrx_word' id='word_1_268' title='bbox 569 2587 874 2656; x_wconf 70' lang='grc' dir='ltr'>ὑποφερωμεν</span> <span class='ocrx_word' id='word_1_269' title='bbox 905 2589 1028 2658; x_wconf 74' lang='grc' dir='ltr'>αὐτῷ</span> <span class='ocrx_word' id='word_1_270' title='bbox 1061 2587 1144 2639; x_wconf 86' lang='grc' dir='ltr'>τὸν</span> <span class='ocrx_word' id='word_1_271' title='bbox 1176 2588 1359 2656; x_wconf 81' lang='grc' dir='ltr'>αὐχένα,</span> <span class='ocrx_word' id='word_1_272' title='bbox 1386 2590 1461 2640; x_wconf 79' lang='grc' dir='ltr'>καὶ</span> <span class='ocrx_word' id='word_1_273' title='bbox 1490 2589 1761 2655; x_wconf 87' lang='grc' dir='ltr'>προσίωμεν</span> <span class='ocrx_word' id='word_1_274' title='bbox 1792 2591 1855 2644; x_wconf 86' lang='grc' dir='ltr'>ὡς</span> 
     </span>
    </p>
   </div>
   <div class='ocr_carea' id='block_1_15' title="bbox 1361 2674 1382 2683">
    <p class='ocr_par' dir='ltr' id='par_1_16' title="bbox 1361 2674 1382 2683">
     <span class='ocr_line' id='line_1_38' title="bbox 1361 2674 1382 2683; baseline 0 0"><span class='ocrx_word' id='word_1_275' title='bbox 1361 2674 1382 2683; x_wconf 63' lang='grc' dir='ltr'>Α</span> 
     </span>
    </p>
   </div>
   <div class='ocr_carea' id='block_1_16' title="bbox 277 2665 1854 2740">
    <p class='ocr_par' dir='ltr' id='par_1_17' title="bbox 277 2665 1854 2740">
     <span class='ocr_line' id='line_1_39' title="bbox 277 2665 1854 2740; baseline 0.006 -26"><span class='ocrx_word' id='word_1_276' title='bbox 277 2665 333 2732; x_wconf 81' lang='grc' dir='ltr'>ἐξ</span> <span class='ocrx_word' id='word_1_277' title='bbox 361 2667 539 2731; x_wconf 73' lang='grc' dir='ltr'>ἀγαθῆς</span> <span class='ocrx_word' id='word_1_278' title='bbox 575 2670 826 2724; x_wconf 82' lang='grc' dir='ltr'>εὐπειθείας</span> <span class='ocrx_word' id='word_1_279' title='bbox 858 2670 1043 2736; x_wconf 87' lang='grc' dir='ltr'>λέγοντι</span> <span class='ocrx_word' id='word_1_280' title='bbox 1078 2674 1144 2740; x_wconf 74' lang='grc' dir='ltr'>τῷ</span> <span class='ocrx_word' id='word_1_281' title='bbox 1184 2674 1384 2740; x_wconf 75' lang='grc' dir='ltr'>Χριστερ</span> <span class='ocrx_word' id='word_1_282' title='bbox 1418 2677 1447 2700; x_wconf 82' lang='grc'><strong>“</strong></span> <span class='ocrx_word' id='word_1_283' title='bbox 1466 2675 1614 2722; x_wconf 86' lang='grc' dir='ltr'>Δεῦτε</span> <span class='ocrx_word' id='word_1_284' title='bbox 1647 2671 1765 2738; x_wconf 91' lang='grc' dir='ltr'>πρός</span> <span class='ocrx_word' id='word_1_285' title='bbox 1796 2694 1854 2737; x_wconf 91' lang='grc' dir='ltr'>με</span> 
     </span>
    </p>
   </div>
   <div class='ocr_carea' id='block_1_17' title="bbox 275 2843 1853 3032">
    <p class='ocr_par' dir='ltr' id='par_1_18' title="bbox 275 2843 1853 3032">
     <span class='ocr_line' id='line_1_40' title="bbox 327 2843 1853 2888; baseline 0.005 -16"><span class='ocrx_word' id='word_1_286' title='bbox 327 2850 379 2872; x_wconf 93' lang='lat'>10.</span> <span class='ocrx_word' id='word_1_287' title='bbox 406 2855 470 2875; x_wconf 91' lang='grc' dir='ltr'>σου</span> <span class='ocrx_word' id='word_1_288' title='bbox 487 2850 709 2888; x_wconf 72' lang='lat' dir='ltr'>assumptum</span> <span class='ocrx_word' id='word_1_289' title='bbox 726 2856 767 2878; x_wconf 86' lang='lat' dir='ltr'>ex</span> <span class='ocrx_word' id='word_1_290' title='bbox 788 2845 834 2878; x_wconf 90' lang='lat' dir='ltr'>D.</span> <span class='ocrx_word' id='word_1_291' title='bbox 907 2843 1058 2879; x_wconf 80' lang='grc' dir='ltr'>κατένευε</span> <span class='ocrx_word' id='word_1_292' title='bbox 1078 2844 1170 2878; x_wconf 89' lang='lat' dir='ltr'><strong>B.D.</strong></span> <span class='ocrx_word' id='word_1_293' title='bbox 1189 2844 1368 2879; x_wconf 80' lang='grc' dir='ltr'>κατένευσε</span> <span class='ocrx_word' id='word_1_294' title='bbox 1387 2844 1479 2879; x_wconf 89' lang='lat' dir='ltr'>Edd.</span> <span class='ocrx_word' id='word_1_295' title='bbox 1718 2856 1772 2880; x_wconf 90' lang='lat'>20.</span> <span class='ocrx_word' id='word_1_296' title='bbox 1798 2847 1853 2880; x_wconf 84' lang='grc' dir='ltr'>καὶ</span> 
     </span>
     <span class='ocr_line' id='line_1_41' title="bbox 275 2885 1850 2936; baseline 0.006 -19"><span class='ocrx_word' id='word_1_297' title='bbox 275 2885 393 2927; x_wconf 78' lang='grc' dir='ltr'>ἀμέλει</span> <span class='ocrx_word' id='word_1_298' title='bbox 412 2888 464 2920; x_wconf 76' lang='grc' dir='ltr'>καὶ</span> <span class='ocrx_word' id='word_1_299' title='bbox 483 2888 529 2922; x_wconf 91' lang='lat' dir='ltr'>D.</span> <span class='ocrx_word' id='word_1_300' title='bbox 750 2902 805 2924; x_wconf 88' lang='lat'>22.</span> <span class='ocrx_word' id='word_1_301' title='bbox 831 2894 977 2926; x_wconf 87' lang='grc' dir='ltr'>τοσοῦτο</span> <span class='ocrx_word' id='word_1_302' title='bbox 996 2903 1058 2935; x_wconf 88' lang='lat' dir='ltr'>pro</span> <span class='ocrx_word' id='word_1_303' title='bbox 1077 2893 1176 2925; x_wconf 82' lang='grc' dir='ltr'>τοῦτο</span> <span class='ocrx_word' id='word_1_304' title='bbox 1195 2891 1241 2925; x_wconf 92' lang='lat' dir='ltr'>D.</span> <span class='ocrx_word' id='word_1_305' title='bbox 1447 2903 1500 2936; x_wconf 87' lang='lat'>23.</span> <span class='ocrx_word' id='word_1_306' title='bbox 1526 2891 1785 2936; x_wconf 82' lang='grc' dir='ltr'>ἀποκομισθεῖεν</span> <span class='ocrx_word' id='word_1_307' title='bbox 1801 2893 1850 2927; x_wconf 89' lang='lat' dir='ltr'>D.</span> 
     </span>
     <span class='ocr_line' id='line_1_42' title="bbox 275 2932 1850 2986; baseline 0.006 -23"><span class='ocrx_word' id='word_1_308' title='bbox 275 2932 310 2965; x_wconf 82' lang='grc' dir='ltr'>δέ</span> <span class='ocrx_word' id='word_1_309' title='bbox 329 2943 398 2965; x_wconf 86' lang='lat' dir='ltr'>om.</span> <span class='ocrx_word' id='word_1_310' title='bbox 420 2933 464 2966; x_wconf 89' lang='grc' dir='ltr'>Ι).</span> <span class='ocrx_word' id='word_1_311' title='bbox 678 2948 732 2980; x_wconf 83' lang='grc'>25.</span> <span class='ocrx_word' id='word_1_312' title='bbox 760 2937 939 2982; x_wconf 79' lang='grc' dir='ltr'>ἐπηλύται]</span> <span class='ocrx_word' id='word_1_313' title='bbox 960 2938 1121 2982; x_wconf 78' lang='grc' dir='ltr'>ἐπήλυδες</span> <span class='ocrx_word' id='word_1_314' title='bbox 1140 2938 1186 2972; x_wconf 89' lang='lat' dir='ltr'>D.</span> <span class='ocrx_word' id='word_1_315' title='bbox 1205 2937 1357 2973; x_wconf 81' lang='grc' dir='ltr'>ἐπιλύται</span> <span class='ocrx_word' id='word_1_316' title='bbox 1375 2938 1455 2983; x_wconf 80' lang='lat' dir='ltr'>(Sic)</span> <span class='ocrx_word' id='word_1_317' title='bbox 1474 2939 1509 2973; x_wconf 86' lang='lat' dir='ltr'>b.</span> <span class='ocrx_word' id='word_1_318' title='bbox 1715 2949 1770 2986; x_wconf 88' lang='lat'>27.</span> <span class='ocrx_word' id='word_1_319' title='bbox 1796 2940 1850 2974; x_wconf 85' lang='grc' dir='ltr'>καὶ</span> 
     </span>
     <span class='ocr_line' id='line_1_43' title="bbox 276 2982 1705 3032; baseline 0.007 -21"><span class='ocrx_word' id='word_1_320' title='bbox 276 2986 496 3023; x_wconf 76' lang='lat' dir='ltr'>assumptum</span> <span class='ocrx_word' id='word_1_321' title='bbox 516 2993 555 3015; x_wconf 82' lang='lat' dir='ltr'>ex</span> <span class='ocrx_word' id='word_1_322' title='bbox 577 2982 620 3016; x_wconf 93' lang='lat' dir='ltr'>D.</span> <span class='ocrx_word' id='word_1_323' title='bbox 790 2985 842 3018; x_wconf 85' lang='lat'>28.</span> <span class='ocrx_word' id='word_1_324' title='bbox 870 2984 961 3030; x_wconf 84' lang='grc' dir='ltr'>ἐστὶ]</span> <span class='ocrx_word' id='word_1_325' title='bbox 983 2985 1035 3019; x_wconf 83' lang='grc' dir='ltr'>ἐπὶ</span> <span class='ocrx_word' id='word_1_326' title='bbox 1054 2985 1245 3020; x_wconf 83' lang='lat' dir='ltr'><strong>Aubertus.</strong></span> <span class='ocrx_word' id='word_1_327' title='bbox 1421 2996 1476 3031; x_wconf 82' lang='lat'>30.</span> <span class='ocrx_word' id='word_1_328' title='bbox 1503 2988 1548 3032; x_wconf 79' lang='grc' dir='ltr'>τῷ</span> <span class='ocrx_word' id='word_1_329' title='bbox 1567 2997 1636 3021; x_wconf 90' lang='lat' dir='ltr'>om.</span> <span class='ocrx_word' id='word_1_330' title='bbox 1658 2986 1705 3021; x_wconf 88' lang='lat' dir='ltr'>D.</span> 
     </span>
    </p>
   </div>
   <div class='ocr_carea' id='block_1_18' title="bbox 1881 632 1903 670">
    <p class='ocr_par' dir='ltr' id='par_1_19' title="bbox 1881 632 1903 670">
     <span class='ocr_line' id='line_1_44' title="bbox 1881 632 1903 670; baseline 0 0"><span class='ocrx_word' id='word_1_331' title='bbox 1881 632 1903 670; x_wconf 87' lang='lat'>5</span> 
     </span>
    </p>
   </div>
   <div class='ocr_carea' id='block_1_19' title="bbox 1884 1048 1930 1074">
    <p class='ocr_par' dir='ltr' id='par_1_20' title="bbox 1884 1048 1930 1074">
     <span class='ocr_line' id='line_1_45' title="bbox 1884 1048 1930 1074; baseline 0.022 -1"><span class='ocrx_word' id='word_1_332' title='bbox 1884 1048 1930 1074; x_wconf 90' lang='lat'>10</span> 
     </span>
    </p>
   </div>
   <div class='ocr_carea' id='block_1_20' title="bbox 1878 1875 1927 1899">
    <p class='ocr_par' dir='ltr' id='par_1_21' title="bbox 1878 1875 1927 1899">
     <span class='ocr_line' id='line_1_46' title="bbox 1878 1875 1927 1899; baseline 0 0"><span class='ocrx_word' id='word_1_333' title='bbox 1878 1875 1927 1899; x_wconf 92' lang='lat'>20</span> 
     </span>
    </p>
   </div>
   <div class='ocr_carea' id='block_1_21' title="bbox 1876 2281 1924 2320">
    <p class='ocr_par' dir='ltr' id='par_1_22' title="bbox 1876 2281 1924 2320">
     <span class='ocr_line' id='line_1_47' title="bbox 1876 2281 1924 2320; baseline 0 0"><span class='ocrx_word' id='word_1_334' title='bbox 1876 2281 1924 2320; x_wconf 87' lang='lat'>25</span> 
     </span>
    </p>
   </div>
   <div class='ocr_carea' id='block_1_22' title="bbox 1874 2699 1924 2735">
    <p class='ocr_par' dir='ltr' id='par_1_23' title="bbox 1874 2699 1924 2735">
     <span class='ocr_line' id='line_1_48' title="bbox 1874 2699 1924 2735; baseline 0 -11"><span class='ocrx_word' id='word_1_335' title='bbox 1874 2699 1924 2735; x_wconf 80' lang='lat'>30</span> 
     </span>
    </p>
   </div>
  </div>
 </body>
</html>
