2021 3434
115 179 183 221 xii.
206 193 246 232 4,
269 190 306 235 5.
535 181 629 221 ‘IN
670 180 905 221 OSEAM.
965 179 1113 220 TOM.
1148 178 1226 218 VI.
1604 175 1684 215 245

186 290 257 342 Τὸ
299 290 383 354 μὲν
422 293 502 343 οὖν
544 294 618 344 ἐπὶ
661 296 860 362 Χριστῷ
903 290 1160 356 μυστήριον
1204 288 1279 340 διὰ
1323 291 1407 352 τῆς
1445 283 1563 352 πρὸς
1608 283 1691 334 τὸν

112 372 321 439 ἄγγελον
349 376 728 440 προανεδείκνυτο
760 374 934 439 πάλης.
1001 373 1203 436 ε’μελλον
1227 370 1320 438 γὰρ
1355 373 1397 421 οἱ
1430 369 1487 437 ἐξ
1515 366 1690 426 Ἰακὼβ

111 455 509 523 ἀνταγωνίζεσθαι
534 461 600 526 τῶ
626 461 839 526 Χριστῷ,
866 455 919 507 ὃν
945 454 1216 520 ((Μεγάλης
1242 456 1422 516 βουλῆς
1448 447 1687 516 ἄγγελον”
1752 460 1807 491 Es
1826 460 1912 491 ix-6-

114 536 138 586 ὃ
165 541 259 587 τῶν
283 543 542 607 προφητῶν
568 537 784 601 ὠνόμασε
809 538 971 603 λόγος·
1012 539 1088 588 καὶ
1123 539 1165 587 οἱ
1199 534 1282 598 μὲν
1318 533 1582 600 ναρκήσειν,
1606 529 1691 594 τὴν
1710 539 1737 578 d

73 624 95 662 5
113 619 221 684 παρ’
249 619 390 669 αὐτοῦ
417 620 656 686 λύτρωσιν
683 621 736 670 οὐ
761 617 1126 686 προσηκάμενοι·
1171 621 1214 667 οἱ
1239 615 1288 667 δὲ
1322 618 1397 667 καὶ
1429 616 1690 679 ὁμολογεῖν,

114 698 185 750 ὅτι
208 699 444 751 τεθέανται
475 702 529 752 δι’
558 703 698 752 αὐτοῦ
730 724 780 752 τε
812 702 887 751 καὶ
918 702 966 751 ἐν
999 700 1123 767 αὐτῷ
1149 697 1410 764 πρόσωπον
1435 695 1552 763 πρὸς
1577 695 1695 761 πρό-

115 803 281 832 σωπον
313 804 395 832 τον
429 782 507 832 ἕνα
542 805 591 832 τε
626 785 702 833 καὶ
741 782 897 850 φύσει,
924 783 999 832 καὶ
1037 783 1226 845 άληθῶς
1261 777 1398 830 Θεόν.
1469 780 1517 829 ἐν
1549 777 1696 827 ἑαυτῶ

115 861 209 929 γὰρ
245 863 354 927 ἡμῖν
392 863 598 932 ὑπεδειξε
635 887 718 915 τον
758 862 946 930 Πατέρα
989 862 1142 925 λεγων
1178 862 1202 912 ὁ
1233 858 1542 924 Ἐμμανουήλ
1582 865 1608 887 “
1633 859 1695 908 O
1759 871 1791 901 S
1810 870 1908 901 Jonn·

117 944 438 1011 “ἑωρακὼς’
416 945 505 1008 εμὲ,
545 945 716 1011 ἑώρακε
757 969 840 997 τον
882 944 1109 1011 Πατέραῗ
1175 943 1340 993 οὐκουν
1375 939 1698 1008 προανετύπου
1759 925 1823 944 x1v
1840 924 1870 953 9

55 1049 100 1074 10
117 1050 171 1078 το
197 1027 454 1094 μυστήριον
478 1029 503 1079 ὀ
529 1031 611 1092 τῆς
644 1026 891 1093 ἀθλήσεως
924 1026 1112 1093 τρόπος.
1180 1024 1310 1089 πλὴν
1333 1028 1394 1078 εἷς
1420 1022 1700 1090 κατόρθωμα

117 1113 184 1179 τῷ
206 1108 379 1172 Ἰακὼβ
403 1109 696 1179 καταγράφει
722 1108 843 1163 Θεὸς
867 1107 921 1161 τὸ
946 1106 1267 1174 γεγενημένον.

116 1315 357 1359 Ἔκλοιυσοιν
394 1318 461 1358 καὶ
495 1317 730 1359 ἐδεύθΗσάν
768 1332 860 1367 μου,
885 1316 930 1356 ὲν
967 1317 1028 1368 τῷ
1066 1311 1173 1368 οἴκῳ
1209 1328 1288 1362 μου
1327 1312 1506 1369 εὕροσάν
1537 1326 1601 1361 με,
1629 1313 1738 1351 mie

186 1401 273 1445 ἐκεῖ
298 1404 487 1445 &xamen
515 1404 621 1461 Πρὸς
649 1404 788 1445 αὐτόν.
849 1403 871 1444 ὁ
898 1401 943 1443 δὲ
973 1402 1119 1457 Κύριος
1145 1401 1167 1442 ὁ
1195 1399 1304 1441 Θεὸς
1330 1400 1352 1442 ὁ
1379 1399 1696 1455 Παντοκράτωρ
1718 1403 1739 1441 5

186 1487 303 1530 ’ἔσται
328 1488 595 1537 μνΗμόῡυνον
621 1487 759 1529 αὐτοῦ.

58 1616 101 1654 ¹5
192 1598 396 1665 Ετέρων
436 1598 737 1663 διαμεμνηται
777 1596 924 1649 πάλιν
969 1600 1202 1662 ἱστοριῶν,
1246 1592 1467 1660 λαμπρὸν
1506 1594 1581 1643 καὶ
1618 1593 1695 1643 εὐ-

122 1682 309 1746 δόκιμον
333 1684 677 1751 πανταχόθεν
652 1688 761 1748 ημῖν
786 1683 1062 1751 ἀποφαινων
1087 1704 1170 1732 τον
1196 1678 1385 1740 Ἰακώβ.
1438 1700 1699 1745 γεγραπται
1760 1682 1874 1757 ἓξὲξ-ν

121 1788 275 1817 τοινυν
311 1767 359 1816 ἐν
395 1770 453 1834 τῇ
485 1766 726 1829 Γενέσει,
712 1765 782 1816 ότι
808 1766 1046 1828 Σικιμίτας
1077 1764 1160 1827 μὲν
1200 1764 1336 1825 ὠμῶς
1362 1784 1411 1812 τε
1442 1783 1516 1810 και
1544 1762 1695 1810 ἀπαν-
1762 1779 1825 1809 25-
1830 1779 1878 1810 2·7

123 1846 321 1913 θρώπως
362 1846 672 1900 ἀπεκτόνασιν
720 1852 762 1899 οἱ
813 1847 869 1916 ἐξ
905 1846 1078 1908 Ἰακὼβ
1121 1844 1241 1896 Λευΐ
1278 1866 1327 1895 τε
1373 1846 1448 1894 καὶ
1491 1842 1698 1904 Συμεὼν,

122 1929 444 1993 ἀνακαιόμενοι
473 1929 590 1997 πρὸς
629 1929 772 1996 ὀργὰς
805 1932 878 1981 ἐπὶ
918 1930 1042 1997 Δίνᾳ
1078 1931 1135 1995 τῇ
1174 1928 1375 1993 ἀδελφῇ,
1407 1924 1464 1989 ἦν
1503 1927 1694 1990 διεπαρ-
1717 1949 1738 1973 a
1769 1940 1848 1975 170
1869 1939 1920 1977 A.

56 2033 105 2057 20
124 2011 338 2062 θένευσεν
371 2011 567 2079 Ἑμμὼρ
609 2013 633 2062 ὃ
672 2010 832 2079 Συχὲμ
870 2011 979 2065 υἱός.
1046 2008 1144 2061 εἶτα
1180 2008 1390 2076 περιδεὴς
1428 2009 1634 2058 ἐντεῦθεν
1675 2008 1699 2057 ὁ

122 2092 347 2159 μακάριος
380 2092 437 2158 ἧν
461 2092 649 2154 Ἰακώβ·
691 2096 766 2143 καὶ
790 2094 954 2144 αὐτίκα
981 2092 1036 2157 δὴ
1068 2090 1201 2154 μάλα
1225 2092 1580 2141 συνδιολεῖσθαι
1605 2092 1700 2141 τοῖς

122 2176 310 2238 τέκνοις,
341 2178 417 2227 καὶ
454 2181 549 2230 τοῖς
586 2176 683 2226 κατ’
715 2173 843 2226 οἷκον
877 2174 1028 2226 ἅπασι
1065 2175 1361 2239 προσδοκῶν,
1389 2171 1579 2233 ἐπετίμα
1605 2175 1700 2224 τοῖς

123 2260 270 2309 ἐκεῖνα
308 2257 593 2325 δεδρακόσιν,
626 2259 745 2309 οὕτω
783 2280 832 2308 τε
871 2257 961 2326 ἔφη
1000 2264 1028 2285 “
1050 2254 1274 2320 Μισητόν
1312 2278 1368 2317 με
1405 2252 1699 2316 πεποιήκατε,
1762 2269 1882 2309 1b.30.

125 2348 152 2370 ⁴⁶
177 2339 301 2391 ὥστε
325 2338 529 2406 πονηρόν
561 2362 618 2402 με
652 2337 764 2390 εἶναι
801 2343 896 2393 τοῖς
930 2343 1197 2389 κατοικοῦσι
1220 2336 1305 2400 τὴν
1330 2338 1434 2401 γῆν,
1460 2335 1507 2385 ε”ν
1530 2357 1579 2384 τε
1606 2339 1701 2388 τοῖς

58 2442 105 2480 25
126 2430 153 2453 ‘⁴
178 2422 461 2476 Χαναναίοις
499 2423 575 2472 καὶ
616 2426 711 2475 τοῖς
752 2420 1025 2487 Φερεζαίοις’
1088 2419 1180 2485 ἐγὼ
1225 2417 1274 2469 δὲ
1319 2414 1573 2482 ὀλιγοστός
1612 2419 1701 2478 εἰμι

125 2511 153 2534 “
179 2506 227 2555 ἐν
261 2506 455 2573 ἀριθμῷ,
496 2504 569 2554 καὶ
610 2503 919 2570 συναχθέντες
954 2503 1021 2553 ἐπ’
1052 2500 1129 2564 ἐμὲ
1168 2498 1480 2567 συγκόψουσί
1511 2521 1584 2562 με,
1626 2499 1701 2547 καὶ

126 2593 153 2617 “
178 2585 516 2653 ἐκτριβήσομαι
553 2584 645 2650 ἐγὼ
682 2587 757 2635 καὶ
795 2585 819 2634 ὁ
858 2582 981 2637 οἶκός
1018 2581 1152 2646 μου.”
1222 2582 1297 2632 καὶ
1327 2579 1588 2645 κατέληγον
1618 2578 1702 2642 μὲν

125 2670 338 2733 οὐδαμῶς
362 2673 444 2718 τοῦ
469 2666 674 2733 θράσους
698 2669 739 2715 οἱ
764 2666 947 2728 νεανίαι,
974 2662 1323 2730 προσυπήντων
1359 2661 1452 2728 γὰρ
1484 2661 1700 2727 λε’γοντες
1719 2673 1746 2713 b

128 2758 155 2781 ‘⁶
181 2751 322 2801 Ἀλλ’
354 2751 466 2800 ὡσεὶ
504 2748 655 2817 πόρνῃ
691 2747 950 2816 χρήσονται
986 2750 1044 2814 τῇ
1084 2748 1269 2814 ἀδελφῇ
1308 2744 1498 2810 ἡμῶν;”
1546 2744 1701 2808 ἐπειδὴ
1764 2758 1881 2798 Ib.31.

179 2897 208 2920 Ι.
234 2885 289 2920 ἐπὶ
306 2887 456 2929 Χριστοῦ
475 2885 521 2920 D.
725 2895 755 2917 2.
781 2883 896 2927 ἔμενον
912 2894 976 2928 pro
993 2882 1136 2925 ἔμελλον
1155 2881 1246 2916 Edd.
1447 2894 1478 2924 4.
1505 2880 1700 2926 ναρκήσειν]

129 2933 290 2976 νάρκησιν
306 2932 364 2966 iid.
594 2942 646 2966 12.
672 2930 816 2975 εὔροσάν
834 2930 928 2964 B.D.
947 2929 1080 2974 (A.V.)
1098 2929 1194 2973 εὗρον
1213 2929 1249 2962 F.
1269 2928 1344 2973 (42.
1364 2928 1428 2972 al.)
1446 2927 1593 2973 εῧρησάν
1610 2928 1703 2962 Edd.

131 2986 210 3014 ante
229 2979 362 3024 Migne.
554 2989 607 3012 20.
634 2978 746 3023 ἐμμὼρ
768 2977 812 3011 D.
833 2977 920 3021 ἐμὼρ
939 2976 1030 3010 Edd.
