2021 3434
2007 96 2010 127 Ι

290 216 373 254 232
690 208 1055 252 B.CYR1LL1
1096 202 1471 246 ALEXANDR.
1685 198 1738 238 xi.
1762 210 1801 250 5,
1824 197 1862 235 6.
2006 143 2010 258 Ξ

291 321 485 385 ἦθελησεν
528 314 814 387 ἑπιστρεψαι·
877 320 1000 367 Θεοῦ
1043 313 1135 380 γὰρ
1184 311 1437 379 προθεντος
1479 306 1563 372 τὴν
1605 305 1868 368 ἀμνηστίαν

295 428 371 456 και
415 400 580 453 ἀνόπιν
617 399 779 466 ὥσπερ
824 398 935 449 ἰέναι
972 395 1365 464 προστάττοντος,
1409 387 1651 454 ἐπανήκειν
1695 385 1743 437 δὲ
1786 387 1864 436 οὗ·
2007 416 2010 455 3

296 510 388 539 τως
432 487 494 538 εἰς
538 482 593 534 τὸ
641 484 765 551 αὐτῶ
817 483 995 543 δοκοῦν,
1048 480 1402 545 μεταφοιτῶντα
1451 468 1747 541 φαυλότητος
1797 469 1872 517 καὶ
2007 462 2010 487 ⁵

296 572 390 619 τῶν
435 569 518 630 τῆς
568 563 951 630 εἶδωλολατρείας
997 559 1371 626 ἀποθρώσκοντα
1417 553 1621 646 βάθρων,
1668 547 1870 613 κατημὲ-
2007 546 2021 601 i}

298 658 419 714 λησε
452 651 607 701 δεινῶς
638 670 713 698 και
750 671 827 698 ουκ
857 643 1049 706 ηθελησεν
1082 637 1376 711 ἐπιστρεψαι·
1416 635 1635 703 ταύτῃτοι
1665 633 1740 683 καὶ
1773 630 1875 694 ἥλω
1894 646 1916 684 5
2008 624 2021 683 Ἷ

300 729 483 831 λοιπον,
518 732 594 781 καὶ
636 728 725 780 ὑπο
766 733 908 824 χεῖρα,
940 748 1102 819 γΝεγονε
1145 728 1238 774 τῶν
1277 717 1620 810 μεμισηκοτων.
1687 711 1878 775 ἠσθένησε
2007 690 2021 799 33

300 814 392 882 γὰρ
431 815 468 865 ἐν
506 836 606 867 ταις
638 813 819 863 πόλεσιν
854 810 985 860 αὐτοῦ
1019 808 1237 878 ῥομφαία,
1267 826 1344 855 και
1389 821 1668 853 κατέπαυσεν
1702 797 1740 848 ἐν
1779 818 1880 848 ταις
2007 805 2021 935 33

302 921 446 966 χερσιν
485 919 630 957 αυτου,
665 892 924 952 τουτέστιν,
956 892 1003 941 ἐν
1042 889 1231 956 οὐδεμιᾷ
1266 884 1403 937 πόλει
1440 887 1523 934 τοῦ
1554 878 1766 948 Ἐφραίμ
1799 900 1881 941 ηυ-
2008 875 2009 883 “

303 978 444 1045 ρηταί
472 1000 542 1031 τις
576 974 705 1043 ἀνὴρ,
751 976 776 1025 ὁ
820 972 964 1026 δεινος
1008 974 1070 1025 εἷς
1111 968 1280 1036 μάχην,
1316 968 1392 1017 καὶ
1431 966 1637 1035 ῥομφαία
1675 963 1883 1028 χρῆσθαι
2007 939 2021 1001 {¹

267 1083 289 1109 e
307 1059 570 1124 δυνάμενος.
619 1058 912 1130 παρείθησαν
939 1053 1046 1120 γὰρ,
1073 1075 1148 1103 και
1174 1049 1270 1101 οἷον
1293 1048 1534 1112 ἐλύθησαν
1558 1049 1652 1096 τῶν
1677 1063 1883 1109 κατεχειν
1906 1065 1952 1090 10
2007 1070 2021 1093 ,ι

307 1141 450 1206 αὐτὴν
489 1140 717 1192 εἰωθότων
759 1142 804 1189 αἱ
839 1142 999 1205 χεῖρες.
1063 1131 1216 1197 ἐπειδη
1257 1130 1306 1183 δὲ
1345 1127 1528 1194 πονηρὰ
1566 1127 1670 1178 καθ’
1712 1125 1887 1175 ἑαυτῶν

309 1248 386 1275 και
428 1222 755 1293 πεφρονήκασι
805 1222 880 1271 καὶ
930 1217 1193 1285 δεδράκασι,
1242 1217 1325 1278 τῆς
1375 1213 1550 1263 ἑαυτῶν
1600 1206 1889 1269 δυσβουλίας
2006 1230 2010 1247 ⁵

310 1307 490 1357 ἔδονται
527 1328 634 1358 τους
671 1326 892 1403 καρπους.
2006 1274 2009 1333 ί

388 1386 566 1454 Πικρον
602 1388 684 1438 οὖν
721 1386 811 1452 ἄρα
845 1408 900 1436 το
935 1381 1168 1448 ἀτιμάζειν
1206 1380 1482 1440 ἀποτολμᾶν
1510 1377 1611 1427 ταῖς
1643 1369 1890 1423 ἀπειθείαις
2005 1300 2021 1513 33

312 1494 395 1522 τον
429 1470 655 1536 σωζοντα,
687 1466 772 1519 κᾶν
808 1471 846 1517 εἱ
879 1463 1119 1533 προκεόιτό
1154 1485 1251 1514 τισι
1288 1459 1342 1511 τὸ
1381 1461 1623 1526 διαφυγεῖν
1662 1453 1891 1504 δύνασθαι
1914 1472 1959 1511 15
2005 1466 2021 1540 3

314 1552 640 1617 πλημμελείας
665 1551 766 1619 ἐξ
743 1548 1021 1615 ημερότητος
1051 1549 1133 1610 τῆς
1163 1542 1292 1610 παρὰ
1319 1545 1456 1603 Θεοῦ,
1482 1537 1536 1590 τὸ
1567 1539 1787 1606 ῥαθυμεῖν
1812 1533 1894 1584 οὐκ
2005 1550 2008 1570 ¹

93 1652 167 1685 161
186 1649 238 1683 A
278 1658 300 1682 a
318 1633 522 1701 ἀζήμιον.
575 1635 890 1701 >coenomia-olum
921 1629 1014 1696 γὰρ
1051 1630 1087 1680 ἐν
1112 1626 1346 1695 Αἰγύπτῳ,
1372 1643 1625 1682 τουτεστιν,
1654 1616 1826 1686 ε’ξοικοί
1846 1637 1895 1666 τε
2004 1594 2008 1623 ³

319 1718 395 1768 καὶ
415 1719 585 1780 ἀλῆται
608 1714 761 1780 πάντη
785 1737 835 1765 τε
855 1716 931 1764 καὶ
955 1711 1142 1764 πάντως
1167 1707 1385 1772 ἐσόμεθα,
1412 1727 1487 1756 και
1513 1703 1615 1770 οὐχὶ
1641 1703 1731 1766 γῆν
1756 1698 1898 1767 ἀφέν-

321 1822 395 1853 τες
421 1798 506 1863 τὴν
525 1797 770 1863 αἰσθητὴν,
789 1798 863 1848 καὶ
888 1818 950 1849 εις
969 1793 1125 1860 ἑτεραν
1143 1786 1542 1857 μετανιστάμενοι,
1560 1781 1690 1835 ἀλλά
1707 1781 1789 1833 τὸν
1805 1784 1899 1831 τῶν

321 1882 467 1948 ἁγίων
502 1880 694 1950 ἀφέντες
730 1882 920 1945 κλῆρον·
961 1874 1166 1939 ἐσόμεθα
1205 1872 1253 1924 δὲ
1291 1872 1365 1922 καὶ
1398 1867 1487 1921 ὑπὸ
1515 1865 1598 1919 τὸν
1621 1862 1788 1933 Ασουρ,
1818 1861 1901 1913 τὸν
1921 1889 1968 1913 20
2004 1883 2007 1929 ς

323 1965 530 2032 ἄρχοντα
557 1962 774 2028 δηλονότι
801 1967 884 2012 τοῦ
908 1963 1071 2012 αιῶνος
1104 1956 1283 2017 τούτου,
1309 1953 1383 2004 ὑπ’
1412 1952 1537 2020 αὐτῶ
1567 1972 1618 2000 τε
1651 1944 1903 2010 κεισόμεθα
2004 1940 2007 1953 ³

324 2050 486 2098 δοῦλοι
522 2069 597 2097 και
636 2043 939 2113 αἰχμάλωτοι,
968 2065 1042 2092 και
1078 2045 1173 2093 τοῖς
1214 2038 1354 2089 αὐτοῦ
1394 2031 1658 2098 θελήμασιν
1694 2025 1903 2080 ὑποκύπ-

324 2152 494 2192 τοντες,
528 2127 605 2179 διά
641 2151 712 2178 τοι
749 2150 803 2177 το
838 2124 1066 2184 ἀσθενῆσαι
1103 2145 1178 2173 και
1215 2118 1520 2172 καταπαῦσαι
1545 2111 1653 2180 παρ’
1686 2111 1795 2176 ἡμῖν
1819 2108 1906 2173 τὴν

326 2214 564 2282 ῥομφαιαν.
618 2212 671 2261 οὐ
697 2232 790 2276 γαρ
817 2208 961 2270 ἐστιν,
985 2207 1068 2257 οὐκ
1093 2226 1195 2255 εστι
1221 2206 1315 2254 τοῖς
1340 2194 1761 2269 φιλαμαρτήμοσιν
1785 2192 1907 2242 ἑλεῖν
2003 2260 2005 2269 3

104 2290 249 2373 {fhjffh
279 2302 307 2343 b
329 2294 606 2345 δύνασθαι(
611 2292 724 2357 ίτὴν
762 2289 1032 2343 πανοπλίαν
1070 2292 1152 2338 τοῦ
1183 2281 1346 2346 Θεοῦ,”
1390 2288 1415 2312 “
1438 2303 1513 2332 και
1551 2277 1636 2343 τὴν
1673 2276 1908 2342 μάχαιραν
1928 2276 2007 2351 253

345 2383 464 2429 ίτοῦ
493 2373 831 2438 Πνεύματος,”
808 2397 832 2424 ο
859 2375 960 2423 ἐστι
995 2372 1121 2438 ῥημα
1147 2367 1316 2419 Θεοῦ.”
1371 2363 1606 2430 μάχαιραν
1632 2357 1681 2410 δὲ
1714 2355 1909 2421 νοήσεις,
2001 2411 2005 2447 3

331 2483 406 2510 και
431 2462 513 2523 τῆς
538 2459 740 2511 διανοίας
765 2458 895 2520 ἡμῶν
931 2454 1065 2504 οἱονει
1103 2450 1188 2515 τὴν
1226 2443 1560 2516 μαχιμωτάτην
1589 2465 1639 2493 τε
1664 2441 1739 2492 καὶ
1763 2444 1905 2544 φιλο·
2000 2501 2004 2523 3

333 2544 568 2609 θεωτάτην
608 2544 805 2608 κίνησιν,
841 2540 898 2605 ἢν
939 2543 1034 2593 τοῖς
1076 2536 1279 2589 πάθεσιν
1323 2530 1670 2600 ἀντεξάγοντες,
1704 2527 1780 2577 καὶ
1817 2528 1912 2577 τοῖς

336 2630 621 2687 διαβολικοῖς
663 2643 1048 2690 κακουργήμασιν
1095 2615 1455 2676 ἀντιτάττοντες,
1493 2609 1579 2676 τὴν
1621 2610 1792 2672 εὐσεβῆ
1837 2607 1912 2658 καὶ
2000 2643 2004 2696 3

336 2709 588 2773 ἀμώμητον
624 2706 867 2769 διάττομεν
900 2703 1079 2801 τρίβον,
1112 2724 1186 2751 και
1220 2701 1302 2762 τῆς
1340 2695 1642 2761 εὐαγγελικῆς
1677 2689 1913 2743 πολιτείας
1933 2708 2004 2748 30⁴

338 2795 437 2843 ταῖς
463 2791 637 2840 ἑαυτῶν
663 2792 891 2858 κεφαλαῖς
917 2784 1184 2848 ἀνάπτομεν
1210 2779 1268 2832 τὰ
1292 2777 1555 2846 αὐχήματα.
1999 2784 2003 2837 3

390 2941 430 2964 1
433 2939 464 2972 5.
492 2930 589 2964 Haec
607 2928 950 2974 Θεοῦ-επιστρέψαι
968 2930 1188 2961 accesserunt
1204 2935 1245 2958 ex
1265 2922 1313 2956 D.
1440 2930 1493 2953 10.
1518 2931 1608 2962 εχειν
1626 2916 1673 2950 D.
1782 2912 1835 2947 18.
1863 2925 1916 2945 και

341 2978 405 3011 ult.
424 2988 491 3009 om.
512 2977 558 3010 D.
576 2977 685 3010 invito
705 2976 747 3010 B.
963 2985 1025 3031 20.
1058 2972 1137 3006 Hoc
1153 2970 1296 3015 ἀφέντες
1312 2972 1534 3011 assumptum
1550 2976 1592 2998 ex
1612 2963 1658 2997 D.
1708 2961 1760 2995 καὶ
1778 2971 1848 2994 om.
1866 2959 1914 2991 D.

340 3023 495 3066 Ἀσσοὺρ
512 3023 641 3065 passim
659 3022 750 3056 Edd.
848 3033 903 3055 21.
922 3020 970 3055 ἐπ’
990 3031 1053 3066 pro
1070 3018 1124 3053 ὑπ’
1142 3017 1202 3052 iid.
1298 3024 1352 3060 27.
1371 3013 1490 3048 τοῖονεὶ
1508 3011 1586 3055 (sic)
1608 3010 1652 3044 D.
1750 3018 1805 3052 30
1825 3005 1915 3040 διάτ·

344 3084 443 3113 τομεν
463 3069 552 3103 B.D.
572 3069 787 3111 διατάττομεν
805 3067 895 3102 Edd.
