2021 3434
118 221 154 246 V·
178 212 275 260 4-6-
594 216 667 256 IN
707 217 899 258 AMOS.
959 216 1108 257 TOM.
1142 216 1202 256 II.
1602 212 1684 251 457

119 317 302 384 Γέραρά
349 325 486 390 φησι·
539 322 677 378 πόλις
718 325 765 376 δὲ
809 348 923 390 αυτη
973 330 1065 376 τῶν
1109 326 1401 385 Φυλιστιεῖμ,
1445 320 1545 385 ἠτοι
1594 322 1687 369 τῶν

119 402 470 456 Παλαιστινῶν.
534 406 686 468 ἐπειδὴ
711 406 804 473 γὰρ
828 406 1022 470 ὤμοσαν
1053 406 1281 471 ἀλλήλοις
1314 404 1338 455 ὅ
1363 427 1412 454 τε
1438 400 1688 454 θεσπέσιος
1748 408 1830 488 an·
1840 419 1906 484 {³¹-

115 482 340 548 “Αβραᾶμ
374 488 449 537 καὶ
472 485 743 556 Ἀβιμελὲχ,
780 512 853 540 και
892 488 1127 554 συνθήκας
1165 485 1389 553 εἰρηνικὰς
1425 484 1579 535 ἔθεντο
1616 484 1688 534 ἐπὶ
1750 461 1766 491 3
1821 460 1838 492 3

116 569 200 614 τοῦ
232 566 444 634 φρέατος,
471 569 808 634 μετωνόμαστο
840 571 1008 622 λοιπὸν
1039 571 1066 634 ἡ
1092 569 1230 623 πόλις
1262 572 1324 622 εἷς
1358 565 1412 618 τὸ
1451 563 1584 635 φρέαρ
1608 569 1733 614 τοῦῖ)

77 662 99 700 5
120 646 251 713 ’σ’ρκου.
321 649 563 717 Γάλγαλα
596 652 652 716 δὴ
687 654 767 704 οὖν
803 655 877 704 καὶ
905 652 1070 713 Βαιθῆλ
1108 653 1184 703 καὶ
1214 651 1368 714 με’ντοι
1407 651 1481 699 καὶ
1508 647 1690 713 Γέραρα

119 727 278 784 πόλεις
312 730 436 795 ἦσαν
478 733 604 785 πολὺ
648 734 756 785 λίαν
795 734 913 801 πρὸς
953 735 1174 794 ἀσεβειαν
1215 730 1583 796 ἐκτετραμμέναι,
1616 729 1691 778 καὶ

119 816 342 877 πολυειδῆ
376 820 470 869 τοῖς
505 817 819 879 ἀπατωμένοις
848 820 1174 883 παρατιθεῖσαι
1200 814 1285 877 τὴν
1310 811 1512 875 πλάνην.
1579 808 1688 860 τού-

119 917 213 945 των
239 896 499 962 ἀναγκαίως
531 900 794 966 ἀποφοιτᾶν
817 898 1151 964 προστέταχεν,
1178 894 1444 962 ἀναπλέξας
1470 896 1535 961 τῷ
1561 890 1692 960 λόγῳ

120 978 195 1026 καὶ
219 977 431 1042 ἀπειλὴν,
457 980 532 1029 ἵνα
562 981 854 1047 πανταχόθεν
879 980 1144 1047 συνελαύνῃ
1182 976 1298 1044 πρὸς
1335 976 1389 1026 τὸ
1428 974 1690 1042 συμφέρον.

54 1083 102 1108 10
120 1058 392 1126 οἰχήσονται
425 1060 516 1128 γάρ
552 1066 674 1129 φησι
709 1060 873 1123 Βαιθήλ
911 1085 960 1112 τε
998 1063 1073 1112 καὶ
1111 1064 1157 1111 αἱ
1196 1058 1370 1110 λοιπαί.
1434 1059 1509 1107 καὶ
1543 1056 1570 1120 ἡ
1610 1054 1695 1119 μὲν

121 1141 424 1208 αἰχμάλωτος
465 1147 690 1204 βαδιεῖται
734 1143 852 1211 πρὸς
894 1142 1099 1212 ἐχθροὺς,
1139 1143 1167 1206 ἡ
1206 1141 1254 1193 δὲ
1293 1142 1412 1193 οὕτω
1457 1161 1694 1205 καταπρη-

120 1223 365 1287 σθήσεται,
408 1228 470 1280 ὡς
513 1227 662 1277 δοκεῖν
705 1226 792 1291 ἤδη
826 1250 925 1280 πως
957 1224 1070 1291 μηδὲ
1104 1224 1300 1294 ὑπάρξαι
1333 1221 1462 1275 ποτέ.
1530 1222 1695 1271 οὐκοῦν

121 1305 347 1372 ζητείσθω
375 1308 509 1371 Θεὸς,
535 1309 609 1359 ἵνα
644 1311 808 1379 ζήσῃ-τε,
836 1311 971 1377 φησὶ,
996 1310 1106 1374 πρὶν
1138 1303 1430 1375 ἀναλάμψαι
1464 1303 1546 1356 τὸν
1585 1302 1694 1354 οἶκον
1711 1329 1733 1355 c

120 1387 286 1459 Ἰωσὴφ
323 1397 399 1442 καὶ
435 1393 766 1461 καταφάγεται
799 1392 935 1454 αὐτὶν,
966 1397 1042 1443 καὶ
1077 1394 1153 1442 οὐκ
1190 1390 1314 1441 ἔσται
1349 1395 1366 1441 ὁ
1395 1386 1579 1449 σβέσαν.
1640 1385 1694 1437 τὸ

57 1494 103 1533 15
122 1470 206 1535 μὲν
240 1473 320 1524 οὖν
351 1468 645 1542 ἀναλάμψαι
679 1471 732 1524 τὸ
767 1473 1098 1540 ἐμπρησθῆναί
1133 1476 1296 1540 φησιν,
1325 1469 1433 1522 οἶκον
1459 1469 1506 1520 δὲ
1529 1466 1694 1538 Ἰωσὴφ

0 1557 1 1567 ’
122 1553 331 1620 ὀνομάζει
364 1555 446 1606 τὸν
469 1554 692 1622 Ἐφραὶμ,
719 1554 819 1619 ἤτοι
852 1555 957 1608 τοὺς
995 1556 1042 1605 ἐν
1079 1558 1137 1623 τῇ
1177 1552 1428 1621 Σαμαρείᾳ·
1470 1551 1696 1617 γεγόνασι

122 1636 215 1703 γὰρ
246 1637 302 1706 ἐξ
321 1636 505 1704 Ἰωσὴφ
529 1636 741 1705 Ἐφραιμ
771 1659 820 1687 τε
851 1660 925 1688 και
953 1639 1240 1699 Μανασσῆς.
1292 1633 1451 1700 ὥσπερ
1478 1635 1558 1684 οὖν
1584 1632 1695 1684 ὅταν

123 1720 288 1774 αὐτους
320 1717 522 1786 Ἰσραὴλ
556 1720 767 1787 ὀνομαζῃ,
811 1725 1004 1782 νοουμεν
1042 1721 1103 1772 ὡς
1145 1720 1193 1769 ἐκ
1230 1717 1405 1782 πατρὸς
1439 1718 1696 1780 κεκλῆσθαι

124 1825 229 1855 τους
267 1802 323 1871 ἐξ
350 1803 503 1863 αὐτοῦ,
531 1823 650 1852 ουτω
685 1800 772 1852 κᾶν
807 1800 924 1869 λεγῃ
958 1823 1101 1869 τυχον
1125 1798 1304 1869 Ἰωσ-ηφ,
1331 1797 1449 1850 κατὰ
1483 1797 1565 1849 τὸν
1590 1796 1697 1848 ἶσον

59 1907 108 1932 20
126 1883 348 1949 συνήσεις
371 1882 563 1951 τρόπον.

202 1966 342 2031 Καλὴ
386 1971 633 2033 τοιγαροῦν
665 1966 693 2030 ἡ
730 1964 1038 2032 μετάγνωσις,
1081 1968 1398 2026 ἀποσοβοῦσα
1434 1962 1516 2025 τὰς
1555 1962 1696 2023 δίκας,

126 2054 201 2104 καὶ
234 2051 293 2103 τὰ
327 2051 382 2120 ἐξ
409 2051 552 2117 ὀργῆς
586 2050 930 2113 ἀνακόπτουσα,
957 2050 1047 2119 ἔξω
1086 2072 1134 2101 τε
1172 2053 1354 2100 τιθεῖσα
1391 2046 1497 2101 τοὺς
1534 2047 1689 2108 ἐπιτη-
1713 2053 1740 2094 d

126 2135 340 2188 δεύοντας
390 2133 533 2197 αὐτὴν
581 2137 674 2183 τῶν
723 2135 1013 2184 δεσποτικῶν
1063 2132 1338 2197 κινημάτων,
1388 2133 1461 2181 καὶ
1508 2128 1696 2191 ἁπάσης

125 2217 245 2281 ἡμᾶς
282 2213 661 2268 ἀπαλλάττουσα
699 2219 964 2283 συμφορᾶς.

60 2422 107 2459 25
130 2412 276 2470 Κύριος
312 2412 335 2454 ὁ
372 2411 506 2452 Ποιών
545 2409 605 2452 εἰς
635 2412 741 2460 ὕψος
780 2407 918 2467 κρῖμα,
946 2411 1014 2451 καὶ
1051 2410 1317 2451 δικαιοσύνΗν
1344 2406 1403 2448 εἷς
1435 2411 1504 2454 Γιῖιν
1532 2407 1735 2457 {eum-2117

178 2575 208 2598 1.
232 2565 292 2598 τοῦ
309 2563 502 2608 φιλιστιειμ
519 2562 611 2597 Edd.
660 2565 726 2596 τῶν
743 2563 800 2596 alt.
818 2573 888 2595 om.
903 2561 947 2594 A.
1137 2572 1166 2594 2.
1192 2560 1211 2593 ὅ
1227 2575 1263 2594 τε
1281 2558 1463 2594 θεσπέσιος
1479 2567 1698 2594 accesserunt

127 2623 169 2645 ex
185 2611 229 2644 A.
234 2610 277 2644 B.
511 2621 543 2654 3.
570 2609 759 2652 εἰρηνικὰς
748 2609 791 2642 A.
804 2607 838 2642 b.
857 2607 985 2651 εἰρήνης
1003 2606 1092 2641 Edd.
1337 2619 1370 2648 4.
1395 2607 1635 2650 μετωνόμαστο
1654 2606 1695 2641 Β.

127 2658 382 2702 μετωνόμασται
400 2655 492 2690 Edd.
541 2656 587 2690 εἷς
603 2667 672 2689 om.
692 2656 735 2688 A
747 2655 782 2689 b.
800 2654 905 2688 habet
923 2654 964 2687 B.
1225 2663 1257 2695 5.
1283 2653 1318 2687 ἐν
1336 2659 1414 2686 ante
1432 2655 1536 2698 Γαλγ.
1555 2652 1635 2687 add.
1652 2654 1697 2688 A.

128 2736 160 2771 6.
185 2737 262 2770 λίαν
278 2742 498 2780 assumptum
515 2747 555 2769 ex
576 2735 617 2769 B.
637 2734 731 2769 deest
748 2735 783 2768 in
800 2735 844 2768 A.
1116 2744 1146 2778 7.
1170 2731 1412 2777 ἀπατωμένοις]
1431 2711 1634 2775 πῗινωμένοις
1651 2735 1694 2768 A.

130 2783 253 2818 Statim
270 2783 492 2827 περιτιθεῖσαι
510 2781 601 2816 Edd.
1076 2780 1108 2814 S.
1133 2779 1343 2831 προσέταξεν
1361 2779 1451 2813 Edd.
1471 2780 1587 2814 invitis
1604 2781 1647 2813 A.
1662 2781 1693 2814 b.

133 2830 184 2864 16.
210 2832 248 2874 τῇ
269 2829 388 2863 deest
381 2841 417 2863 ln
435 2828 525 2863 Edd
671 2828 722 2862 18.
746 2826 885 2871 Ἰσραὴλ
903 2827 1022 2862 αὐτοις
1038 2827 1108 2860 inv.
1127 2826 1270 2860 ordine
1264 2838 1285 2860 li
1278 2826 1322 2860 d.
1467 2837 1520 2871 19.
1549 2826 1632 2872 λέγῃ
1653 2827 1693 2861 B.

129 2884 162 2911 et
179 2889 209 2910 a.
228 2888 274 2910 m.
293 2877 357 2910 alia
374 2877 417 2909 A.
436 2874 532 2920 λεγοι
550 2874 641 2908 Edd.
691 2889 743 2907 και
761 2886 822 2919 pro
841 2875 921 2909 κατὰ
940 2874 1030 2908 Ε(1(1.
1050 2880 1127 2908 ante
1146 2873 1277 2918 Migne.
1520 2884 1573 2907 21.
1592 2875 1695 2907 καλὸν

130 2923 220 2957 Edd.
469 2933 524 2956 22.
550 2936 585 2955 τε
603 2933 671 2955 om.
690 2921 733 2955 A.
969 2932 1023 2965 23·
1049 2921 1130 2963 αὐτῇ
1149 2919 1239 2953 Edd.
1486 2931 1540 2962 24.
1566 2920 1693 2954 ἅπαλλ.

129 2971 269 3015 συμφορ
249 2984 310 3050 ρίς
326 2969 392 3004 hoc
410 2969 530 3003 ordine
547 2969 591 3002 A.
1168 2976 1222 3011 25.
1249 2965 1370 3010 Κύριος
1386 2967 1528 3001 accessit
1545 2979 1585 3001 ex
1603 2967 1693 3001 A.B.

129 3018 245 3060 (Alex,
273 3016 374 3059 ΙΙΙ.)

184 3088 277 3117 vo1..
301 3088 327 3114 1.
860 3087 883 3128 3
906 3086 933 3113 N
