2021 3434
170 199 226 241 ix.
248 209 289 254 5,
312 201 349 240 6.
620 200 694 241 IN
735 199 973 241 OSEAM.
1036 198 1184 239 TOM.
1223 197 1275 238 V.
1663 196 1741 235 185

169 384 217 425 Τί
260 385 460 427 Ποιιἰσετε
495 385 539 426 ἐν
584 386 720 446 ἡμέρα
754 387 1032 443 ΠανΗι-ύρεωε
1071 384 1139 426 καὶ
1180 383 1225 425 ὲν
1269 384 1446 439 ἡμέραις
1482 382 1635 437 ἑορτῆς
1672 372 1783 437 τοῡῗ
1810 364 1889 398 129
1912 363 1960 397 A·

237 467 384 526 Κυρίου
402 489 411 521 ;
1763 439 1784 461 O

258 568 449 634 Ἐπειδὴ
486 569 580 635 γὰρ
622 574 683 623 εἷς
716 569 854 621 τοῦτό
893 573 1016 637 φησι
1056 569 1302 619 καθίκεσθε
1341 566 1631 626 δυσβουλίας
1670 566 1746 615 καὶ

168 649 496 714 ἀσεβημάτων,
529 653 750 718 βδελυροὶ
789 651 837 702 δὲ
877 652 996 702 οὕτω
1035 649 1257 716 γεγόνατε
1296 651 1372 699 καὶ
1412 646 1745 714 ἀπηχθημένοι,

127 745 149 782 5
167 737 298 786 ποῖος
326 735 431 796 ὑμῖν
454 733 545 798 ἄρα
569 733 797 797 βοηθήσει
822 733 1022 798 τρόποςς
1062 731 1091 796 ἦ
1123 733 1172 782 τί
1197 729 1488 798 πεπραχότες
1522 731 1596 780 καὶ
1626 735 1741 791 βου-

167 813 444 877 λευσάμενοι
469 818 552 878 τῆς
578 817 697 866 οὕτω
723 817 870 879 δεινῆς
905 817 980 865 καὶ
1011 814 1175 880 ἀγρίας
1209 812 1445 864 ἐκνεύσετε
1480 816 1745 880 συμφορᾶς,

167 895 280 946 ὅταν
305 897 332 960 ἡ
359 896 445 960 ε’μὴ
470 901 659 961 τελῆται
685 900 938 966 πανήγυρις,
963 898 1262 948 δαπανῶντος
1287 900 1370 945 τοῦ
1404 895 1614 957 πολέμου
1639 894 1746 947 τοὺς

167 978 521 1041 λελυπηκότας;
562 980 727 1030 οὐκοῦν
762 978 894 1049 ἑορτὴν
929 980 1047 1029 ἰδίαν
1073 977 1283 1044 ὀνομάζει
1309 975 1443 1039 Θεὸς,
1468 975 1552 1027 τὸν
1587 975 1746 1042 καιρὸν
1764 986 1789 1025 b

167 1059 396 1123 δηλονότι,
435 1060 542 1111 καθ’
569 1060 622 1112 ὃν
660 1063 685 1112 ὁ
712 1061 914 1128 Ἰσραὴλ
947 1060 1175 1129 ἐξαιτοῖτο
1207 1060 1337 1113 δίκας
1373 1063 1467 1109 τῶν
1505 1062 1566 1112 εὶς
1604 1057 1746 1109 αὐτὸν

103 1173 116 1196 ι
125 1172 149 1196 0
166 1143 649 1207 πεπλημμελημένων.

240 1223 347 1291 Χρὴ
384 1231 632 1291 τοιγαροῦν
664 1223 728 1290 μὴ
767 1226 932 1280 ἁπλῶς
964 1223 1019 1276 τὸ
1054 1228 1220 1276 δοκοῦν
1256 1223 1608 1289 ἀπερισκέπτως
1641 1224 1740 1275 ἐπι-

166 1312 329 1370 τελεῖν,
356 1310 430 1358 καὶ
464 1313 559 1362 τοῖς
593 1314 829 1375 παροῦσιν
866 1306 1139 1375 ἐφήδεσθαι,
1177 1306 1613 1373 συναρπαζομένους
1647 1311 1746 1360 ταῖς

166 1390 422 1453 ἐπιθυμίαις
465 1394 527 1444 εἷς
563 1389 617 1441 τὸ
654 1389 965 1457 προσκρούειν
1007 1393 1127 1459 Θεῷ,
1168 1393 1432 1455 περιαθρεῖν
1471 1388 1519 1439 δὲ
1556 1393 1747 1451 μᾶλλον

168 1474 243 1522 καὶ
280 1471 339 1522 τὰ
376 1472 589 1536 ἐσόμενα,
628 1475 703 1524 καὶ
742 1473 986 1524 διεκδύνειν
1024 1474 1293 1538 ἐπείγεσθαι
1331 1470 1389 1521 τὰ
1424 1473 1474 1522 ἐκ
1509 1473 1634 1525 θείας
1660 1472 1741 1536 ὀρ-

104 1572 148 1609 15
169 1557 270 1619 γῆς.
333 1554 536 1618 ἐσόμεθα
570 1554 663 1622 γὰρ
697 1556 816 1606 οὕτω
842 1558 1002 1624 σοφοὶ,
1030 1557 1106 1606 καὶ
1143 1559 1237 1606 τῶν
1276 1553 1620 1623 συμφερόντων
1650 1555 1747 1605 ἐπι-

173 1636 417 1702 στήμονες.

168 1837 246 1878 Διὰ
284 1840 405 1879 τοῦτο
442 1836 532 1880 ἰδοὺ
570 1842 851 1897 Πορεύσονται
888 1840 935 1880 ἐκ
973 1839 1270 1896 ταλαιπωρίας
1309 1836 1527 1888 ΑἰΓύΠτου,
1569 1837 1636 1878 καὶ
1677 1838 1784 1881 (ἔκ-6

236 1920 402 1964 δέξεται
439 1923 591 1965 αὐτοὺς
627 1924 813 1980 ΛΛέμφιε,
855 1923 922 1964 καὶ
960 1924 1088 1973 Θάψει
1126 1923 1279 1965 αὐτοὺς
1321 1921 1520 1970 Μακμάε.
1586 1922 1654 1962 καὶ
1696 1921 1783 1970 τόρ

234 2006 431 2062 (xps-Opto»)
469 2009 610 2051 αὐτῶν
648 2010 827 2067 ὄλεθρος
862 2010 1184 2066 κλΗρονομιὶοε-ῑι·
1224 2009 1406 2050 ἄκανθαι
1441 2008 1486 2048 ὲν
1522 2004 1610 2049 τοῖς
1645 2023 1743 2049 mm-

102 2114 149 2138 20
239 2089 427 2139 νώμασιν
464 2093 619 2135 αὐτῶν.

246 2196 617 2264 Καταδῃούντων
655 2197 739 2261 τὴν
774 2196 1039 2263 Σαμάρειαν
1068 2201 1162 2247 τῶν
1194 2196 1528 2255 Βαβυλωνίων,
1561 2196 1602 2244 οἱ
1640 2196 1742 2243 δια-

170 2286 335 2349 φυγεῖν
383 2280 664 2346 ἰσχύσαντες
714 2278 851 2342 μόλις
901 2280 1169 2344 ἀπέδραμον
1218 2282 1280 2332 εἷς
1326 2275 1412 2341 τὴν
1461 2276 1744 2341 Αἰγυπτίων·

170 2364 300 2416 ἀλλὰ
343 2368 417 2415 καὶ
451 2363 595 2427 αὐτὴν
633 2363 837 2414 ἑλόντων
875 2366 961 2427 τὴν
995 2362 1324 2429 Ἰερουσαλὴμ,
1359 2363 1407 2412 ἐν
1445 2360 1628 2429 χρόνοις
1665 2363 1747 2424 τῆς

169 2447 390 2510 Ἰερεμίου
420 2447 718 2513 προφητείας,
753 2447 1048 2511 εὐαρίθμητοι
1083 2447 1247 2513 κομιδῇ
1279 2444 1660 2510 κατελείφθησαν
1697 2444 1746 2494 ἐκ

104 2553 150 2589 25
170 2532 252 2592 τῆς
295 2527 448 2578 Ἰούδα
498 2530 655 2592 φυλῆς
708 2529 783 2577 καὶ
832 2528 1063 2589 Βενιαμίν.
1146 2527 1275 2577 οὗτοί
1314 2548 1364 2576 τε
1413 2527 1639 2588 εἰσῆλθον
1683 2530 1791 2587 eisd

173 2610 425 2676 Αἴγυπτον,
463 2610 609 2659 καίτοι
648 2612 1006 2674 παρεγγυῶντος
1041 2612 1164 2660 Θεοῦ
1202 2607 1277 2659 διὰ
1315 2609 1475 2674 φωνῆς
1511 2607 1745 2674 Ἱερεμίου,

170 2695 245 2743 καὶ
271 2691 493 2757 λέγοντος
524 2693 740 2756 ἐναργῶς,
766 2688 830 2752 μὴ
862 2693 1028 2757 χρῆναι
1061 2689 1261 2756 βαδίζειν
1299 2687 1464 2743 αὐτοὺς
1495 2688 1581 2753 τὴν
1610 2691 1741 2756 ἐνεγ-

221 2837 250 2860 1.
277 2828 336 2859 τοῦ
352 2830 574 2870 assumptum
592 2836 633 2858 ex
655 2824 699 2858 D.
719 2823 815 2858 deest
832 2824 867 2857 in
886 2823 977 2858 Edd.
992 2824 1103 2869 (311.)
1312 2825 1344 2858 8.
1371 2823 1539 2870 ὀνομάζει]
1560 2829 1597 2865 4-
1614 2827 1632 2859 ὁ
1651 2825 1742 2860 Edd.

176 2884 227 2907 12.
255 2870 584 2917 συναρπαζομένους]
604 2870 822 2913 παιζομένους
843 2871 886 2904 l).
1184 2882 1236 2916 13.
1257 2872 1471 2917 περιαρθρεῖν
1489 2872 1568 2915 (Sic)
1583 2872 1629 2906 D.
1650 2873 1742 2906 Edd.

175 2929 227 2964 17.
253 2919 478 2964 πορεύσονται
497 2919 630 2952 B.D.F.
649 2919 765 2961 (Alex.
785 2917 886 2960 XII.)
903 2917 1100 2961 πορεύονται
1119 2917 1209 2951 Edd.
1230 2918 1346 2963 (Vat.)
1522 2920 1574 2953 18.
1602 2921 1741 2963 Μιικμάς

173 2967 267 3000 B.D.
284 2967 417 3010 μαχμάς
436 2965 526 3000 Edd.
577 2965 700 2999 Statim
719 2965 770 2998 καὶ
787 2971 1008 3008 assumptum
1026 2977 1066 2998 ex
1090 2965 1180 2999 B.D.
1195 2965 1300 3010 (sol.)
1409 2977 1463 3011 ²3·
1483 2966 1533 3012 ἐν]
1556 2971 1589 3008 -ξ-
1609 2969 1678 3002 τοῖς
1698 2968 1743 3000 l).

172 3015 229 3058 τῆς
245 3025 315 3047 om.
337 3014 382 3047 D.
504 3022 557 3057 27.
583 3012 701 3047 αὐτοὺς
719 3018 939 3056 assumptum
957 3024 997 3045 ex
1019 3012 1064 3047 l).

228 3082 320 3109 VOL.
343 3082 373 3109 1.
911 3080 932 3106 B
958 3067 980 3106 ¹)
