2021 3434
20 2475 69 2511 ²5
89 2459 116 2482 ‘⁶
141 2455 384 2504 καθίσεται
422 2452 541 2504 κατὰ
578 2451 738 2516 μόνας,
766 2451 836 2502 ὅτι
868 2451 980 2518 ἧρεν
1018 2453 1089 2519 ἐφ’
1120 2451 1307 2518 ἑαυτῴ.”
1367 2449 1666 2516 ἀνακεκράγει

95 224 122 266 i.
144 235 184 278 5,
207 225 246 266 6.
703 223 775 264 IN
822 223 1057 264 IONAM.
1590 227 1668 267 571

94 331 370 383 θάλασσαν·
411 332 626 396 ἐμπίπτει
653 331 701 383 δὲ
727 337 822 386 τοῖς
847 335 1100 399 πλωτῆρσι
1125 332 1179 384 τὸ
1205 335 1351 397 δεῖμα,
1376 335 1450 384 καὶ
1477 334 1502 384 ὁ
1528 333 1672 400 λόγος
1689 342 1717 384 b

92 413 150 479 ἦν
187 414 276 478 ἤδη
301 416 407 480 περὶ
445 419 539 464 τῶν
570 413 786 481 ἐσχάτων
824 415 992 477 αὐτοῖς,
1029 415 1369 481 ἀποτριζούσης
1405 413 1511 479 μὲν,
1553 415 1673 466 κατὰ

92 496 146 547 τὸ
192 498 323 559 εἰκὸς,
364 499 447 560 τῆς
486 495 701 557 ὁλκάδος,
742 498 992 563 μονονουχὶ
1034 496 1081 547 δὲ
1126 499 1201 547 καὶ
1254 497 1543 561 ἀπειλούσης
1583 498 1671 562 ἤδη

91 601 205 641 πως,
224 577 294 629 ὅτι
322 576 378 642 δὴ
405 577 575 641 μέλλοι
598 578 963 644 συνθραύεσθαι.
1018 578 1237 646 κέχρηται
1264 578 1311 628 δὲ
1336 584 1435 632 ταῖς
1461 579 1518 648 ἐξ
1540 579 1672 632 ε”θους

51 660 367 726 5ἐπικουριάις
419 661 444 710 ὁ
494 663 589 710 τῶν
649 664 829 710 ναυτῶν
880 660 1059 722 ὅμιλος,
1113 663 1189 711 καὶ
1237 661 1537 728 ἀποφορτίζει
1585 659 1672 724 τὴν

93 746 220 804 ναῦν,
264 744 326 795 ὡς
366 740 423 792 ἂν
467 743 594 810 ὑψοῦ
635 765 684 792 τε
726 741 793 805 ε’ίη
834 742 1066 806 κυμάτων,
1107 742 1415 808 εὐπετεστέρα
1459 741 1508 792 δὲ
1552 743 1672 793 οὕτω

91 821 261 874 λοιπὸν
301 825 517 891 ἐποχοῖτο
560 828 655 877 τοῖς
699 824 855 874 ὕδασι.
914 825 1038 889 μέγα
1072 824 1119 875 δὲ
1163 823 1280 890 πρὸς
1317 823 1555 891 ἀπόδειξιν
1589 829 1672 874 τοῦ

90 906 405 975 χειμάζεσθαι,
450 908 504 959 τὸ
549 910 624 959 καὶ
669 907 835 962 αὐτοὺς
875 914 970 961 τοῖς
1015 908 1204 971 δείμασι
1246 911 1522 971 βεβλῆσθαι
1565 906 1673 961 τοὺς

91 991 348 1053 ναυτίλους,
376 994 452 1041 καὶ
489 993 709 1057 σωτῆρας
747 991 871 1054 ἥκειν
908 991 1063 1044 αὐτοῖς
1096 988 1203 1043 τοὺς
1245 991 1385 1043 ἰδίους
1424 988 1554 1042 θεοὺς
1591 992 1666 1040 ἐκ-

25 1092 70 1119 10
89 1071 343 1123 τενέστατα
368 1077 672 1138 παρακαλεῖν,
700 1074 762 1126 ὡς
788 1071 1119 1137 ἀπεγνωκότας
1145 1071 1234 1135 ἤδη
1260 1074 1343 1134 τῆς
1369 1072 1622 1137 σωτηρίας.
1687 1102 1709 1128 0

85 1264 237 1306 Ἰωνᾶς
274 1264 319 1306 δὲ
359 1265 513 1315 κατὲβΗ
553 1262 612 1305 εἰς
649 1264 726 1306 τεὴν
763 1264 909 1306 κοίλην
948 1268 1021 1306 τοῦ
1056 1263 1208 1305 Πλοίου
1248 1264 1316 1305 καὶ
1352 1263 1557 1306 ἐκάθευδε
1602 1264 1670 1305 καί

155 1348 311 1404 ἔρεΓχε.
363 1348 431 1388 καὶ
466 1352 684 1405 Προσῇλθε
715 1348 823 1405 Πρὸς
862 1347 991 1390 αὐτὸν
1017 1348 1039 1390 ὁ
1068 1348 1267 1405 Πρωρεύς
1295 1347 1363 1388 καὶ
1397 1343 1515 1389 εἶπεν
1553 1347 1711 1402 αὐτῴό

155 1431 207 1473 Τί
239 1431 287 1473 σὺ
316 1432 506 1489 ῥέΓχεις;
549 1431 714 1473 ἀνάστα
750 1430 813 1473 καὶ
844 1432 1052 1473 {mxumo
1079 1432 1152 1474 τὸν
1180 1433 1277 1474 θεόν
1305 1448 1392 1483 σου,
1419 1429 1554 1474 εἴπως
1581 1432 1673 1474 δια-

157 1516 287 1559 σώσει
312 1518 335 1559 ὁ
361 1517 469 1560 Θεὸς
495 1517 607 1566 ἡμᾶς
635 1517 703 1558 καὶ
729 1517 784 1566 μή
814 1516 1091 1566 ἀπολώμεθα.

25 1653 70 1692 15
161 1629 443 1696 εΑρμόσειεν
469 1629 526 1681 ἀν
552 1631 725 1696 ἥκιστά
751 1655 804 1697 γε
835 1630 1014 1700 νήψεσι
1046 1634 1357 1698 προφητικαῖς
1383 1629 1436 1680 τὸ
1461 1629 1672 1699 ῥᾴθυμον

87 1716 150 1767 εἷς
188 1712 339 1781 εὐχὰς,
372 1713 596 1764 κινδύνων
621 1714 966 1780 ἐπηρτημένων,
999 1714 1075 1763 καὶ
1110 1713 1164 1763 τὸ
1192 1714 1474 1763 ὑπτιοῦσθαι
1500 1717 1670 1780 φιλεῖν,

87 1795 360 1846 καλούντων
395 1800 456 1850 εἷς
493 1795 664 1849 πόνους
703 1801 864 1862 καιροῦ
903 1797 978 1846 καὶ
1017 1794 1309 1861 πράγματος,
1349 1795 1420 1862 ἐφ’
1449 1792 1574 1863 ᾧπερ
1614 1793 1716 1846 &vd

86 1877 256 1942 πρέποι
293 1882 484 1942 μᾶλλον
522 1878 605 1929 τὸν
644 1882 739 1929 τῶν
774 1878 901 1928 ὅλων
938 1878 1330 1939 ἐκμειλίσσεσθαι
1355 1875 1494 1928 Θεόν.
1564 1875 1672 1928 ὅθεν

87 1960 219 2010 ἔστιν
258 1961 446 2023 ἐννοεῖν,
482 1962 544 2013 ὡς
579 1958 672 2027 πρὸ
711 1964 936 2027 χειμῶνος
982 1961 1006 2010 ὁ
1049 1960 1192 2012 ὕπνος
1231 1957 1302 2022 ἧν·
1367 1956 1582 2012 εἰωθότος
1622 1957 1672 2010 δὲ

21 2071 69 2097 20
87 2040 282 2110 σφόδρα
312 2047 584 2108 κατηρεμεῖν
622 2042 676 2092 τὸ
710 2044 786 2093 καὶ
816 2045 878 2096 εἷς
913 2041 1058 2106 αὐτὴν
1096 2040 1372 2092 καθικέσθαι
1406 2042 1476 2091 τοῦ
1513 2043 1671 2091 πλοίου

87 2122 157 2184 τὴν
197 2127 355 2184 κοίλην.
415 2126 561 2191 φίλον
595 2123 688 2190 γὰρ
724 2126 792 2174 ἀεὶ
826 2129 920 2177 τοῖς
955 2124 1104 2190 ἁγίοις
1128 2124 1204 2174 καὶ
1230 2122 1665 2188 περισπούδαστον,

85 2205 139 2256 τὸ
164 2208 341 2273 τύρβης
367 2208 647 2275 ἀποφοιτᾶν,
667 2208 741 2256 καὶ
768 2205 928 2273 ὄχλων
954 2205 1380 2273 ἀπονοσφίζεσθαι,
1410 2206 1485 2254 καὶ
1512 2206 1666 2255 διατε-

86 2293 186 2339 λεῖν
218 2288 338 2340 κατὰ
371 2287 537 2353 μόνας,
568 2287 689 2339 καθὰ
720 2290 795 2338 καὶ
831 2289 856 2338 ὁ
890 2287 1144 2340 θεσπέσιος
1174 2285 1423 2354 προφήτης
1447 2286 1669 2352 Ἱερεμίας

88 2377 115 2401 “
134 2370 346 2438 Ἀγαθὸν
375 2372 522 2437 ἀνδρὶ,
549 2373 715 2439 φησιν,
744 2369 857 2420 ὅταν
890 2369 979 2437 ἄρῃ
1018 2368 1156 2435 ζυγὸν
1190 2370 1240 2419 ἐκ
1266 2367 1479 2432 νεότητος
1505 2369 1663 2419 αὐτοῦ·
1726 2393 1846 2425 Thren.

1727 2437 1890 2479 iii.27,28.

88 2533 136 2585 δὲ
160 2533 308 2586 πάλιν
333 2537 438 2601 περὶ
463 2538 544 2597 τῆς
571 2539 666 2585 τῶν
691 2533 1005 2585 ἀπειθούντων
1031 2532 1241 2598 πληθύος
1271 2539 1298 2561 “
1319 2532 1460 2597 Κύριε
1486 2555 1662 2583 παντο-
1728 2555 1888 2587 Ηίθικκν.

134 2662 166 2693 4
193 2649 314 2694 μέλλει
332 2650 566 2695 συνθραῦσθαι
584 2649 676 2684 Edd.
846 2649 879 2684 6.
905 2665 941 2684 τε
959 2648 1007 2693 εἴη
1029 2650 1073 2683 D.
1094 2648 1185 2683 Edd.
1204 2649 1265 2692 μὲν
1280 2647 1324 2682 'loa
1345 2648 1387 2683 Β.
1531 2657 1563 2692 7.
1589 2648 1667 2682 ε’πο-
1733 2599 1783 2638 16,
1804 2606 1852 2640 17.

86 2699 184 2741 χοῖτο
205 2698 248 2731 D.
267 2698 351 2742 ἐποχ
330 2700 429 2742 χῆται
449 2698 490 2732 Β.
510 2698 681 2742 ἐποιχοῖτο
702 2697 730 2730 Ε
734 2696 792 2730 d.d
950 2708 982 2742 9.
1010 2696 1228 2730 ἐντενέστατα
1249 2695 1339 2729 Edd.
1510 2706 1562 2739 13.
1587 2695 1666 2728 ἀνά-

87 2745 188 2788 στηθι
214 2744 251 2778 F.
271 2744 363 2779 Edd.
392 2744 480 2784 (XII
508 2756 549 2777 ex
578 2745 682 2787 corr.)
746 2743 870 2777 Statim
897 2743 948 2776 καὶ
974 2750 1196 2787 assumptum
1222 2754 1263 2775 ex
1293 2742 1337 2776 D.
1364 2741 1400 2786 (N
1422 2741 1529 2785 A.V.)
1595 2742 1665 2776 δια-

88 2792 196 2825 σώσει
227 2791 268 2825 Β.
274 2791 320 2825 D.
338 2793 411 2835 (22.
431 2792 490 2834 al.)
509 2791 663 2834 διασώσῃ
681 2790 717 2823 F.
736 2791 772 2832 (κ
789 2791 833 2823 A.
846 2789 890 2823 V.
910 2790 1012 2829 XII.)
1030 2805 1127 2833 σωση
1147 2788 1238 2823 Edd.
1258 2789 1330 2833 (87,
1348 2790 1420 2833 97.)
1551 2799 1603 2830 14.
1621 2789 1666 2833 μὴ

88 2836 131 2871 Β.
137 2838 181 2871 D.
201 2838 237 2881 (ιιι
257 2850 311 2883 49,
333 2839 427 2883 233.)
446 2838 485 2872 οὐ
502 2838 546 2881 μὴ
566 2836 655 2871 Edd.
676 2837 729 2880 (οὐ
747 2848 922 2881 suprascr.
944 2836 1044 2879 XII.)
1198 2844 1251 2880 15.
1276 2850 1315 2881 γε
1333 2843 1554 2879 assumptum
1571 2847 1609 2869 ex
1632 2836 1665 2870 b.

90 2883 143 2918 16.
168 2886 285 2930 φιλεῖν
304 2885 345 2918 Β.
364 2886 474 2919 δοκεῖν
492 2885 538 2919 D.
558 2883 650 2918 Edd.
797 2894 849 2927 19.
876 2883 911 2917 δέ
932 2883 973 2916 Β.
979 2883 1023 2917 D.
1027 2883 1062 2917 b.
1080 2883 1146 2927 γὰρ
1163 2882 1256 2916 Edd.
1404 2893 1458 2916 21.
1485 2882 1601 2926 κοίλην
1619 2882 1665 2917 D.

87 2929 179 2966 Edd.
198 2931 328 2965 κοιλίαν
347 2931 388 2965 Β.
588 2941 643 2965 22.
669 2929 796 2975 τύρβης
814 2930 849 2964 b.
868 2931 998 2975 τρυφῆς
1017 2930 1063 2965 D.
1084 2928 1175 2963 Edd.
1366 2939 1421 2973 23.
1448 2929 1556 2964 καθὼς
1575 2928 1664 2963 Edd.

87 2978 107 3010 ὁ
125 2977 156 3012 θ.
173 2992 232 3022 πρ.
251 2978 380 3012 desunt
396 2978 431 3011 in
450 2977 528 3012 iisd.
689 2987 744 3022 25.
770 2977 852 3011 κατὰ
868 2976 987 3023 μόνας]
1011 2981 1047 3017 -†-
1070 2991 1122 3010 κιιι
1140 2975 1307 3020 σιωπήσει
1325 2975 1418 3010 Aub.
1436 2975 1553 3010 invitis
1571 2975 1664 3010 B.D.

89 3023 145 3059 26.
170 3028 235 3060 τῶν
251 3031 471 3070 assumptum
489 3037 530 3059 ex
554 3024 647 3058 BD.

812 3093 838 3129 4
862 3092 886 3117 D
912 3091 933 3120 2
