2021 3434
272 154 354 195 282
663 155 712 194 Β.
756 153 1033 194 CYRILLI
1076 153 1455 194 ALEXANDR.
1646 153 1728 193 xiv.
1749 165 1786 204 7,
1808 151 1845 191 8.

272 268 435 331 φησιν,
462 263 537 313 ἵνα
572 263 625 313 τὸ
660 262 863 327 βεβηκὸς
901 266 977 314 καὶ
1015 263 1068 314 τὸ
1109 262 1347 329 ἱδρυμένον
1387 264 1621 330 ἀσφαλῶς
1647 263 1728 324 τῆς
1754 264 1848 311 τῶν

273 346 606 414 ἐπιστρεφόντων
634 345 822 410 γνώμης
850 345 924 395 διὰ
949 346 1113 396 τούτου
1141 348 1312 408 νοῆται.

51 571 133 604 194
152 570 202 604 Α.
236 580 257 604 a
642 565 849 608 Ζήσονται
889 567 955 607 καὶ
994 568 1328 615 μεθυσθύσονται
1365 566 1479 619 σίτῳ.
2008 563 2021 633 ῗῇ

346 678 496 730 Αὗται
536 683 618 745 τῆς
663 683 953 751 ἐπιστροφῆς
996 686 1071 734 καὶ
1116 686 1197 748 τῆς
1238 682 1528 751 ἑδραιότητος
1570 681 1848 751 ἀξιόληπτοι

272 762 452 827 δωρεαί.
518 765 592 814 καὶ
628 763 744 831 ζωῆς
782 765 874 832 γὰρ
919 766 1111 817 ἔσονταί
1147 770 1269 835 φησι
1307 768 1389 830 τῆς
1426 765 1609 816 αἰωνίου
1647 764 1847 831 μέτοχοι,
1868 782 1889 821 5

271 845 346 894 καὶ
370 845 418 894 ἐν
443 851 733 916 πλεονασμῷ
766 847 1014 910 δυνάμεως,
1039 851 1185 912 δῆλον
1219 847 1267 899 δὲ
1301 847 1371 899 ὅτι
1409 848 1485 898 καὶ
1522 848 1845 910 πνευματικῆς.

271 931 409 976 τοῦτο
435 925 529 993 γὰρ
561 926 686 992 οἶμαι
724 933 899 994 δηλοῦν
929 930 982 981 τὸ
1018 930 1369 1001 στηριχθήο-ονται
1405 932 1526 1000 σίτῳ.
1591 928 1850 995 γέγραπται

51 1019 186 1051 Ρ3·οἰίἱ.
272 1006 333 1070 δὲ,
362 1007 431 1058 ὅτι
459 1008 677 1076 “”Αρτος
707 1013 910 1079 στηρίξει
945 1014 1136 1080 καρδίαν
1174 1011 1463 1078 ἀνθρώπου.”
1529 1012 1730 1074 σώματα
1767 1009 1850 1072 μὲν

269 1089 363 1157 γὰρ
400 1096 500 1146 ταῖς
533 1095 851 1159 καταλλήλοις
886 1096 1042 1160 ἥδεται
1080 1100 1290 1164 τροφαῖς,
1320 1093 1484 1163 ψυχὴν
1516 1093 1564 1146 δὲ
1602 1093 1851 1159 ἀνθρώπου

271 1172 390 1227 θεῖός
427 1197 477 1225 τε
514 1178 589 1225 καὶ
623 1176 799 1227 ἀνωθεν
837 1179 1068 1244 διανευροῖ
1094 1177 1249 1244 λόγος.
1315 1177 1385 1228 ὅτι
1411 1176 1503 1243 γὰρ
1530 1176 1586 1245 ἐξ
1609 1174 1850 1228 ἀσθενείας
1871 1197 1919 1222 10

225 1265 252 1306 b
271 1259 332 1308 εἷς
359 1254 552 1320 δύναμιν
577 1257 964 1326 μεταφοιτήσειεν
990 1258 1047 1310 ἂν
1074 1261 1098 1310 ὁ
1124 1259 1420 1327 ἐπιστρέφων
1443 1260 1490 1310 ἐκ
1517 1259 1702 1321 πλάνης
1731 1256 1850 1323 πρὸς

270 1338 525 1403 ἐπίγνωσιν
561 1342 698 1402 Θεοῦ,
735 1343 810 1392 καὶ
841 1343 890 1392 ἐκ
928 1346 1022 1392 τῶν
1061 1345 1143 1406 τῆς
1179 1341 1475 1409 φαυλότητος
1513 1341 1701 1406 βάθρων
1739 1341 1850 1390 ἀνα-

270 1419 501 1485 θρώσκων
552 1422 782 1476 εὐσθενῶς
825 1427 886 1477 εἰς
935 1424 1100 1492 ἔφεσιν
1145 1426 1320 1490 ἀρετῆς,
1365 1428 1464 1477 πῶς
1516 1425 1644 1474 ἐστὶν
1697 1423 1845 1490 ἀμφι-

268 1505 466 1563 βαλεῖν;
531 1503 656 1570 ε’ίπερ
703 1506 833 1555 ἐστὶν
884 1507 1073 1570 ἀληθῶς
1115 1507 1355 1560 ἀσθενείας
1399 1505 1483 1569 μὲν
1526 1505 1754 1571 ἔγκλημα,
1796 1503 1850 1554 τὸ

271 1584 546 1635 ἀναπίπτειν
587 1589 649 1639 εἷς
689 1588 917 1656 ῥᾳθυμίας
961 1590 1036 1638 καὶ
1077 1592 1138 1642 εἰς
1182 1587 1350 1652 ἡδονὰς
1394 1587 1635 1650 κοσμικὰς,
1676 1588 1750 1638 καὶ
1790 1589 1849 1640 εἷς
1873 1603 1918 1641 15

270 1665 324 1716 τὸ
355 1672 666 1733 προσκεῖσθαι
701 1674 858 1736 φιλεῖν
891 1674 990 1723 ταῖς
1028 1674 1122 1721 τῶν
1160 1670 1365 1721 εἰδώλων
1403 1671 1647 1736 λατρείαις·
1688 1668 1852 1736 ἰσχύος

271 1747 320 1799 δὲ
359 1751 441 1812 τῆς
484 1754 795 1815 πνευματικῆς
832 1752 1054 1818 λαμπρὸν
1093 1757 1259 1803 νοεῖται
1297 1751 1592 1819 κατόρθωμα,
1634 1750 1687 1803 τὸ
1726 1753 1848 1818 ἀγα-

271 1834 485 1897 θουργεΐν
525 1832 717 1884 ἑλέσθαι
759 1834 1024 1900 προθύμως,
1067 1834 1289 1900 ἡγεῖσθαί
1326 1857 1375 1885 τε
1420 1833 1538 1900 πρὸς
1580 1836 1730 1904 τούτῳ
1769 1836 1852 1898 τῆς

232 1916 332 1967 οεῖς
373 1912 496 1964 Θεὸν
539 1914 725 1980 ἀγάπης
763 1916 816 1966 τὸ
861 1916 1049 1980 ἄμεινον
1092 1916 1236 1980 οὐδὲν,
1278 1918 1353 1967 καὶ
1396 1916 1698 1971 ἀδιαπτώτως
1741 1917 1850 1968 ἰέναι

269 1994 387 2059 μετὰ
419 2002 597 2062 γοργοῦ
629 2003 711 2048 τοῦ
737 1997 1042 2068 γφρονήματος
1073 1997 1158 2063 τὴν
1190 2003 1250 2053 εἰς
1281 2005 1419 2050 τοῦτο
1449 1999 1625 2066 τρίβον.
1870 2016 1919 2041 20

275 2222 348 2264 Καὶ
374 2223 599 2266 ὲΞανθύσει
625 2224 684 2265 ὡς
711 2225 902 2274 ἄμπελος
939 2225 987 2267 τὸ
1024 2227 1291 2275 μνΗμόσυνον
1319 2226 1457 2279 αὐτοῦ,
1483 2227 1543 2268 ὡς
1580 2223 1694 2270 οἶνος
1732 2229 1848 2278 λιβά-

228 2321 249 2355 8
338 2322 410 2349 νου
436 2310 497 2362 τῷ
516 2309 524 2321 ’
539 2305 722 2364 Εφραΐμ.

334 2412 472 2481 ’Έφη
503 2439 595 2467 που
621 2416 743 2471 Θεὸς
776 2416 894 2483 πρὸς
925 2417 1010 2482 τὴν
1035 2416 1134 2469 ’τῶν
1158 2419 1394 2470 Ἰουδαίων
1423 2420 1613 2486 μητέρα,
1638 2420 1852 2472 τουτέστι

91 2509 97 2516 ι
164 2509 182 2516 ι.
308 2494 320 2510 x
631 2498 643 2513 Ι
738 2498 748 2514 3
840 2498 852 2514 Χ
930 2499 940 2516 Χ
979 2502 988 2515 )
1045 2499 1056 2515 Ι
1190 2500 1203 2515 Ι
1320 2501 1343 2519 ‚l
1753 2503 1763 2518 Ι

51 2509 145 2541 Hoer-
162 2521 194 2540 11·
270 2518 355 2560 την
383 2501 673 2564 Συναγωγην
692 2506 720 2528 “
754 2504 866 2566 Εγω
893 2502 942 2551 δε
966 2509 1202 2569 εφυτευσα
1225 2524 1282 2552 σε
1308 2509 1520 2565 αμπελον
1546 2508 1850 2572 καρποφορον

54 2563 103 2585 2Ῑ’
273 2585 299 2608 “
323 2583 486 2629 πᾶσαν
513 2580 784 2645 ἀληθινήν.”
848 2582 1032 2650 ψάλλει
1063 2582 1117 2633 δέ
1143 2606 1235 2634 που
1268 2585 1371 2650 περὶ
1406 2585 1546 2648 αὐτῆς
1577 2587 1652 2636 καὶ
1679 2586 1704 2635 ὁ
1731 2590 1850 2640 θεῖος
1870 2606 1917 2645 25

52 2661 218 2692 ΡΞᾸΧΧῑΧ·
272 2659 379 2722 ἡμῖν
429 2662 604 2713 Δαυείδ
647 2662 940 2727 “”Αμπελον
992 2665 1050 2734 ἐξ
1087 2666 1331 2730 Αἰγύπτου
1373 2669 1586 2733 μετῆρας,
1628 2668 1850 2736 ἐξεῘΒαλες

52 2715 82 2746 9,
102 2715 149 2741 10,
164 2712 212 2736 12.

322 2826 352 2849 2.
380 2818 508 2863 νοῆται]
529 2821 651 2853 νοεῖται
669 2820 761 2854 Edd.
936 2833 970 2867 3.
995 2821 1268 2866 μεθυσθήσονται
1287 2822 1332 2856 D.
1353 2821 1444 2857 Edd.
1465 2822 1588 2867 (A-V.)
1607 2823 1667 2858 sed
1685 2824 1728 2859 cf.
1747 2825 1848 2860 infra.

273 2861 306 2894 6.
333 2864 384 2913 καὶ
402 2866 461 2898 alt.
480 2873 699 2911 assumptum
719 2880 759 2902 ex
780 2868 825 2902 D.
1126 2879 1156 2914 7.
1184 2868 1470 2915 στηριχθὴσονται
1483 2869 1518 2904 b.
1538 2870 1626 2914 (XII
1645 2883 1686 2905 ex
1703 2878 1845 2906 correct.

272 2915 415 2953 anthuo
439 2923 566 2946 manu:
595 2924 649 2953 22,
668 2915 726 2957 al.)
744 2914 1018 2958 μεθυσθὴσονται
1036 2915 1082 2950 D.
1102 2915 1193 2950 Edd.
1339 2927 1392 2952 11.
1419 2918 1436 2950 ὁ
1454 2923 1675 2963 assumptum
1692 2930 1733 2953 ex
1751 2918 1844 2953 B.D.

276 2965 328 2998 13.
355 2955 585 3000 ἀμφιβάλλειν
606 2960 648 2993 D.
