2021 3434
138 195 195 237 iii.
223 209 368 251 19-21.
566 201 640 242 IN
683 202 954 244 JOELEM.
1015 203 1164 245 TOM.
1207 204 1268 245 Π.
1621 204 1704 244 363

135 312 162 335 “
186 329 290 358 πων
328 311 377 360 ἐν
417 311 570 381 σκέπῃ
611 319 705 365 τῶν
747 315 989 382 πτερύγων
1029 339 1120 368 σου
1165 318 1395 368 ἐλπιοῦσι.
1465 314 1706 380 μεθυσθή-

135 395 162 418 “
186 411 352 442 σονται
387 393 480 445 ἀπὸ
517 394 734 461 πιότητος
772 397 898 450 οἴκου
935 421 1042 460 σου,
1084 401 1159 450 καὶ
1190 397 1274 451 τὸν
1310 398 1591 467 χειμάῤῥουν
1625 401 1708 463 τῆς

131 476 158 499 “
184 476 364 542 τρυφῆς
402 498 493 527 σου
535 482 706 533 ποτιεῖς
756 480 932 543 αὐτοὺς,
979 481 1049 532 ὅτι
1092 481 1221 548 παρὰ
1261 484 1340 533 σοὶ
1381 480 1510 547 πηγὴ
1548 479 1705 546 ζωῆς.”

131 553 297 605 οὐκοῦν
330 558 405 607 καὶ
438 558 566 624 πηγὴ
605 558 721 626 ζωῆς
758 563 833 612 καὶ
871 561 1145 630 χειμάῤῥους
1173 565 1198 614 5
1225 563 1452 630 Χριστός.
1519 561 1752 633 χείμαίρ-Ῑ)

90 640 224 706 5ῥους
265 638 312 689 δὲ
354 644 544 703 σχοίνων·
588 643 814 709 μέμνηται
852 646 937 709 μὲν
975 647 1056 696 οῦν
1098 647 1123 696 5
1163 647 1422 716 Προφήτης
1457 646 1709 714 χειμάῤῥου

131 718 254 773 τινὸς
288 718 325 789 ᾧ
358 724 726 792 παραπεφύκασι
761 731 944 793 σχοῖνοι
977 728 1171 779 πολλαί.
1238 731 1362 797 φασὶ
1397 728 1445 779 δὲ
1478 727 1590 779 εἶναι
1627 727 1710 780 τὸν

132 800 273 852 αὐτὸν
309 808 375 872 τῷ
408 806 639 876 χειμάῤῥῳ
673 812 767 858 τῶν
801 809 988 874 κε’δρων,
1023 813 1127 876 περὶ
1159 808 1212 860 ὃν
1237 811 1475 876 ηὑρῆσθαί
1504 814 1654 878 φησιν
1684 811 1709 861 5

132 883 492 950 Εὐαγγελιστὴς
526 886 608 938 τὸν
637 890 812 955 Κύριον
846 890 976 953 ἡμῶν
1002 891 1190 955 Ἰησοῦν
1223 889 1305 942 τὸν
1338 890 1566 958 Χριστὸν,
1594 893 1710 955 ὁμοῦ
1770 903 1919 977 3310?-

130 971 187 1036 τῇ
213 969 383 1038 σπείρᾳ
410 970 653 1037 ζητοῦντος
679 973 818 1024 αὐτὸν
844 981 927 1026 τοῦ
950 974 1183 1041 προδότου
1208 980 1434 1040 μαθητοῦ.
1770 971 1860 1031 sqq-⁸

68 1071 114 1096 10
196 1047 343 1102 ’Έστι
368 1051 417 1102 δὲ
442 1054 523 1105 οὐκ
549 1054 762 1120 ἀκαλλὴς
787 1057 811 1107 5
838 1056 994 1123 λόγος,
1022 1061 1058 1108 εἶ
1090 1062 1155 1128 τῷ
1179 1057 1400 1129 χειιιιοίρῥῳ
1425 1057 1504 1110 τῶν
1531 1060 1710 1122 σχοίνων

130 1133 477 1200 παρεικάζοιμεν
508 1134 592 1200 τὴν
622 1136 934 1203 Ἐκκλησίαν,
965 1142 1026 1194 εἰς
1056 1138 1114 1204 ἣν
1139 1147 1165 1170 “
1184 1141 1443 1191 ε’κκέκλικεν
1468 1143 1529 1195 ὡς
1555 1164 1704 1192 ποτα·
1770 1158 1826 1189 Es.
1842 1158 1920 1189 lxvi.

132 1222 159 1245 ‘⁶
182 1214 269 1279 μὸς
307 1216 519 1283 εἷρήνης”
549 1221 573 1270 5
606 1220 778 1287 Κύριος
812 1221 943 1285 ἡμῶν
971 1223 1158 1287 Ἰησοῦς
1196 1222 1422 1290 Χριστὸς,
1460 1222 1518 1288 ἢν
1552 1223 1710 1275 οἱονεί-

131 1321 231 1352 πως
261 1300 329 1350 ἀεὶ
362 1302 592 1368 παραρῥεῖ
618 1301 702 1357 τὰς
735 1305 962 1358 ἀειθαλεῖς
994 1305 1193 1372 ποτίζων
1232 1307 1448 1368 σχοίνους,
1479 1306 1709 1369 τουτέστι,

132 1379 214 1434 τὰς
263 1386 357 1432 τῶν
405 1383 550 1448 ἁγίων
593 1383 769 1453 ψυχάς.
837 1387 1065 1453 φίλυδρος
1103 1386 1197 1454 γὰρ
1239 1388 1312 1439 ἀεί
1348 1412 1449 1442 πως
1490 1390 1592 1439 ἐστὶ
1633 1391 1749 1440 καὶο

68 1486 114 1525 15
133 1462 350 1528 ἀειθαλὴς
399 1465 427 1529 ἡ
475 1469 661 1529 σχοῖνος.
735 1471 772 1518 εἰ
823 1467 870 1519 δὲ
920 1468 976 1533 δὴ
1028 1472 1104 1521 καὶ
1155 1472 1305 1540 ὁρῷτο
1354 1471 1708 1538 κεκεντρωμένη,

132 1550 288 1601 καλῶς
318 1546 375 1597 ἂν
410 1547 506 1614 ε”χοι
540 1551 614 1599 καὶ
650 1551 808 1604 οὕτως.
876 1551 929 1602 οὐ
963 1549 1057 1618 γὰρ
1092 1552 1311 1619 ἄκεντρος
1339 1558 1583 1608 παντελῶς
1615 1559 1709 1605 τῶν

133 1628 277 1693 ἁγίων
321 1629 349 1693 ἡ
394 1629 549 1696 ἀρετή.
615 1633 705 1682 εἶσὶ
751 1631 837 1696 μὲν
879 1632 972 1700 γὰρ
1016 1634 1278 1701 πραότητος
1329 1637 1537 1703 ἐρασταὶ,
1579 1633 1709 1700 πλὴν

131 1711 247 1775 μετὰ
279 1712 444 1764 τούτου
481 1716 555 1765 καὶ
593 1717 812 1783 μαχηταί.

133 1913 338 1965 ΑῗΓυΠτοε
372 1915 431 1959 εἷς
465 1918 706 1974 ἀφανισμὸν
743 1920 873 1972 ἔσται,
910 1921 978 1962 καὶ
1014 1921 1036 1962 ἡ
1066 1921 1285 1970 Ἰδουμαία
1319 1920 1379 1963 εἷς
1415 1921 1561 1963 Πεδίον
1597 1922 1709 1978 ἀφα-
1732 1937 1777 1973 19

68 2020 115 2046 20
200 2003 344 2049 νισμοῦ
385 2003 603 2049 Γενύσεται
645 2003 689 2045 ἐξ
731 2003 908 2046 ἀδικιῶν
958 2003 1060 2046 υἱῶν
1091 2005 1245 2056 Ἰούδα,
1289 2006 1378 2047 ἀνθ’
1428 2004 1488 2047 ὧν
1536 2006 1707 2061 ἐξέχεαν

198 2079 300 2132 αἷμα
338 2084 479 2138 ἀθῷον
518 2086 562 2127 ὲν
601 2091 652 2144 τᾷ
693 2091 741 2145 Γᾷ
784 2088 939 2129 αὐτῶν.
999 2089 1021 2129 ἡ
1061 2088 1106 2130 δὲ
1136 2088 1324 2130 Ἰουδαία
1363 2087 1422 2131 eie
1458 2089 1531 2130 τὸν
1569 2087 1705 2130 αἶὼνα
1729 2100 1779 2125 20

198 2168 566 2220 κατοικΗθήσεται,
605 2171 673 2210 καὶ
703 2170 986 2228 Ἰερουσαλὴμ
1028 2170 1087 2212 εἷς
1131 2172 1278 2219 seve-:cic
1316 2172 1482 2219 Γενεών·
1535 2173 1603 2213 καὶ
1638 2172 1771 2212 ‘'ix-21

198 2249 361 2293 δικάσω
393 2251 440 2293 τὸ
475 2248 578 2301 αἷμα
613 2253 768 2305 αὐτῶν,
797 2255 865 2296 καὶ
899 2255 946 2296 οὐ
979 2256 1035 2304 μέι
1071 2254 1282 2310 ἀθῳὼσω,
1309 2257 1377 2297 καὶ
1406 2255 1551 2312 Κύριος
1579 2248 1752 2297 κατα-(1

199 2333 409 2377 σκΗνώσει
435 2335 478 2377 ἐν
505 2335 631 2378 Σιών.

68 2458 116 2497 25
199 2440 360 2495 ‘'Offov
393 2444 476 2508 μὲν
510 2446 591 2497 οὖν
627 2446 735 2512 ἧκεν
770 2451 832 2502 εἷς
865 2447 919 2499 τὸ
957 2449 1006 2499 ἐκ
1042 2451 1125 2513 τῆς
1157 2449 1366 2515 ἱστορίας
1399 2448 1701 2515 παραδηλοῦ-

180 2604 212 2635 4.
239 2593 292 2627 καὶ
309 2593 404 2639 prius
423 2601 642 2640 assumptum
661 2608 702 2629 ex
718 2595 754 2629 b.
803 2594 1006 2640 χειμάῤῥους
1023 2595 1099 2641 alt.]
1118 2595 1304 2641 χειμάῤῥου
1322 2596 1414 2631 Edd.
1590 2607 1623 2643 5.
1649 2599 1708 2634 οὖν

134 2646 354 2685 assumptum
371 2653 412 2675 ex
430 2641 472 2676 B.
629 2652 659 2687 7.
685 2643 763 2686 περὶ
781 2641 817 2676 ὃν
838 2642 878 2675 Β.
891 2643 925 2676 b.
943 2644 1028 2685 πρὸς
1047 2642 1084 2676 ὃν
1102 2643 1194 2676 Edd.
1244 2644 1410 2688 ηὑρῆσθαι
1429 2643 1462 2678 b.
1483 2645 1643 2689 εὑρῆσθαι
1662 2647 1704 2681 Β.

132 2685 293 2731 ὑβρίσθαι
311 2687 403 2722 Edd.
693 2690 726 2723 8.
757 2689 851 2722 Haec
869 2688 960 2732 ἡμῶν
976 2689 1109 2733 Ἰησοῦν
1125 2691 1183 2724 τὸν
1200 2692 1350 2734 Χριστὸν
1367 2699 1586 2725 accesserunt
1602 2704 1644 2726 ex
1662 2693 1704 2728 Β,

137 2743 151 2766 1
162 2743 189 2766 Ι.
213 2736 465 2778 παρεικάζοιμεν
482 2735 525 2769 Β.
538 2735 573 2770 b.
587 2736 828 2779 παρεικάζομεν
847 2735 938 2769 Edd.
1217 2748 1268 2771 12.
1297 2737 1393 2771 Haec
1409 2737 1541 2781 Ἰησοῦς
1558 2741 1706 2782 Χριστὸς

134 2787 351 2814 accesserunt
369 2793 410 2815 ex
428 2781 470 2816 B.
601 2792 654 2827 15.
681 2781 940 2828 κεκεντρωμένη]
962 2781 1176 2827 κεντρουμένη
1196 2783 1288 2818 Edd.
1422 2795 1474 2828 17.
1500 2786 1702 2832 πραότητος]

133 2827 313 2870 πραότατοι
330 2827 390 2862 iid.
624 2840 676 2872 19.
703 2828 721 2872 ἡ
740 2840 809 2862 om.
830 2828 872 2862 B.
892 2828 967 2873 (23,
987 2831 1042 2867 26,
1061 2830 1117 2870 86,
1140 2830 1215 2866 106.
1235 2830 1335 2876 311.)
1354 2831 1414 2865 sed
1432 2831 1476 2865 cf.
1495 2842 1562 2877 354
1580 2844 1609 2866 a.
1659 2834 1706 2870 εἷς

133 2873 248 2907 πεδίον
263 2873 475 2920 ἀφανισμοῦ]
495 2874 540 2910 εἷς
558 2874 672 2910 πεδίον
688 2876 734 2911 εἰς
751 2875 944 2920 ἀφανισμὸν
963 2876 999 2909 F.
1019 2876 1110 2910 Edd.
1130 2876 1235 2921 (Co.)
1447 2889 1501 2913 20.
1527 2879 1705 2924 γενήσεται

134 2919 277 2954 accessit
293 2932 334 2954 ex
353 2921 396 2956 B.
415 2921 477 2966 (22
497 2921 560 2966 al.)
719 2933 773 2956 21.
800 2922 910 2968 ἀθῷον
929 2922 1022 2957 BD.
1041 2923 1167 2957 δίκαιον
1184 2923 1276 2958 Edd.
1296 2923 1403 2966 (AN.
1422 2925 1502 2969 &c.)
1520 2926 1564 2960 cf.
1583 2938 1650 2972 245
1667 2927 1703 2962 b.

134 2972 168 2998 et
184 2977 202 3000 e
219 2973 339 3001 contra
355 2977 423 3012 354
440 2980 471 3002 a.
771 2979 826 3002 22.
852 2968 1016 3012 ἐκδικήσω
1035 2970 1076 3004 B.
1096 2970 1236 3015 (Alex.)
1254 2970 1424 3015 ἐκζητῆσω
1442 2972 1533 3008 Edd.
1553 2973 1649 3018 (Vat.
1668 2975 1704 3019 ε)

137 3021 192 3057 25.
217 3012 274 3048 οὖν
290 3020 511 3060 assumptum
529 3027 569 3050 ex
590 3015 632 3050 B.
683 3015 807 3051 Statim
826 3015 894 3059 ἥκει
914 3015 1005 3051 Edd.
1023 3017 1140 3052 invitis
1159 3017 1200 3051 B.
1213 3017 1247 3052 b.

872 3084 894 3125 3
918 3086 943 3111 A
965 3084 988 3114 2
