2021 3434
307 197 391 236 524
697 200 747 241 B.
791 201 1069 242 CYRILLI
1110 202 1494 244 ALEXANDR.
1608 203 1694 244 viii.
1725 215 1789 257 13,
1818 213 1879 251 14.

303 307 484 371 ἡλικίας
515 311 862 376 άπηρτημένους
895 313 1153 379 εὑρήσομεν
1191 312 1295 367 τοὺς
1334 313 1625 380 ἀποκομίζειν
1662 312 1880 365 εἰωθότας

302 393 364 442 εἰς
390 394 737 457 αἰχμαλωσίαν.
805 395 919 446 ε”οικε
955 396 1010 446 δέ
1038 418 1081 446 τι
1116 398 1191 447 καὶ
1225 396 1379 461 ἕτερον
1411 396 1519 459 ἡμῖν
1550 396 1574 446 ὁ
1606 395 1748 460 λόγος
1787 398 1881 444 τῶν

302 472 625 537 κεκρυμμένων
650 476 929 540 ὑποδηλοῦν.
991 476 1184 546 παρθένοι
1209 477 1327 531 τινες
1358 475 1483 541 ἦσαν
1509 482 1604 530 τοῖς
1635 481 1727 527 τῶν
1753 477 1881 526 εἰδώ-

301 558 400 603 λων
435 554 673 616 τεμένεσιν
714 557 999 625 ἐνιζήσασαι,
1045 561 1120 610 καὶ
1161 558 1252 611 σῦν
1295 560 1451 612 αὐταῖς
1488 558 1700 625 μειράκια
1736 557 1881 624 ἤγουν

299 638 459 690 παῖδες
483 636 663 702 ἄνηβοι,
691 641 745 690 δι’
773 639 837 691 ὧν
863 639 1050 692 ἐδόκουν
1084 644 1126 692 οἱ
1159 640 1498 708 περιεργότεροι
1535 643 1637 706 περὶ
1669 641 1880 704 γοητείας
1900 656 1922 694 5

300 715 360 766 τὰ
397 717 526 785 παρὰ
557 724 650 771 τῶν
681 723 929 785 δαιμονίων
962 722 1282 774 διδάσκεσθαι·
1323 726 1385 777 ὡς
1411 723 1502 789 γὰρ
1538 724 1606 774 ἐπ’
1635 721 1881 790 ἀχράντοις

78 808 165 842 340
187 808 236 842 A·
262 799 496 863 ἱὶσώμασι
532 809 783 858 καλοῦντες
814 804 944 868 αὐτὰ,
977 811 1072 860 τοῖς
1110 805 1386 873 ἀποῤῥήτοις
1421 809 1726 874 ψιθυρισμοῖς
1765 806 1881 855 ἀπο-

301 888 549 949 λογεῖσθαι
585 887 946 954 παρεσκεύαζον.
1011 891 1134 956 φασὶ
1171 889 1216 939 δὲ
1255 891 1330 939 καὶ
1371 893 1431 942 εἷς
1471 888 1603 953 δεῦρό
1640 910 1766 940 τινας
1801 888 1881 937 ἀν-

300 972 562 1033 οσιουργεῖν
601 969 847 1023 ἐθέλοντας
893 970 1010 1021 κατὰ
1061 970 1143 1021 τὸν
1189 969 1294 1021 ἶσον
1337 972 1519 1024 ἐκείνοις
1569 968 1880 1032 μαντεύεσθαι

299 1047 490 1112 τρόπον.
552 1051 622 1101 ὅτι
648 1052 800 1103 τοίνυν
826 1050 1039 1121 ἐλλείψει
1066 1056 1133 1122 τῷ
1158 1052 1374 1120 Ἰσραὴλ,
1401 1054 1502 1120 οὐχὶ
1529 1051 1669 1115 μόνος
1697 1053 1721 1102 ὁ
1751 1050 1881 1116 παρὰ
1903 1074 1950 1099 10

300 1133 425 1181 Θεοῦ
456 1131 531 1181 διὰ
568 1139 826 1200 προφητῶν
862 1135 1009 1200 ἁγίων
1050 1135 1282 1202 χρήσιμός
1326 1158 1375 1186 τε
1415 1137 1490 1186 καὶ
1528 1136 1780 1200 ἀναγκαῖος
1819 1136 1881 1187 εἷς

298 1213 622 1279 ἐπανόρθωσιν
656 1215 813 1281 λόγος,
841 1215 971 1267 ἀλλὰ
999 1216 1092 1283 γὰρ
1130 1219 1205 1268 καὶ
1244 1216 1381 1271 αὐτὸς
1417 1218 1441 1267 ὁ
1476 1216 1605 1283 παρὰ
1639 1220 1733 1267 τῶν
1763 1219 1881 1284 ψευ-

296 1293 563 1358 δομάντεων
612 1298 712 1362 ἤτοι
759 1300 1018 1363 δαιμονίων,
1071 1298 1125 1350 ὃν
1175 1299 1250 1350 διὰ
1290 1300 1533 1365 παρθένων
1577 1301 1651 1350 καὶ
1701 1300 1880 1350 παίδων

297 1378 535 1429 ἐποιοῦντο
565 1378 682 1445 πρός
713 1403 854 1443 τινας,
887 1381 1163 1449 ὑπεμφαίνει
1199 1381 1352 1448 λέγων
1379 1385 1450 1433 Ἐν
1488 1385 1537 1455 τῇ
1577 1380 1711 1452 ἡμέρα
1749 1381 1878 1454 ἐκείνῃ

251 1455 583 1530 ὓὲκλείψουσιν
626 1468 673 1513 αἱ
724 1461 916 1531 παρθένοι
963 1469 1011 1515 αἱ
1056 1466 1219 1515 καλαί.
1287 1465 1421 1514 οἱονεὶ
1465 1463 1557 1530 γάρ
1606 1486 1706 1516 πως
1756 1464 1882 1530 φησί
1902 1482 1947 1519 15

297 1543 683 1594 Συναπολοῦνται
714 1549 808 1598 τοῖς
845 1545 1011 1599 ἀλλοις
1045 1546 1163 1610 ὁμοῦ
1195 1547 1269 1597 καὶ
1297 1552 1345 1597 αἱ
1381 1549 1532 1597 καλαί
1555 1568 1646 1595 σου
1672 1543 1876 1609 παρθένοι.

294 1624 664 1690 κατειρωνεύεται
697 1625 744 1676 δὲ
777 1628 801 1677 ὁ
829 1625 974 1693 λόγος
1003 1630 1077 1678 καὶ
1109 1633 1202 1681 τοῖς
1235 1629 1403 1694 κοριόις
1431 1629 1547 1689 ὁμοῦ
1572 1626 1631 1678 τὰ
1655 1627 1877 1693 παιδάρια

293 1704 352 1755 τὰ
381 1705 581 1774 ὀμνύοντα
611 1707 734 1759 κατα
768 1710 840 1760 τοῦ
866 1711 1064 1777 ἱλασμοῦ
1089 1713 1370 1778 Σαμαρείας.
1438 1710 1541 1763 ἔθος
1563 1709 1657 1776 γὰρ
1681 1708 1737 1773 ἦν
1762 1709 1877 1764 ἴσως

292 1787 475 1842 ἐκείνοις
501 1790 682 1855 ὁρκίους
706 1795 942 1841 ποιεῖσθαι
969 1796 1125 1859 φιλεῖν
1150 1791 1256 1846 τοὺς
1278 1793 1326 1842 ἐν
1354 1792 1592 1861 Σαμαρείᾳ
1619 1791 1749 1846 θεοὺς
1774 1792 1876 1857 ἤτοι

292 1871 376 1926 τὰς
402 1872 638 1938 δαμάλεις,
664 1877 739 1926 καὶ
774 1875 933 1927 πλατύ
966 1899 1058 1927 που
1092 1875 1215 1943 τάχα
1247 1880 1625 1940 καταμειδιῶντες
1653 1881 1790 1941 Θεοῦ,
1817 1877 1876 1928 τὰ
1898 1898 1947 1923 20

294 1955 436 2006 αὐτοῦ
469 1961 566 2011 τοῖς
606 1963 835 2023 γλυπτοῖς
877 1960 1085 2022 ἀνῆπτον
1124 1958 1339 2025 λέγοντες
1378 1965 1438 2031 Z}
1477 1965 1495 2011 ὁ
1535 1958 1624 2014 θεός
1662 1984 1739 2011 σου
1780 1959 1876 2011 Δαν

297 2043 375 2089 καὶ
417 2039 467 2111 ζῇ
504 2045 522 2091 ὁ
562 2037 651 2095 Θεός
688 2064 764 2091 σου
799 2040 1034 2110 Βηρσαβεέ.
1099 2040 1260 2095 πόλεις
1293 2041 1341 2092 δὲ
1373 2042 1505 2092 αῦται
1529 2044 1612 2105 τῆς
1635 2042 1874 2105 Ἰουδαίας,

294 2119 363 2170 ἐπ’
390 2121 548 2175 αὐταῖς
578 2122 778 2186 κείμεναι
810 2127 911 2176 ταῖς
944 2124 1182 2190 ἐσχατιαῖς
1220 2126 1303 2188 τῆς
1333 2123 1508 2191 χώρας,
1537 2125 1612 2175 καὶ
1646 2122 1743 2174 οἷον
1781 2125 1874 2189 ὁρί-

256 2220 277 2246 0
295 2201 457 2267 ζουσαι
485 2203 538 2254 τὸ
564 2203 733 2270 με’τρον
767 2207 849 2268 τῆς
885 2207 970 2270 γῆς
1000 2205 1047 2255 ἐκ
1077 2205 1212 2256 νότου
1236 2204 1353 2271 πρὸς
1375 2205 1647 2257 θάλασσαν.
1715 2206 1874 2269 ὅμοιον

293 2284 374 2334 οῦν
409 2287 520 2336 ὡσεὶ
555 2286 736 2351 λέγοιεν
767 2289 809 2337 οἱ
848 2285 1064 2354 ὀμνύοντες
1102 2287 1245 2355 τυχόν
1271 2291 1330 2361 Z}
1363 2291 1444 2352 τῆς
1468 2288 1704 2338 Ἰουδαίων
1739 2291 1825 2353 γῆς
1853 2296 1871 2340 ὁ
1895 2310 1942 2348 25

294 2365 396 2430 θεὶς,
434 2368 677 2418 τουτέστιν
718 2370 743 2419 ὁ
780 2367 978 2436 μόσχος·
1032 2369 1107 2420 διὰ
1145 2369 1238 2436 γὰρ
1275 2374 1369 2421 τῶν
1406 2368 1620 2436 περάτων
1656 2369 1715 2420 τὰ
1745 2370 1872 2433 με’σα

291 2450 705 2516 περιλαμβάνεται,
731 2453 805 2502 καὶ
832 2451 859 2515 ἡ
886 2457 968 2502 τοῦ
991 2451 1165 2506 παντὸς
1191 2453 1431 2521 ὑφαίνεται
1458 2451 1682 2516 δήλωσις.
1729 2453 1871 2504 ἐκλεί-

291 2529 408 2602 ψειν
434 2534 582 2600 γεμὴν
612 2536 649 2586 ἐν
676 2532 804 2604 δίψει
841 2538 963 2604 φησὶ
990 2535 1071 2589 τὰς
1104 2536 1338 2606 παρθένους
1363 2538 1438 2587 καὶ
1472 2535 1578 2590 τοῦς
1606 2538 1871 2601 νεανίσκους,

292 2616 374 2667 οὐκ
397 2617 463 2667 ε”τι
488 2618 831 2684 χορηγομένους
857 2618 939 2672 τὰς
975 2623 1068 2669 τῶν
1101 2620 1348 2683 δαιμονίων
1375 2619 1689 2687 ψευδοεπείας,
1717 2619 1791 2671 διὰ
1815 2621 1870 2672 τὸ

339 2827 369 2849 2.
397 2817 449 2850 καὶ
467 2824 688 2863 assumptum
705 2829 746 2852 ex
765 2819 854 2853 A.B.
869 2818 904 2853 b.
1149 2818 1181 2853 6.
1208 2819 1370 2862 δαιμόνων
1389 2818 1421 2853 b.
1661 2831 1713 2854 12.
1739 2821 1867 2864 ψευδο-

289 2864 432 2902 μαντίων
451 2864 542 2899 Edd.
842 2866 893 2900 16.
921 2867 1004 2910 ὁμοῦ
1022 2878 1091 2900 om.
1113 2865 1153 2899 Β.
1205 2868 1369 2900 καλοῦσαι
1387 2877 1448 2909 pro
1465 2866 1497 2899 αἱ
1516 2866 1616 2899 καλαί
1633 2882 1697 2901 σου
1715 2867 1803 2911 (Sic)
1823 2868 1866 2902 A.

292 2919 346 2941 22.
374 2910 409 2952 ζῇ
430 2915 652 2955 assumptum
670 2924 710 2946 ex
730 2912 818 2947 A.B.
831 2913 865 2948 b.
1143 2924 1196 2957 23.
1225 2912 1274 2947 ἐπ’
1293 2913 1375 2946 αὐτὰ
1393 2912 1481 2956 (sic)
1500 2912 1533 2946 b.
1583 2913 1756 2958 ἐσχατιαῖς
1776 2914 1815 2948 Β.
1831 2914 1865 2948 b.

290 2954 447 2998 ἐσχάταις
467 2958 510 2991 Α.
531 2958 622 2993 Edd.
1070 2970 1125 3004 27.
1151 2961 1469 3004 παραλαμβάνονται
1490 2958 1529 2994 Β.
1581 2960 1754 3004 ὑφαίνεται
1773 2961 1864 2996 Α.Β.

290 3001 511 3037 {zm-nmirum:
531 3004 622 3039 Edd-
