2021 3434
308 205 392 244 460
696 208 744 248 B.
787 207 1061 248 CYRILLI
1103 208 1481 248 ALEXANDR.
1738 219 1867 246 v.10.

307 313 652 376 ἀποσειομένοις
685 313 767 364 τὸν
800 316 939 365 αὑτοῦ
973 315 1109 381 ζυγὸν
1135 315 1372 383 ἐπιμερίζει
1402 315 1670 381 συντριβάς.
1739 314 1869 365 ἀλλὰ

89 409 169 443 301
183 408 231 442 Α.
270 393 392 443 amb
436 393 477 443 εἴ
508 417 575 447 τις
616 395 763 458 οἴηται
807 395 948 463 τυχὸν
986 397 1041 465 ἐξ
1075 399 1373 466 ἀποπληξίας
1414 397 1605 464 ἰσχυρὸς
1649 394 1759 446 εἶναι
1796 399 1870 446 καὶ

84 883 182 914 Prov.
198 884 244 915 iii.

85 937 135 967 34-

304 474 461 540 με’γας,
489 479 562 526 καὶ
600 476 747 546 τούτῳ
786 481 1093 545 ταλαιπωρίαν
1131 480 1311 545 ἐπείγει.
1376 485 1513 530 τοῦτο
1547 478 1595 529 δὲ
1633 476 1690 541 ἦν
1721 479 1864 539 ὑπεμ-

303 557 550 621 φαίνοντος
585 559 778 624 εὐφυῶς,
815 562 875 613 ὡς
912 563 948 611 εἱ
986 558 1166 611 ἕλοιντο
1200 563 1434 629 ῥᾳθυμεῖν,
1466 563 1540 612 καὶ
1577 562 1624 610 ἐν
1659 564 1752 612 τοῖς
1790 561 1871 622 τῆς

303 638 616 706 ὑπερηφανίας
649 640 914 705 ἐγκλήμασι
951 643 1177 704 διαμένειν
1211 641 1288 704 ἔτι,
1316 644 1391 693 καὶ
1429 641 1547 708 με’γα
1586 645 1773 708 φρονεῖν
1798 641 1913 699 ε’πί5

302 741 357 784 γε
393 721 568 789 σφίσιν
610 723 776 783 αὐτοῖς,
814 727 874 776 εἷς
904 722 1109 790 ἐσχάτην
1150 730 1403 774 πεσοῦνται
1440 723 1775 788 ταλαιπωρίαν,
1813 726 1871 790 τῇ

302 806 384 852 τοῦ
421 801 610 853 πάντων
644 809 921 869 κρατοῦντος
952 806 1067 871 χειρὶ
1105 804 1273 856 λοιπὸν
1308 806 1449 858 ὁσίως
1479 801 1869 870 περιθραυόμενοι.

304 890 330 912 “
359 882 529 950 Κύριος
567 884 672 952 γὰρ,
710 888 873 953 φησὶν,
914 887 1224 954 ὑπερηφάνοις
1258 887 1628 947 ἀντιτάσσεται,”
1662 884 1781 936 κατὰ
1817 884 1871 936 τὸ

259 966 638 1032 ὒγεγραμμένον,
667 968 742 1017 καὶ
771 969 997 1031 πολέμιον
1030 969 1204 1034 ἡγεῖται
1243 968 1324 1020 τὸν
1358 968 1563 1035 ἀλαζόνα
1597 968 1671 1019 καὶ
1706 969 1870 1030 ἀπειθῆ

83 1060 232 1092 Es.1xvi.
300 1049 374 1097 καὶ
413 1047 709 1115 δυσάγωγον·
763 1051 1001 1111 ε’πιβλέπει
1040 1050 1187 1115 γεμὴν
1231 1052 1350 1102 “ε’πὶ
1400 1050 1481 1102 τὸν
1530 1048 1747 1101 ταπεινὸν
1797 1051 1870 1100 καὶ
1894 1072 1940 1097 10

84 1114 113 1135 2.

235 1504 281 1528 10

78 1845 182 1885 Supra

77 1899 142 1921 ver.
162 1899 191 1930 9.

301 1136 328 1158 “
354 1129 551 1197 ἡσύχιον
590 1134 664 1181 καὶ
707 1131 934 1198 τρέμοντα
971 1131 1076 1186 τοῦς
1121 1132 1317 1199 λόγους”
1354 1134 1509 1183 αὑτοῦ.
1575 1133 1649 1183 καὶ
1693 1130 1872 1196 ἀγαθὸν

299 1209 353 1261 τὸ
401 1214 572 1278 χρῆμα,
616 1217 691 1263 καὶ
729 1213 1044 1282 ἀξιοζήλωτον
1087 1217 1273 1279 ἀληθῶς
1312 1213 1440 1281 παρά
1477 1237 1529 1279 γε
1566 1219 1661 1267 τοῖς
1700 1213 1872 1278 ἄριστα

299 1292 460 1359 διαζῆν
484 1295 731 1358 ἑλομένοις.

354 1484 589 1534 ἘμίσΗσαν
617 1486 660 1528 ὲν
687 1489 839 1529 Πύλαις
864 1488 1101 1544 ἐλέγχοντα,
1129 1489 1196 1529 καὶ
1222 1490 1346 1537 λόΓον
1373 1490 1488 1531 ὅσιον
1515 1488 1808 1538 ἐβδελύξαντο.

393 1597 661 1666 Ἀντέχεται
710 1601 856 1651 πάλιν
904 1605 986 1666 τῆς
1035 1603 1159 1671 αὐτῷ
1211 1602 1482 1668 πρεπούσης
1524 1603 1800 1655 ἀκολουθίας
1845 1603 1937 1661 615

298 1678 452 1745 λόγος.
519 1679 672 1745 ἐπειδὴ
717 1681 809 1748 γὰρ
854 1684 878 1733 ὁ
920 1685 1171 1737 θεσπέσιος
1213 1682 1471 1752 Προφήτης
1516 1682 1870 1750 παντοκράτορά

295 1784 344 1812 τε
384 1763 459 1812 καὶ
502 1767 720 1828 παναλκῆ
760 1764 1054 1831 κατωνόμαζε
1091 1766 1173 1817 τὸν
1217 1765 1359 1829 Θεὸν,
1402 1766 1668 1832 προσετίθει
1710 1764 1757 1816 δὲ
1799 1765 1870 1816 ὅτι

295 1851 323 1873 “
348 1847 513 1912 διαιρεῖ
541 1846 833 1912 συντριμμὸν
867 1850 939 1899 ἐπὶ
982 1847 1138 1915 ἰσχὺν,
1181 1850 1254 1898 καὶ
1292 1847 1612 1914 ταλαιπωρίαν
1649 1849 1723 1898 ε’πὶ
1760 1847 1870 1915 ὀχύ-

295 1933 323 1956 “
347 1950 481 1992 ρωμα
523 1928 730 1993 ἐπάγει,”
780 1930 996 1997 ταύτῃτοι
1045 1933 1118 1981 καὶ
1162 1936 1243 1981 νῦν
1293 1931 1571 1995 ἀναγκαίως,
1617 1930 1691 1981 ἵνα
1733 1928 1870 1993 μήτις

295 2009 442 2074 οἴηται
489 2015 711 2076 περιττῶς
760 2011 948 2077 ἐπάγειν
998 2013 1137 2063 αὑτὸν
1187 2018 1281 2066 τοῖς
1333 2013 1475 2077 ὀλίγα
1517 2012 1740 2064 πταίουσι
1784 2011 1868 2066 τὰς

294 2090 450 2157 ὀργὰς,
477 2094 801 2158 ἀπαριθμεῖται
838 2093 897 2144 τὰ
930 2094 1215 2160 ἐγκλήματα,
1248 2097 1323 2146 καὶ
1360 2099 1422 2149 εἷς
1459 2094 1608 2158 μέσον
1647 2094 1748 2161 ἄγει
1785 2094 1869 2149 τὰς

293 2175 453 2237 αἰτίας,
481 2173 536 2225 δι’
564 2172 617 2228 ἃς
644 2176 971 2242 συντρίμματα
1006 2181 1080 2227 καὶ
1109 2178 1429 2242 ταλαιπωρίαν
1455 2177 1698 2244 ἐπιμερίζει
1721 2178 1863 2228 τισίν.

292 2258 573 2324 μεμισήκασι
606 2256 698 2323 γάρ
734 2262 855 2324 φησι
890 2256 995 2311 τοὺς
1028 2258 1378 2326 σωφρονιστὰς,
1409 2260 1518 2326 παρ’
1547 2259 1678 2310 οὐδὲν
1703 2261 1866 2311 πεποί-

292 2361 424 2401 ηνται
464 2338 570 2392 τοὺς
612 2338 882 2405 ἐλέγχοντας
923 2342 997 2390 καὶ
1041 2339 1146 2395 τοὺς
1188 2343 1423 2406 ἀπορθοῦν
1461 2339 1679 2395 εἰωθότας
1715 2345 1775 2395 εἰς
1813 2340 1866 2392 τὸ

293 2419 490 2470 ἁνδάνον
527 2423 646 2489 Θεῷ,
685 2419 911 2487 βδελυρὸν
956 2421 1196 2487 ἡγήσαντο
1245 2423 1398 2474 πάντα
1447 2424 1580 2489 λόγον
1623 2423 1747 2486 ’ὄσ-ιον,
1784 2421 1866 2474 τὸν

249 2516 274 2556 d
293 2508 527 2552 καλοῦντα
577 2503 794 2566 δηλονότι
841 2507 916 2554 καὶ
967 2505 1302 2570 παραθήγοντα
1349 2503 1466 2571 πρὸς
1517 2504 1740 2569 ὁσιότητα
1790 2507 1863 2556 καὶ

292 2583 542 2648 ἁγιασμόν.
606 2584 659 2634 τὸ
694 2585 741 2635 δὲ
780 2587 816 2637 ὲν
855 2586 1026 2640 πύλαις
1066 2586 1262 2650 νοήσεις,
1300 2589 1503 2653 ἐναργῶς
1542 2590 1616 2638 καὶ
1654 2589 1863 2655 ἀναφαν-

292 2663 371 2715 δὸν
419 2668 492 2716 καὶ
544 2668 591 2717 ἐν
641 2668 894 2736 παῤῥησίᾳ.
975 2669 1089 2719 ἔοικε
1151 2668 1198 2719 δὲ
1249 2672 1331 2733 τῆς
1382 2673 1443 2723 εἷς
1492 2669 1740 2738 προφήτας
1789 2671 1863 2720 καὶ

342 2834 369 2856 Ι.
395 2824 494 2857 αὐτοῦ
515 2824 554 2858 Β.
574 2823 624 2858 ἐπ’
643 2824 730 2870 αὐτῷ
749 2824 791 2858 Α.
810 2824 859 2858 ἐπ’
878 2826 986 2859 αὐτῶν
1004 2825 1094 2859 Edd.
1368 2837 1399 2860 2.
1426 2825 1457 2860 εἴ
1471 2833 1692 2871 assumptum
1711 2839 1750 2861 ex
1769 2827 1860 2861 A.B.

291 2868 392 2902 οἴεται
412 2870 501 2904 Edd.
756 2884 788 2913 4.
816 2873 850 2905 ἐν
867 2879 1088 2917 assumptum
1106 2884 1145 2906 ex
1164 2872 1253 2906 A.B.
1512 2884 1545 2918 5.
1571 2874 1799 2919 ὑπερηφανίας
1818 2873 1859 2907 Β.

290 2914 455 2951 ἀπειθείας
472 2917 515 2950 A.
529 2917 630 2951 Pont.
649 2917 809 2953 ἀπαθείας
820 2919 913 2953 Aub.
1010 2920 1041 2953 8.
1060 2919 1168 2963 φησὶν
1185 2931 1253 2953 om.
1270 2919 1313 2952 A.
1365 2918 1461 2953 Haec
1479 2921 1560 2954 κατὰ
1577 2921 1614 2954 τὸ
1631 2921 1860 2965 γεγραμμένον

291 2960 416 2995 desunt
433 2963 468 2995 in
487 2963 576 2997 Edd.
768 2976 819 3006 14.
846 2965 1048 3010 ἐλέγχοντας
1067 2966 1106 2999 Β.
1125 2966 1233 3000 invito
1251 2966 1293 2998 A.
1486 2976 1538 3011 17.
1563 2967 1747 3010 προσετίθη
1767 2966 1858 3000 Edd.

291 3017 345 3049 24.
371 3008 539 3051 ἀπορθοῦν
556 3009 645 3044 Α.Β.
665 3010 869 3055 ἐπανορθοῦν
888 3011 977 3046 Edd.
1167 3013 1220 3046 28.
1247 3013 1297 3046 καὶ
1316 3013 1411 3056 prius
1429 3024 1498 3047 om.
1519 3013 1560 3047 Β.

1889 2035 1936 2060 20

1885 2442 1931 2480 25
