2021 3434
101 230 139 255 v.
164 227 231 264 21,
257 228 320 257 22.
581 216 654 256 IN
695 215 887 256 AMOS.
948 214 1097 255 TOM.
1130 213 1217 254 III.
1591 212 1674 251 469

97 324 260 388 φησιν,
297 325 406 390 ὑμῖν,
445 326 602 378 σκότος
637 323 758 374 οὖσα
796 328 873 374 καὶ
916 327 956 373 οὐ
996 322 1106 391 φῶς,
1142 321 1217 373 διά
1251 343 1323 371 τοι
1359 319 1412 370 τὸ
1445 319 1675 382 πλείστης

96 403 214 468 ὅσης
253 406 618 469 ἀναπεπλῆσθαι
663 409 948 474 συμφορᾶς;
1003 406 1056 455 οὐ
1098 403 1191 470 γὰρ
1233 401 1290 453 ἂν
1329 400 1508 468 γένοιτό
1551 404 1674 467 φησι

95 486 320 536 διεκδύναι
347 489 486 549 τισὶν,
514 487 613 537 οὐδ’
646 485 703 537 ἂν
729 487 818 555 ἔξω
847 511 915 540 τις
946 486 1004 537 'loc
1039 491 1120 537 τοῦ
1146 490 1304 536 κακοῦ·
1346 482 1455 534 ἀλλ’
1485 485 1509 533 ὁ
1536 488 1673 533 τοῦτο

96 567 274 636 φυγὼν,
319 570 390 619 ὑπ’
434 569 604 619 ἐκείνου
649 568 961 636 ληφθήσεται,
1003 570 1076 618 καὶ
1128 572 1223 620 τοῖς
1264 564 1317 616 τὸ
1366 569 1553 631 πρῶτον
1602 565 1673 614 ε’κ-

55 662 77 699 5
98 650 330 701 νενευκὸσι
365 649 648 713 συναντήσει
682 649 735 701 τὸ
776 650 1003 715 δεύτερον.
1070 654 1208 699 τοῦτο
1233 646 1324 714 γάρ
1356 649 1456 697 ἐστι
1490 646 1543 696 τὸ
1578 649 1674 696 δια-

97 737 264 800 φυγεῖν
302 731 386 794 μὲν
429 733 477 783 ἐκ
524 731 760 794 στόματος
804 732 988 793 λέοντος,
1033 732 1246 798 ἐμπεσεῖν
1297 729 1344 780 δὲ
1395 734 1458 782 εὶς
1509 728 1674 797 ἄρκτον.

97 813 229 864 ἀλλὰ
252 813 338 864 κᾶν
370 814 500 867 εἴτις
535 814 688 876 οἴοιτο,
718 815 880 880 φησὶν,
915 815 962 864 ἐν
994 814 1236 881 ἀσφαλείᾳ
1263 811 1483 876 γενέσθαι
1519 810 1675 878 τυχὸν,

98 896 345 946 εἰσελάσαι
382 918 431 946 τε
463 901 520 950 εἰς
556 894 640 959 τὴν
683 897 837 957 οὶκίαν,
870 897 962 946 ἐκεῖ
996 894 1180 963 θανάτῳ
1218 897 1546 959 περιπεσεῖται,
1581 897 1676 946 τοῖς
1696 897 1723 937 d

99 979 245 1046 ὄφεως
282 978 520 1042 δήγμασιν
564 977 800 1041 ἀδοκήτως
843 977 1220 1041 ὑπενηνεγμένος.
1290 978 1415 1026 Θεοῦ
1447 974 1538 1040 γάρ
1577 997 1678 1025 τινα

30 1081 79 1106 10
97 1060 467 1114 συνελαύνοντος
499 1064 560 1113 εἷς
594 1057 790 1125 ὄλεθρόν
827 1082 876 1110 τε
915 1058 990 1109 καὶ
1027 1058 1211 1119 πόνους,
1238 1058 1304 1111 τίς
1338 1058 1362 1107 ὁ
1393 1058 1676 1118 διασώσων;

97 1142 164 1195 τίς
191 1143 216 1192 ὃ
241 1142 562 1207 ἐπικουρήσων
588 1143 663 1192 καὶ
699 1140 995 1210 ἀπαλλάξων
1021 1143 1102 1204 τῆς
1136 1142 1262 1204 δίκης
1283 1161 1294 1200 3
1335 1137 1363 1203 ἢ
1389 1144 1521 1192 ποῖος
1547 1139 1680 1190 ε”σται

97 1223 283 1290 τρόπος,
310 1222 363 1274 ὃν
397 1227 433 1274 εἰ
469 1222 704 1274 διελάσειέ
730 1247 812 1286 τις,
839 1223 929 1292 ἔξω
961 1223 1137 1287 γένοιτο
1177 1226 1271 1273 τῶν
1308 1226 1494 1280 κακῶνς
1534 1221 1680 1274 οὐδεὶς

1651 1301 1676 1317 ”
1740 1306 1794 1337 Es.
1813 1307 1879 1338 xiv.

1743 1359 1791 1388 ²⁷*

100 1391 174 1439 καὶ
209 1395 236 1417 “
255 1387 371 1439 Ἐὰν
413 1389 579 1456 κλείσῃ
617 1387 735 1438 κατὰ
779 1388 1040 1454 ἀνθρώπου,
1086 1389 1154 1441 τίς
1198 1386 1370 1455 ἀνοίξει
1389 1386 1428 1446 ;”
1471 1385 1589 1436 κατὰ
1623 1408 1677 1436 το
1740 1405 1830 1436 Hiob

33 1500 80 1537 15
99 1472 434 1540 γεγραμμένον.
1739 1460 1794 1480 ΧΗ
1818 1459 1866 1488 ¹4

295 1310 313 1319 „
525 1305 537 1320 x
650 1304 662 1321 x
785 1310 804 1318 Α
929 1304 941 1320 x
1013 1307 1024 1319 .
1150 1304 1160 1318 x
1259 1304 1269 1321 s
1339 1306 1348 1319 ‚
1525 1302 1537 1318 l

98 1312 355 1359 παντελως.
422 1313 449 1335 “
470 1310 572 1369 Την
605 1328 697 1371 γαρ
730 1329 861 1373 χειρα
892 1328 976 1369 την
1002 1308 1195 1373 υψηλην
1220 1327 1287 1357 τις
1323 1306 1645 1372 αποστρεψει·
1635 1344 1647 1364 ,

1694 1677 1716 1703 e

96 1716 336 1768 ΛΛεμίσΗκα,
369 1717 572 1765 ἀΠὼσμαι
605 1719 680 1759 τὰς
715 1718 867 1774 ἑορτάς
908 1718 1038 1767 ὑμῶν,
1080 1716 1147 1757 καὶ
1184 1718 1231 1757 οὺ
1269 1715 1324 1765 m}
1363 1715 1597 1771 ὀσφρανθώ
1629 1715 1673 1755 ἐν
1697 1734 1740 1758 21

167 1797 259 1841 mic
306 1804 588 1858 ΠανΗΓύρεοιν
638 1802 767 1850 ὑμῶν·
819 1801 925 1843 διότι
967 1801 1041 1842 ἐὰν
1083 1801 1280 1848 &viss-xm&
1318 1814 1388 1848 μοι
1430 1797 1743 1841 ὁλοκαυτώ-22

168 1900 280 1933 ματα
324 1885 392 1925 καὶ
434 1886 576 1927 θυσίας
622 1887 751 1936 ὑμῶν,
792 1886 839 1927 οὐ
879 1885 1167 1943 Προσὸἑὲομαι
1206 1884 1312 1925 αὐτὰ
1354 1883 1422 1924 καὶ
1464 1882 1676 1940 σωτΗρίου

166 1968 418 2024 ἐπιφανείας
455 1969 573 2018 ὑμῶν
610 1969 685 2010 οὐκ
722 1970 1018 2019 ἐπιβλέψομαι.

33 2111 83 2136 20
172 2092 453 2158 (Αρμόσειεν
504 2092 560 2143 ἂν
611 2094 635 2143 ὁ
688 2093 831 2159 λόγος
878 2097 973 2146 τοῖς
1025 2092 1081 2161 ἐξ
1126 2092 1280 2143 Ἰούδα
1334 2091 1547 2154 μάλιστα
1602 2091 1678 2139 καὶ

101 2176 331 2236 Βενιαμίν.
402 2179 447 2225 αὶ
491 2175 575 2238 μὲν
619 2173 711 2241 γὰρ
760 2176 806 2225 ἐν
850 2180 906 2243 τῇ
947 2176 1185 2243 Σαμαρείᾳ
1236 2177 1384 2242 φυλαὶ
1433 2176 1533 2225 ταῖς
1585 2176 1678 2222 τῶν

100 2257 305 2307 εἰδώλων
366 2259 595 2323 λατρείαις
657 2257 928 2323 ὁλοτρόπως
983 2256 1327 2324 προσκείμεναι,
1376 2254 1582 2323 ῥᾴθυμοί
1628 2276 1677 2304 τε

104 2337 296 2406 σφόδρα
337 2341 413 2390 καὶ
454 2339 580 2391 πολὺ
623 2344 983 2404 κατημεληκυῖαι
1023 2343 1117 2389 τῶν
1159 2337 1233 2389 διὰ
1278 2337 1522 2390 Μωυσέως
1561 2335 1666 2399 ἡλί-

102 2443 276 2472 σκοντο
325 2420 496 2484 νόμων·
550 2425 592 2473 οἱ
636 2421 684 2473 δὲ
723 2423 771 2472 ἐν
808 2427 902 2475 τοῖς
939 2419 1300 2487 Ἱεροσολύμοις,
1339 2418 1473 2469 ε”θυον
1510 2417 1594 2480 μὲν
1631 2418 1718 2468 ἐνει
1743 2435 1830 2471 307
1846 2433 1898 2468 A.

153 2606 182 2629 Ι.
208 2596 386 2631 πλείσταις
403 2595 500 2632 ὅσαις
517 2596 613 2631 ἀναπ.
633 2597 827 2641 συμφοραῖς
845 2595 936 2629 Edd.
1166 2605 1198 2628 2.
1223 2595 1313 2639 φησι
1331 2600 1552 2637 assumptum
1575 2605 1616 2628 ex
1635 2593 1677 2628 B.

102 2653 135 2687 3.
163 2641 210 2685 εἴη
228 2654 291 2686 pro
308 2641 353 2676 ἰὀι
371 2644 414 2676 Α.
673 2643 706 2676 6.
732 2643 854 2686 ἄρκτον
871 2642 1000 2676 habent
1016 2642 1059 2675 A.
1065 2641 1106 2675 B.
1377 2650 1408 2685 7.
1433 2639 1464 2675 εἴ
1479 2655 1528 2676 τις
1545 2652 1614 2674 om.
1633 2642 1679 2675 A.

101 2689 277 2733 ἀσφαλείᾳ
294 2689 337 2723 A.
355 2689 509 2734 ἀσφαλεῖ
527 2689 569 2723 Β.
588 2688 681 2723 Edd.
998 2689 1031 2722 8.
1058 2687 1288 2722 εἰσελεύσεται
1306 2699 1368 2732 pro
1386 2687 1563 2722 εἰσελάσαι
1580 2701 1616 2721 τε
1633 2689 1678 2721 Α.

101 2737 346 2779 παραπεσεῖται
365 2735 456 2769 Edd.
764 2747 796 2780 9.
822 2735 1094 2779 ὑπενηνεγμένοις
1111 2734 1189 2779 (Sic)
1178 2734 1250 2777 )A.
1550 2745 1604 2767 11.
1629 2734 1680 2769 τίς

103 2784 122 2816 ὁ
134 2781 371 2837 ἐπικουρήσων
389 2782 441 2815 καὶ
465 2782 672 2825 ἀπαλλάξων
691 2781 733 2815 Β.
752 2782 802 2817 τίς
819 2781 1033 2825 ἐπικουρήσει
1058 2782 1110 2814 καὶ
1135 2780 1323 2823 ἀπαλλάξει
1343 2779 1434 2814 Edd.
1501 2779 1519 2823 ἢ
1537 2783 1680 2816 ποῖος-

103 2831 169 2863 τῶν
186 2831 292 2862 κακῶν
308 2840 377 2862 om.
398 2828 439 2862 Β
698 2827 751 2862 16.
776 2829 835 2863 τὰς
852 2835 1072 2872 assumptum
1090 2839 1131 2862 ex
1148 2828 1192 2860 A.
1211 2827 1287 2871 (22.
1305 2826 1370 2871 al.)
1388 2827 1431 2860 cf.
1450 2827 1541 2861 infra
1557 2827 1624 2872 308
1643 2827 1679 2862 d.

105 2890 140 2909 εν
157 2887 227 2909 om.
245 2876 289 2908 A.
498 2884 550 2920 17.
576 2874 770 2919 ἀνενέγκητέ
789 2875 825 2908 F.
844 2874 936 2908 Edd.
956 2874 1052 2918 (CO.)
1257 2873 1309 2908 18.
1335 2873 1456 2907 θυσίαν
1474 2873 1565 2907 Edd.
1581 2873 1679 2918 (Co.)

105 2922 189 2956 αὐτὰ
205 2928 427 2966 assumptum
445 2933 486 2956 ex
504 2924 547 2956 A.
554 2921 594 2956 B.
615 2921 734 2966 (Alex.
754 2921 826 2955 XII
844 2920 937 2966 mg.)
1115 2931 1170 2955 20.
1194 2919 1358 2965 Ἀρμόσοι
1376 2920 1467 2954 Edd.
1520 2920 1562 2954 In
1578 2921 1624 2954 A.
1641 2921 1680 2964 ἐξ

107 2969 295 3014 castigatur
313 2968 390 3002 ad’
374 2983 418 3002 εν.
645 2979 699 3002 21.
725 2970 764 3012 τῇ
785 2968 903 3002 deest
896 2979 932 3001 ln
950 2966 1041 3002 Edd.
1280 2978 1334 3012 23.
1361 2969 1617 3011 κατημεληκυῖαι
1636 2967 1677 3001 Β.

108 3017 371 3060 κατημεληκότες
390 3014 480 3049 Edd.
718 3026 772 3057 24.
798 3016 867 3050 τοῖς
885 3014 1003 3048 deest
996 3026 1030 3048 ln
1055 3014 1146 3048 Edd.
1194 3015 1254 3057 μὲν
1272 3026 1340 3048 om.
1356 3015 1398 3047 A.
