2021 3434
300 217 383 256 334
687 215 736 254 B.
779 213 1057 254 CYRILLI
1096 211 1476 253 ALEXANDR.
1649 211 1692 251 ii.
1715 221 1782 263 27,
1802 208 1868 250 28.

363 324 448 389 Μὴ
475 322 531 388 δὴ
556 323 715 375 πλατὺ
740 323 1021 389 γελάτωσαν
1047 323 1275 388 αἱρετικοῖ,
1302 319 1416 385 μηδὲ
1441 322 1523 384 τῆς
1548 324 1631 370 τοῦ
1657 323 1871 386 Μονογε-

301 413 404 460 νοῦς
431 406 913 473 καταφλυαρείτωσαν
938 405 1090 473 δόξης,
1117 407 1178 457 ὡς
1204 403 1259 468 δὴ
1294 406 1369 453 καὶ
1402 402 1613 468 μεγάλης
1649 397 1872 468 δυνάμεως

301 488 634 551 ὠνομασμένης
661 490 742 551 τῆς
763 486 963 551 κάμπης,
990 486 1053 551 μὴ
1081 488 1118 536 δ’
1142 484 1200 536 ἂν
1220 489 1255 536 εἰ
1282 483 1466 549 λέγοιτο
1493 485 1567 534 καὶ
1592 481 1728 536 αὐτὸς
1749 486 1873 534 Θεοῦ

300 571 490 633 δύναμις
525 572 572 620 ἐν
610 570 701 638 ἰ’σῳ
735 569 995 636 γραφέσθω
1030 572 1088 636 τῇ
1126 569 1356 630 σκώληκι.
1422 564 1740 630 τετολμήκασι
1779 565 1872 632 γὰρ

300 655 342 704 οἱ
370 652 559 703 δείλαιοι
583 654 658 703 καὶ
683 656 744 705 εἷς
769 657 905 702 τοῦτο
932 654 1230 702 κατολισθεῖν
1256 647 1531 711 ἀθλιότητος
1557 649 1753 698 ἐννοιῶν.

166 920 211 959 27
259 904 379 948 bKai
421 905 468 945 οὐ
511 904 566 952 μή
612 905 889 960 καταισχυνθιῇ
933 903 956 944 6
999 902 1100 943 λαός
1139 916 1218 950 μου
1261 900 1322 943 εἰς
1368 898 1441 940 τὸν
1483 897 1630 941 αἰῶνα·
1681 900 1749 941 καὶ
1784 900 1876 942 ἐπι-

369 986 579 1035 Γνώσεσθε
616 988 679 1028 ὅτι
715 986 759 1027 ὲν
797 987 913 1040 μέσῳ
930 989 1002 1027 τοῦ
1022 985 1196 1042 Ἰσραὴλ
1223 985 1308 1033 {sch
1342 985 1437 1038 εἶμι,
1468 987 1536 1028 καὶ
1566 986 1650 1034 ὲΓὼ
1679 984 1827 1042 Κύριος
1853 984 1875 1026 6

370 1070 478 1111 Θεὸς
504 1070 633 1120 ὑμῶν,
662 1069 729 1110 καὶ
759 1069 835 1110 οὐκ
870 1070 981 1111 ἔστιν
1015 1070 1160 1126 ἕτερος
1185 1069 1297 1111 Πλὴν
1324 1070 1438 1119 ἐμοῦ·
1480 1071 1547 1111 καὶ
1573 1069 1620 1110 οὐ
1647 1070 1703 1117 μή
1731 1082 1877 1109 καται-

370 1154 644 1209 σχυνθήσεται
670 1153 731 1195 ἔτι
757 1156 840 1194 Πᾶς
865 1153 887 1195 6
914 1153 1018 1194 λαός
1044 1167 1123 1201 μου
1150 1150 1210 1193 εἰς
1236 1153 1308 1194 τὸν
1334 1151 1482 1194 αἰῶνα.

376 1274 756 1340 Ἐπαγγέλλεται
792 1278 963 1342 σαφῶς
998 1277 1079 1337 τῆς
1117 1273 1233 1336 μετὰ
1277 1273 1452 1340 σαρκὸς
1497 1274 1756 1336 οἰκονομίας
1796 1269 1878 1321 τὸν

303 1356 492 1423 τρόπον,
528 1358 601 1407 καὶ
643 1355 712 1406 ὅτι
749 1360 844 1409 τοῖς
881 1357 955 1405 ἐπὶ
997 1358 1079 1419 τῆς
1120 1359 1206 1421 γῆς
1249 1355 1688 1420 συνδιαιτηθήσεται
1727 1354 1878 1405 καθεὶς

302 1438 464 1490 ἑαυτὸν
508 1442 569 1491 εἰς
615 1437 829 1500 κένωσιν,
879 1439 953 1487 καὶ
1003 1437 1247 1502 γενόμενος
1290 1439 1396 1489 καθ’
1439 1438 1571 1502 ἡμᾶς,
1622 1436 1876 1497 τουτέστιν,

303 1521 562 1587 ἅνθρωπος.
638 1518 740 1570 τότε
797 1518 889 1586 γὰρ
940 1518 1128 1584 γέγονεν
1178 1521 1214 1571 ἐν
1265 1520 1391 1589 μία-ῳ
1439 1522 1511 1571 τοῦ
1559 1517 1751 1588 Ἰσραὴλ,
1804 1519 1879 1568 καὶ

303 1603 582 1671 διεφύγομεν
623 1601 849 1668 ἐντροπὴν
890 1603 965 1652 καὶ
1006 1601 1223 1666 αἰσχύνης
1268 1601 1632 1668 ἀπηλλάγμεθα,
1677 1598 1879 1651 θανάτου

262 1685 545 1747 οπεσόντος,
580 1683 805 1751 ἁμαρτίας
841 1684 1142 1752 ἀνῃρημένης,
1173 1683 1393 1750 γνώσεως
1432 1686 1636 1748 ἀληθοῦς
1674 1685 1879 1734 εἶσκεκο-

82 1776 168 1852 ξω]
194 1779 214 1809 i·
301 1767 544 1832 μισμένης.
611 1772 967 1832 προσκυνοῦμεν
1005 1764 1098 1833 γὰρ
1137 1765 1285 1817 οὐκέτι
1311 1770 1415 1835 “τῇ
1450 1767 1598 1817 κτίσει
1631 1763 1760 1832 παρὰ
1797 1764 1880 1815 τὸν

104 1831 133 1861 5’
303 1857 329 1880 “
355 1850 622 1912 κτίσαντα,”
668 1851 744 1899 καὶ
785 1846 909 1899 Θεὸν
953 1848 1107 1914 ἕτερον
1155 1849 1224 1900 ἐπ’
1267 1849 1391 1918 αὐτῷ
1433 1852 1677 1901 παντελῶς
1718 1846 1880 1898 οὐδένα

300 1933 694 1999 παραδεδέγμεθα.
758 1929 995 1997 τοιγάρτοι
1030 1932 1104 1981 καὶ
1135 1930 1537 1996 πεπλουτήκαμεν,
1563 1931 1624 1983 ὡς
1654 1931 1702 1980 ἐν
1726 1930 1879 1980 ἐλπίδι

299 2015 485 2084 βεβαία,
520 2014 638 2081 ζωήν
669 2036 719 2064 τε
755 2015 829 2064 καὶ
867 2013 1011 2081 δόξαν
1050 2014 1124 2063 καὶ
1162 2011 1246 2078 τὴν
1285 2017 1345 2067 εἰς
1380 2013 1650 2080 μακραίωνα
1687 2013 1793 2072 βίον
1831 2013 1879 2062 ἐν

301 2099 524 2167 ἁγιασμῷ
548 2099 622 2147 καὶ
650 2095 858 2160 ὁσιότητι
884 2096 1139 2146 πολιτείαν.

236 2326 281 2362 28
306 2317 379 2359 Καὶ
416 2318 533 2361 ἔσται
569 2318 675 2367 μετὰ
709 2321 854 2369 ταῦτα,
878 2317 1014 2373 ἐκχεῶ
1047 2316 1131 2358 ἀπὸ
1168 2319 1240 2357 τοῦ
1272 2317 1511 2364 Πνεύματὸς
1538 2330 1616 2364 μου
1641 2314 1711 2356 ἐπὶ
1736 2317 1876 2356 πᾶσαν

369 2403 516 2459 σάρκα,
561 2401 629 2443 καὶ
676 2402 1042 2459 ΠροφΗτεύσουσιν
1090 2398 1127 2441 οἱ
1176 2398 1255 2441 υἱοὶ
1303 2400 1420 2448 ὑμῶν
1464 2400 1532 2440 καὶ
1575 2396 1616 2439 αἰ
1653 2399 1876 2455 θυΓατὲρε-ῑς

258 2480 284 2520 d
370 2485 501 2536 ὑμῶν,
550 2486 618 2526 καὶ
666 2483 704 2526 οἱ
752 2486 1027 2542 Πρεσβύτεροι
1075 2484 1191 2532 ὑμῶν
1239 2483 1411 2524 ἐνύπνια
1459 2482 1876 2532 ἐνυπνιασθήσονται,

351 2653 378 2676 1.
396 2643 480 2687 μηδὲ
496 2655 560 2688 pro
576 2643 620 2688 μὴ
639 2643 678 2688 δὴ
700 2643 790 2678 Edd.
839 2643 1040 2688 ’γελάτωσαν
1056 2640 1231 2687 αἶρετικοὶ]
1252 2643 1426 2686 γελώντων
1442 2642 1613 2685 αἶρετικῶν
1628 2640 1688 2675 iid.
1771 2652 1801 2675 2.
1819 2655 1874 2674 κα-

301 2690 586 2734 ταφλυιιροὺντων
601 2691 660 2725 iid.
710 2689 827 2736 δόξης]
848 2695 884 2730 -ἑ-
898 2690 980 2733 μηδὲ
999 2689 1058 2723 iid.
1159 2700 1191 2733 3.
1213 2688 1308 2722 Haec
1325 2686 1746 2732 ὠνομασμένης-δύναμις
1763 2699 1877 2722 acces·-

303 2743 422 2769 serunt
436 2749 476 2770 ex
494 2737 534 2771 B.
724 2748 758 2783 5.
783 2736 871 2771 τοῦτ’
890 2736 1043 2771 ὀλισθεῖν
1059 2735 1118 2770 iid.
1321 2745 1350 2780 7.
1378 2736 1443 2778 εἰμὶ
1461 2736 1526 2779 ἐγὼ
1544 2735 1680 2768 inverso
1699 2734 1819 2768 ordine
1838 2734 1875 2768 F.

305 2782 395 2815 Edd.
414 2783 490 2827 (42,
512 2783 608 2829 153.)
873 2785 906 2817 8.
933 2784 1045 2828 ἕτερος
1066 2783 1105 2816 Β.
1120 2783 1152 2816 b.
1171 2783 1218 2816 ἔτι
1236 2782 1327 2816 Edd.
1347 2782 1452 2824 (A.V.
1472 2782 1551 2825 Sec.)
1601 2782 1653 2815 καὶ
1671 2781 1804 2816 οὐ-εἶς
1819 2782 1877 2815 τὸν

304 2828 403 2862 αἰῶνα
421 2841 490 2864 om.
511 2831 552 2864 B.
791 2842 843 2865 11.
869 2833 927 2871 τῆς
944 2836 1164 2873 assumptum
1182 2842 1223 2863 ex
1243 2829 1284 2863 B.
1335 2828 1605 2872 συνδιαιτήσεται
1626 2828 1717 2861 Edd.
1766 2828 1875 2863 καθεὶς

304 2875 420 2908 ἑαυτὸν
437 2876 482 2911 εἷς
499 2877 639 2912 κένωσιν
658 2878 699 2912 Β.
711 2878 746 2912 b.
765 2879 912 2913 κενώσας
929 2878 1046 2911 ἑαυτὸν
1065 2875 1155 2910 Edd.
1492 2886 1544 2909 12.
1571 2875 1654 2917 ὑμᾶς
1670 2875 1729 2908 iid.
1747 2886 1874 2919 repug-

303 2922 468 2972 paqtibus
489 2923 529 2957 B.
543 2924 575 2957 b.
818 2924 870 2958 16.
898 2924 1007 2957 οὐκέτι
1023 2924 1088 2968 γὰρ
1106 2925 1147 2966 τῇ
1167 2923 1272 2957 κτίσει
1289 2924 1543 2966 προσκυνοῦμεν
1559 2922 1698 2955 inverso
1715 2920 1789 2955 ord.
1813 2920 1872 2954 iid-

303 2968 418 3001 vatiS
436 2969 476 3001 B.
491 2969 525 3004 b.
756 2982 808 3014 19.
835 2970 918 3014 ζωήν
935 2985 970 3004 τε
988 2971 1040 3004 καὶ
1058 2970 1160 3014 δόξαν
1176 2970 1229 3004 καὶ
1246 2970 1305 3013 τὴν
1320 2968 1440 3015 [δόξαν
1456 2970 1515 3013 τὴν
1533 2968 1593 3013 Β.]
1612 2995 1617 3001 .
1634 2995 1640 3002 .
1657 2994 1664 3002 .
1679 2995 1686 3002 .
1699 2967 1873 3002 πολιτείαν

306 3012 345 3046 Β.
361 3013 395 3047 b.
415 3015 530 3056 ζῶντες
549 3017 601 3049 καὶ
618 3017 698 3061 δόξῃ
717 3018 975 3061 τῇ-πολιτείας
993 3016 1084 3052 Edd.
1229 3028 1283 3050 21.
1309 3016 1429 3061 ταῦτα]
1447 3020 1483 3056 4-
1499 3016 1551 3049 καὶ
1570 3014 1660 3049 Edd.
1676 3013 1788 3057 (Vat.)

1892 668 1914 706 5

1904 1291 1946 1316 10

1898 2117 1946 2141 20
