2021 3434
310 155 392 194 242
692 157 738 197 B.
782 157 1057 199 CYRILLI
1099 160 1475 201 ALEXANDR.
1739 159 1809 201 xii.
1837 171 1870 197 l.

310 271 336 294 “
361 265 521 333 ἀμητῲ
547 265 639 319 υἱὸς
662 266 975 333 παράνομος.”
1039 270 1203 321 οὐκοῦν
1237 272 1261 321 ὁ
1290 270 1372 334 μὲν
1398 269 1609 339 Ἐφραὶμ,
1633 268 1874 335 ἐπειδήπερ

264 355 290 395 d
308 347 410 396 ἐστὶ
442 347 617 415 πνεῦμα
650 349 828 418 πονηρὶν,
866 347 1008 420 ἐδίωξε
1045 351 1265 415 καύσωνα,
1295 352 1552 414 τουτέστιν,
1578 350 1767 417 ἐζήτησε
1799 352 1876 401 καὶ

307 429 550 494 ἐθελοντὴς
594 431 772 498 ἀπέδρα
812 433 930 500 πρὸς
976 435 1197 487 καύσωνα·
1254 437 1365 487 ἀλλ’
1407 436 1504 502 οἵγε
1546 436 1730 486 συνετοὶ
1772 436 1876 500 περὶ

87 521 233 552 eamn.
308 514 431 562 Θεοῦ
467 511 693 577 λέγουσιν
733 516 861 566 “Ἐν
891 520 949 584 τῇ
993 521 1106 586 σκιᾷ
1149 519 1288 569 αὐτοῦ
1328 518 1616 582 ἐπεθύμησα,
1658 518 1733 567 καὶ
1772 514 1876 567 ε’κά-

308 599 334 621 “
358 594 515 644 θισα.”
580 594 721 645 σκιὰν
759 597 813 647 δέ
845 601 968 665 φασι
1005 601 1087 662 τῆς
1123 599 1251 666 παρὰ
1285 603 1408 650 Θεοῦ
1447 600 1521 650 καὶ
1558 599 1735 649 ἄνωθεν
1772 599 1873 648 ἐπι·-
1897 611 1919 648 5

306 675 490 741 κουρίας
534 675 618 740 τὴν
662 678 858 743 σκέπην.
926 681 1034 730 ἀλλ’
1077 682 1129 731 οὐ
1167 687 1305 732 τοῦτο
1344 683 1561 748 δέδρακεν
1598 681 1623 731 ὁ
1656 679 1876 749 Ἐφραίμ.

306 755 498 821 ἐζήτησε
533 757 626 825 γὰρ
663 759 881 813 καύσωνα.
921 767 1034 826 πῶς,
1056 761 1085 826 ἢ
1120 764 1223 814 τίνα
1256 762 1456 829 τρόπον;
1500 763 1597 823 ’ὅλην
1631 760 1699 821 την
1723 760 1879 831 ἡμέραν

309 838 410 890 κενα
439 845 514 890 καὶ
541 840 726 908 ματαια
751 842 971 906 ἐπλήθυνε,
1001 845 1256 907 τουτέστιν,
1280 847 1328 896 ἐν
1360 846 1501 896 παντὶ
1537 847 1679 913 καιρῷ
1713 841 1879 911 ψυχρὰ

307 922 383 970 καὶ
410 923 629 991 ἀνωφελῆ
663 925 737 975 καὶ
768 924 877 991 ἕδρα
911 929 985 977 καὶ
1015 927 1300 988 ἐβουλεύετο.
1368 932 1478 978 ποῖα
1505 925 1551 977 δὲ
1575 924 1722 976 ταῦτά
1746 926 1877 983 ἐστι;
2009 980 2014 991 Ι

309 1000 504 1063 διαθήκην
544 1003 663 1072 μετα
707 1009 937 1077 Ἀσσυρίων
981 1006 1147 1061 διέθετο.
1220 1009 1339 1078 ε”φην
1383 1009 1431 1060 δὲ
1475 1009 1562 1073 ἤδη
1601 1005 1877 1074 προλαβὼν,
1904 1025 1950 1050 10
2008 1045 2021 1067 ς,

271 1111 291 1137 e
310 1087 385 1135 καὶ
417 1087 709 1147 πλειστάκις,
746 1089 816 1139 ὅτι
848 1095 941 1141 τῶν
978 1091 1221 1153 βασιλέων
1255 1095 1349 1143 τῶν
1390 1093 1438 1142 ἐν
1477 1090 1716 1157 Σαμαρείᾳ
1749 1087 1880 1150 τινὲς,

309 1171 384 1218 καὶ
420 1173 514 1219 τῶν
551 1170 599 1220 ἐν
631 1175 725 1224 τοῖς
750 1171 1109 1238 Ἱεροσολύμοις,
1135 1174 1247 1225 ποτὲ
1285 1173 1368 1237 μὲν
1406 1173 1617 1241 χρήμασι
1646 1170 1732 1235 τὴν
1764 1168 1882 1237 πρὸς

308 1252 556 1319 Ἀσσυρίους
608 1251 790 1318 εἰρήνην
841 1257 914 1305 καὶ
964 1255 1049 1320 τὴν
1099 1257 1267 1307 ἐκεῖθεν
1323 1255 1594 1325 ἀσφάλειαν
1641 1250 1883 1319 ἀγοράζειν

309 1333 586 1399 ἐπεχείρουν,
620 1333 732 1384 ποτὲ
770 1334 818 1386 δὲ
855 1336 940 1401 τὴν
971 1340 1223 1403 Αἰγυπτίων
1262 1337 1459 1388 ἐκάλουν
1496 1335 1772 1402 ἐπικουρίαν,
1803 1335 1882 1402 ἑμ-

308 1416 575 1482 πορευόμενοί
615 1438 664 1466 τε
705 1419 787 1480 τῆς
830 1419 939 1484 παρ’
973 1420 1125 1470 αὐτῶν
1169 1419 1344 1473 εὐνοίας
1387 1417 1472 1482 τὴν
1509 1417 1785 1485 ὑπόσχεσιν,
1823 1414 1882 1466 τὰ
1905 1430 1950 1468 15
2008 1418 2011 1426 ⁴

306 1497 356 1546 ἐκ
397 1499 478 1559 τῆς
523 1497 637 1550 ἰδίας
678 1497 884 1562 ἔπεμπον
929 1500 1098 1568 χώρας,
1142 1503 1257 1564 ὁμοῦ
1303 1499 1521 1565 δηλονότι
1564 1503 1658 1552 τοῖς
1696 1498 1878 1551 ἄλλοις.

306 1577 583 1646 ἐλαιοφόρος
622 1579 670 1630 δὲ
702 1580 730 1643 ἡ
766 1584 1080 1648 Σαμαρειτῶν,
1107 1585 1182 1634 καὶ
1212 1581 1269 1646 ἦν
1303 1584 1350 1633 ἐν
1375 1583 1592 1651 Αἰγύπτῳ
1623 1581 1671 1630 ἐν
1695 1584 1805 1647 τιμῇ
1827 1577 1882 1630 τὸ

307 1659 464 1722 ἔλαιον,
513 1661 595 1711 οὐκ
647 1661 846 1728 ἐχούσης
900 1663 1012 1715 αὐτὸ
1063 1667 1144 1728 τῆς
1192 1667 1295 1730 γῆς.
1379 1664 1489 1715 κενὶν
1538 1663 1618 1714 οῦν
1668 1661 1760 1729 ἄρα
1808 1663 1884 1712 καὶ

87 1762 166 1795 168
184 1761 237 1796 Α,
268 1742 495 1808 ειμάταιον
537 1742 564 1805 ἡ
603 1747 664 1797 εἷς
708 1745 982 1811 ἀνθρώπους
1016 1747 1161 1802 ἐλπίς.
1226 1748 1301 1797 καὶ
1344 1745 1400 1810 δὴ
1442 1745 1763 1812 κατορχείσθω
1800 1749 1883 1794 τοῦ

306 1823 582 1877 πεποιθότος
638 1826 706 1876 ἐπ’
758 1828 1034 1893 ἀνθρώποις,
1085 1830 1109 1878 ὁ
1161 1829 1236 1880 ἐπὶ
1285 1831 1392 1897 Θεῷ
1437 1826 1682 1889 πεποιθὼς,
1733 1825 1787 1876 τὸ
1835 1827 1883 1876 ἐν
1905 1847 1952 1872 20
2007 1872 2010 1886 ,

88 1920 140 1950 Ps.
158 1920 188 1950 li.
205 1931 234 1962 9,
306 1909 520 1974 ψαλμοῖς
560 1908 703 1958 ἐκεῖνο
740 1909 892 1974 λέγων
932 1918 958 1940 “
978 1909 1100 1961 Ἰδοὺ
1139 1911 1384 1977 ἅνθρωπος
1427 1909 1476 1964 ὃς
1511 1910 1593 1961 οὐκ
1637 1909 1764 1960 ε”θετο
1801 1907 1884 1959 τὸν

94 1975 138 1995 ω’
308 1995 335 2017 “
361 1988 483 2039 Θεὸν
525 1988 704 2054 βοηθὸν
752 1992 905 2054 αὐτοῦ,
951 1992 1062 2044 ἀλλ’
1106 1994 1310 2058 ἤλπισεν
1360 1995 1433 2044 ἐπὶ
1480 1996 1547 2061 τῷ
1589 1991 1761 2056 πλήθει
1801 1997 1883 2043 τοῦ

307 2076 334 2099 “
360 2071 570 2122 πλούτου
608 2072 763 2135 αὐτοῦ,
789 2076 863 2124 καὶ
898 2075 1219 2140 ἐνεδυναμώθη
1254 2078 1302 2126 ἐν
1330 2078 1387 2139 τῆ
1419 2074 1691 2139 ματαιότητι
1726 2076 1880 2126 αὐτοῦ·

308 2160 335 2182 “
361 2151 452 2217 ἐγὼ
498 2152 547 2203 δὲ
591 2156 704 2205 ὡσεὶ
745 2156 877 2206 ἐλαία
925 2155 1221 2223 κατάκαρπος
1271 2159 1319 2208 ἐν
1362 2161 1428 2226 τῷ
1468 2157 1577 2225 οἴκῳ
1619 2162 1701 2207 τοῦ
1743 2161 1882 2220 Θεοῦ,

308 2242 334 2264 “
359 2235 545 2300 ἤλπισα
579 2237 653 2287 ἐπὶ
688 2237 742 2287 τὸ
776 2238 904 2292 ε”λεος
934 2245 1017 2290 τοῦ
1044 2243 1168 2291 Θεοῦ
1203 2244 1264 2294 εἷς
1297 2237 1379 2290 τὸν
1413 2243 1570 2301 αἰῶνα,
1598 2241 1672 2290 καὶ
1707 2243 1768 2293 εἰς
1800 2238 1883 2291 τὸν
1904 2257 1951 2296 25
2005 2279 2008 2289 .

308 2324 335 2346 “
361 2321 504 2368 αἰῶνα
528 2324 609 2369 τοῦ
636 2320 839 2373 αἱῶνος.”

380 2400 601 2464 Ἀγαπᾶν
636 2398 684 2450 δὲ
720 2400 789 2451 ὅτι
823 2401 1038 2465 μάλιστα
1067 2402 1230 2469 πρέπει
1263 2407 1358 2456 τοῖς
1396 2403 1630 2457 ἐπιεικείας
1665 2404 1883 2468 ἐρασταῖς

308 2483 384 2532 καὶ
423 2483 660 2549 ἀσφαλῶς
689 2481 908 2535 ἐθέλουσι
941 2485 1116 2551 διαζῆν,
1141 2484 1194 2536 τὸ
1223 2483 1312 2536 ὑπὸ
1337 2484 1477 2536 σκιὰν
1501 2482 1614 2534 εἶναι
1641 2488 1778 2546 Θεοῦ,
1806 2484 1882 2536 διὰ

309 2568 391 2613 τοῦ
418 2562 535 2614 κατὰ
561 2564 735 2628 μηδένα
763 2565 1069 2632 παροτρύνειν
1094 2566 1281 2633 τρόπον,
1308 2571 1636 2633 παραιτεῖσθαι
1675 2566 1724 2617 δὲ
1761 2568 1882 2618 οὕτω

312 2645 365 2695 τὸ
390 2647 699 2711 προσκρούειν
725 2648 848 2717 αὐτῷ
873 2650 934 2702 ὡς
957 2647 1015 2699 ἂν
1039 2651 1114 2699 καὶ
1140 2648 1281 2703 αὐτὰς
1307 2647 1389 2703 τὰς
1416 2647 1530 2717 ᾅδου
1554 2648 1724 2702 πύλας.
1902 2665 1951 2702 30
2002 2710 2006 2715 ¹

361 2823 391 2846 2.
417 2814 589 2848 τουτέστιν
607 2822 827 2860 assumptum
845 2828 885 2850 ex
903 2817 938 2850 b.
989 2817 1114 2852 Statim
1133 2817 1275 2861 ἐξὴτησε
1293 2830 1354 2862 pro
1372 2817 1511 2862 ἐζήτησε
1529 2818 1563 2852 b.
1729 2828 1759 2863 7.
1786 2818 1880 2862 ἐζήτη

314 2860 391 2901 (sic)
411 2859 456 2892 D.
479 2861 605 2894 Utrum
623 2863 754 2896 incuria
770 2875 813 2897 an
832 2875 894 2907 pro
913 2864 1042 2907 ἐζήτειὲ
1278 2876 1332 2909 23.
1361 2864 1457 2898 Haec
1474 2866 1528 2898 καὶ
1545 2865 1770 2909 ἐνεδυναμώθη
1789 2866 1823 2899 ἐν
1839 2868 1880 2908 τῇ

313 2907 503 2948 ματαιότητι
522 2908 621 2941 αὐτοῦ
639 2917 856 2943 accesserunt
873 2922 912 2943 ex
934 2911 979 2944 l).
1272 2923 1326 2954 24.
1354 2911 1387 2946 ἐν
1404 2913 1450 2957 τῷ
1468 2911 1545 2958 οἴκῳ
1563 2913 1623 2946 τοῦ
1641 2914 1728 2946 Θεοῦ
1745 2924 1814 2947 om.
1834 2912 1878 2946 D.

315 2961 438 2997 27-‚30.
468 2952 561 2987 Hace
579 2954 882 2999 ‘.‹xy<17r[1v—⁷r1‘v>xas
900 2964 1116 2992 accesserunt
1135 2970 1174 2991 ex
1195 2958 1239 2992 D.
