2021 3434
342 203 426 242 208
730 205 780 245 B.
823 204 1099 246 CYRILLI
1139 207 1521 250 ALEXANDR.
1802 228 1840 253 x.
1865 223 1904 266 5.

293 318 320 358 d
337 309 428 376 πρὸ
465 311 626 377 πείρας
666 313 806 377 αὐτῆς
839 315 1104 382 ἀποφοιτᾶν
1143 316 1227 379 τῆς
1264 315 1426 380 ὀργῆς,
1466 318 1541 367 καὶ
1578 316 1644 380 μὴ
1683 318 1774 386 ὀψὲ
1809 342 1902 370 πα-

335 390 500 445 θόντας
552 393 887 462 ὀλοφύρεσθαι,
936 394 1074 458 μόλις
1125 399 1186 449 εἰς
1236 394 1460 460 ἀνόνητον
1511 397 1662 451 ἰόντας
1712 400 1904 467 ὑστερο-

333 474 548 534 βουλίαν.

291 678 548 727 5Ἀνατελεῖ
584 681 644 722 ὡς
681 682 889 740 ἅΓρωστιε
933 681 1057 741 κρῖμα
1101 684 1170 726 ἐπὶ
1212 687 1360 743 χέρσον
1400 686 1528 743 &ts-pos)
1561 688 1622 740 τῷ
1658 687 1802 742 μόσχῳ
1837 690 1910 728 τοῦ

399 760 519 805 οἷ’κου
546 764 621 806 ὦν.
1927 777 1949 817 5

403 882 469 933 Ἡ
511 881 732 954 ἄγρωστις
775 883 940 953 φύεται
976 886 1024 936 ἐν
1065 888 1239 953 ἀγροῖς,
1280 886 1494 950 μάλιστα
1533 890 1629 939 τοῖς
1667 883 1907 952 ἀνηρότοις

330 967 406 1014 καὶ
449 966 825 1032 κεχερσωμένοις,
868 969 1231 1035 καταδρᾶττεται
1279 968 1340 1032 δὲ,
1389 970 1463 1019 καὶ
1502 967 1634 1032 μάλα
1675 971 1904 1031 νεανικῶς,

329 1049 411 1110 τῆς
451 1048 815 1116 παρατυχούσης
849 1051 924 1100 καὶ
956 1052 1160 1117 γείτονος
1201 1055 1303 1117 γῆς.
1371 1050 1537 1118 διέρπει
1574 1049 1667 1117 γάρ
1705 1073 1804 1104 πως
1843 1053 1904 1103 εἰς

292 1126 384 1179 ετὸ
418 1128 536 1195 εῦρῦ,
571 1132 646 1180 καὶ
684 1130 748 1181 ἔτι
786 1133 1228 1199 δυσκαταγώνιστος
1253 1138 1349 1188 τοῖς
1383 1134 1608 1199 ἀνείργειν
1635 1133 1776 1196 αὐτῆς
1802 1131 1899 1183 ἐθέ-

329 1217 472 1261 λουσι
511 1210 594 1263 τὸν
634 1214 701 1263 ἀεὶ
744 1217 838 1264 τῶν
874 1215 1219 1281 παρακειμένων
1258 1216 1463 1267 ἐπέκεινα
1512 1213 1701 1280 δρόμον.
1769 1217 1906 1284 κρῖμα
1927 1241 1973 1266 10

328 1292 483 1343 τοίνυν
521 1295 656 1362 φησί·
700 1298 846 1359 δῆλον
884 1296 932 1347 δὲ
970 1296 1040 1347 ὅτι
1071 1299 1179 1364 παρ’
1218 1299 1358 1349 αὐτοῦ
1395 1303 1476 1349 τοῦ
1516 1301 1653 1348 Θεοῦ·
1693 1296 1905 1364 καθάπερ

327 1396 396 1427 τις
434 1375 657 1445 ἄγρωστις
688 1378 756 1428 ἐπ’
791 1379 924 1446 ἀγροῦ
960 1379 1112 1449 χέρα-ον
1150 1382 1358 1431 avarem?
1390 1385 1451 1450 τῷ
1486 1384 1650 1448 μόσχῳ
1681 1381 1753 1430 τοῦ
1792 1381 1904 1430 οἴκου

327 1455 392 1508 ὧν.
458 1456 615 1521 ὅμοιον
654 1461 715 1513 ὡς
752 1463 788 1510 εἰ
826 1459 956 1526 λέγοι
990 1464 1164 1530 Ψῆφος
1199 1462 1396 1529 ὀλέθρου
1430 1464 1504 1512 καὶ
1537 1467 1680 1525 νεῦμα
1705 1459 1904 1527 κολάζον

327 1539 460 1590 ε”σται
496 1541 604 1606 παρ’
639 1543 762 1604 ἐμοῦ,
798 1543 1136 1612 καταδράξεται
1170 1543 1219 1595 δὲ
1257 1548 1314 1599 ὡς
1353 1544 1575 1612 ἄγρωστις
1611 1545 1680 1593 τοῦ
1713 1544 1902 1611 μόσχου,

325 1619 428 1684 ἤτοι
471 1625 564 1672 τῶν
604 1623 926 1687 σεβασμάτων
963 1630 1046 1675 τοῦ
1085 1624 1216 1679 ὄντος
1262 1631 1373 1676 ναοῦ
1414 1624 1532 1676 κατὰ
1573 1624 1658 1688 τὴν
1697 1625 1898 1689 Βαιθήλ.
1925 1650 1970 1689 15

323 1704 540 1767 σημαίνει
580 1704 673 1771 γὰρ
716 1711 853 1757 τοῦτο
896 1707 921 1757 ὁ
961 1705 1076 1762 οἶκος
1113 1713 1195 1758 τοῦ
1234 1708 1299 1760 ὧν.
1367 1707 1649 1758 ἐκδεδώκασι
1687 1706 1772 1770 μὲν
1809 1706 1902 1774 γὰρ

323 1788 366 1835 οἱ
403 1786 548 1852 ἕτεροι
584 1787 731 1838 πάλιν
765 1789 1036 1854 ἑρμηνευταὶ
1074 1791 1146 1840 τοῦ
1176 1790 1352 1857 μίσχου
1382 1791 1454 1841 τοῦ
1489 1791 1602 1841 οἴκου
1632 1788 1816 1850 Βαιθῆλ·
1859 1794 1902 1841 οἱ

104 1882 181 1916 145
202 1881 253 1916 Α.
285 1892 307 1916 a
324 1867 378 1918 δέ
396 1890 452 1934 γε
478 1868 798 1934 ἑβδομήκοντα
824 1872 925 1921 ἀντὶ
955 1877 1036 1922 τοῦ
1068 1871 1194 1922 οἴκου
1222 1872 1423 1936 Βαιθὴλ,
1458 1873 1572 1923 οἴκου
1598 1869 1650 1923 ὢν
1674 1870 1899 1938 εἰρήκασι.

321 1951 398 2000 καὶ
421 1949 507 2014 τὴν
531 1952 681 2002 αἰτίαν
715 1952 803 2017 ἤδη
837 1953 1117 2018 προείπομεν
1151 1955 1199 2003 ἐν
1232 1958 1328 2008 τοῖς
1363 1954 1589 2019 ἀνωτέρω,
1615 1952 1743 2017 πλὴν
1769 1952 1901 2005 οὐδὲν

321 2032 560 2087 ὀκνοῦντες
599 2032 945 2098 ὑπομνήσομεν.
1012 2035 1216 2099 σελήνης
1250 2033 1335 2098 μὲν
1372 2034 1465 2101 γὰρ
1504 2035 1676 2097 τέκνον,
1709 2035 1900 2101 ἔκγονον
1919 2062 1967 2088 20

321 2112 369 2164 δὲ
406 2114 542 2178 ἡλίου
575 2113 657 2166 τὸν
674 2114 824 2167 ''Am-w
851 2115 1098 2182 Αἰγύπτιοι
1130 2120 1579 2180 μυθοπλαστοῦντες
1613 2115 1791 2183 ἔλεγον.
1845 2117 1899 2170 ὢν

320 2196 376 2246 δέ
392 2197 494 2247 ἐστι
527 2198 624 2248 κατ’
653 2196 816 2252 αὐτοὺς
849 2199 873 2248 ὁ
904 2199 1047 2263 ἥλιος.
1115 2203 1177 2251 εἷς
1206 2199 1354 2250 τύπον
1387 2197 1435 2249 δὲ
1467 2205 1550 2250 τοῦ
1575 2198 1684 2266 παρ’
1714 2203 1898 2266 Αἰγυπ-

318 2275 649 2333 τίοις”Απιδος
673 2280 701 2344 ἡ
726 2277 925 2343 δάμαλις
960 2278 1030 2344 ἧν,
1062 2279 1119 2344 ἢν
1156 2281 1375 2345 ἐποίησεν
1399 2280 1658 2347 Ἱεροβοάμ.
1716 2282 1895 2345 οὐκοῦν,

319 2362 376 2415 ὡς
417 2358 638 2431 azymo-ras·
679 2362 1097 2429 καταδραττομένη,
1138 2364 1274 2432 φησὶ,
1310 2364 1385 2413 καὶ
1430 2367 1609 2414 νικῶσα
1646 2367 1742 2415 πᾶν
1780 2363 1896 2416 ὅσον

367 2547 395 2570 2.
422 2536 700 2583 ὑστεροβουλίαν.
751 2537 820 2572 Hic
839 2543 1033 2584 sequuntur
1049 2538 1086 2572 in
1104 2538 1150 2572 D.
1170 2550 1257 2584 quae
1280 2538 1370 2572 infra
1392 2537 1496 2579 dedi;
1523 2550 1595 2572 non
1613 2544 1696 2573 sunt
1717 2544 1833 2573 autem
1852 2540 1892 2574 B.

320 2582 452 2628 Cyriffi‚
478 2584 539 2618 sed
565 2585 748 2630 cujusdam
771 2584 939 2625 scholion,
966 2586 1077 2619 textui
1100 2585 1152 2631 Cy
1155 2586 1220 2619 rilli
1245 2585 1439 2631 adjectum:
1471 2586 1604 2630 ἄμεινον
1628 2586 1664 2620 δέ
1688 2587 1779 2630 παρὰ
1803 2587 1894 2621 πολὺ

318 2630 457 2673 φαίην
441 2646 480 2664 αν
504 2631 612 2677 ἔγωγε
632 2633 670 2666 τὸ
694 2631 738 2676 μὴ
755 2631 974 2692 πλήττεσθαι
995 2632 1054 2676 τὴν
1078 2632 1196 2678 ἀρχὴν,
1215 2635 1318 2678 ἤγουν
1334 2632 1679 2678 τετραυματισμένους
1702 2632 1895 2677 ἀνοιμώζειν

317 2675 398 2719 εἰκῆ.
425 2680 659 2736 παραιτητεόν
675 2677 734 2712 οῦν
749 2678 814 2722 ἅρα
833 2679 886 2712 καὶ
903 2679 981 2714 τοὺς
1004 2679 1051 2714 εἷς
1074 2680 1216 2713 ἔκτοπον
1239 2679 1369 2723 πλάνην
1393 2679 1606 2723 ἀποκομίζειν
1630 2679 1819 2720 ἐθέλοντας,
1837 2680 1892 2714 διὰ

318 2724 378 2755 τοῦ
400 2723 436 2756 τὸ
462 2726 500 2767 τῇ
528 2725 636 2759 κτίσει
660 2725 834 2770 λατρεύειν
855 2726 946 2770 παρὰ
970 2726 1028 2760 τὸν
1050 2727 1187 2768 κτίστην
1211 2727 1263 2759 καὶ
1288 2725 1437 2770 ποιητήν·
1464 2727 1517 2760 καὶ
1541 2726 1618 2762 τοὺς
1641 2729 1706 2760 τῶν
1731 2726 1893 2770 αἱρέσεων

317 2772 567 2812 προεστηκότας
584 2772 618 2805 ἐν
633 2771 698 2819 ίσῳ
715 2772 886 2807 ποιεῖσθαι
911 2774 1004 2831 λόγῳ
1027 2774 1097 2808 τοῖς
1119 2774 1160 2806 τὰ
1182 2773 1292 2806 τοιάδε
1318 2771 1606 2817 συμβουλεύουσι·
1633 2773 1891 2817 κατακομίζουσι

318 2814 383 2858 γὰρ
417 2815 462 2850 εἷς
493 2817 656 2862 πέταυρον
681 2808 770 2853 ἅδου
803 2819 856 2853 καὶ
884 2819 979 2854 αὐτοι
1006 2820 1065 2855 τὰς
1093 2823 1159 2854 τῶν
1185 2821 1396 2865 προσιόντων
1421 2820 1550 2864 ψυχὰς,
1577 2818 1707 2864 ῥήματα
1736 2822 1811 2854 κενὰ
1838 2820 1891 2854 καὶ

319 2860 474 2903 διαθήκας
505 2864 644 2906 ψευδεῖς
669 2867 852 2901 λαλοῦντες
883 2867 915 2900 οἱ
948 2866 1099 2900 δείλαιοι·
1141 2866 1311 2907 βλέπουσι
1343 2881 1404 2910 μεν
1429 2867 1494 2911 γὰρ
1522 2870 1587 2900 τῶν
1616 2866 1751 2910 ἀληθῶν
1780 2866 1889 2908 ουδὲν,

317 2907 465 2941 λαλοῦσι
493 2909 528 2942 δὲ
554 2912 686 2953 μᾶλλον
712 2913 753 2946 τὰ
779 2912 845 2946 ἀπὸ
872 2913 1008 2956 καρδίας
1035 2913 1154 2954 αὐτῶν,
1184 2928 1238 2947 και
1266 2913 1324 2947 οὐκ
1351 2913 1416 2947 ἀπὸ
1446 2914 1614 2957 στόματος
1646 2913 1771 2957 Κυρίου
1805 2913 1889 2946 καθὰ

317 2952 513 2997 γέγραπται.
759 2967 789 3002 7.
817 2974 868 2993 και
887 2960 943 2994 alt.
963 2971 1031 2994 om.
1052 2960 1098 2993 D.
1348 2971 1401 2994 12.
1427 2974 1476 2995 τις
1493 2965 1713 3005 assumptum
1731 2971 1772 2994 ex
1792 2959 1832 2994 B.
1839 2960 1885 2994 D.

319 2998 484 3045 [καθάπέρ
504 3002 582 3045 (Sic)
603 3003 810 3049 Fontanus]
1014 3017 1069 3041 22.
1095 3005 1163 3041 κατ’
1182 3006 1300 3043 αὐτοὺς
1317 3018 1386 3041 orn.
1408 3006 1452 3041 D
1468 3006 1502 3041 b.
