2021 3434
302 182 385 224 220
698 185 748 224 B.
791 183 1064 224 CYRILLI
1105 182 1480 223 ALEXANDR.
1737 200 1776 224 x.
1804 197 1868 224 12.

300 293 640 361 γεγραμμένον·
683 296 707 345 ὁ
735 293 783 344 δὲ
810 298 892 358 τῆς
918 294 1212 358 δικαιοσύνης
1242 294 1452 360 ἐργάτης,
1477 296 1711 360 σωτηρίας
1738 296 1871 347 ἕσται

301 377 376 426 καὶ
402 374 517 440 ζωῆς
541 375 767 437 ἔμπλεως,
795 375 1014 442 λαμπρὸς
1046 378 1121 426 καὶ
1155 375 1481 444 ἀξιοζήλωτος,
1507 378 1582 426 καὶ
1607 374 1730 427 οἶνον
1753 379 1870 428 ἀπο-

80 467 210 540 fS-ciii·
302 456 525 522 τρυγήσει
575 464 604 486 ‘⁶
622 457 704 508 τὸν
755 458 1061 526 εὐφραίνοντα
1113 458 1304 523 καρδίαν
1352 459 1640 526 ἀνθρώπου.”
1711 462 1781 509 δεῖ
1825 459 1874 510 δὲ

105 520 134 550 5-
300 537 417 603 πρὸς
447 538 595 609 τούτῳ
630 538 736 594 τούς
770 540 1014 594 ἐθέλοντας
1052 541 1316 603 εὐδοκιμεῖν,
1341 544 1402 594 εἷς
1442 545 1550 591 νοῦν
1581 541 1656 591 καὶ
1683 541 1875 606 καρδίαν

299 618 352 671 τὸ
390 623 471 684 τῆς
517 623 722 686 ἀληθοῦς
766 622 987 687 γνώσεως
1031 621 1355 688 εἷσοικίζεσθαι
1396 626 1512 691 φῶς,
1553 623 1635 673 οὐκ
1673 620 1914 689 ἐχόντων5

80 713 175 771 ΒῩΙΠ·
195 714 216 745 i.
261 701 411 754 οαύτὸ
450 707 544 753 τῶν
576 703 970 770 προσκυνούντων
1010 712 1037 733 “
1053 709 1110 772 τῇ
1144 706 1291 756 κτίσει
1321 703 1450 770 παρὰ
1481 702 1563 755 τὸν
1598 704 1871 755 κτίσαντα.”

82 767 132 795 20'
299 789 399 839 πῶς
424 786 467 836 δ’
497 785 553 836 ἂν
579 785 759 850 γε’νοιτο
785 790 942 841 καλῶς
966 786 1020 837 τὸ
1046 786 1276 838 δύνασθαι
1302 788 1484 855 σπείρειν
1511 791 1569 840 εἷς
1596 782 1874 849 δικαιοσύνην,

300 869 373 917 καὶ
398 867 491 931 μὴν
525 869 600 919 καὶ
629 871 882 936 ἀποτρυγᾶν
910 874 967 923 εἷς
1002 869 1166 938 καρπον
1198 868 1319 939 ζωῆς,
1348 870 1424 919 καὶ
1457 866 1511 919 τὸ
1545 866 1767 934 λαμπρὸν
1793 871 1875 932 τῆς

299 949 520 1014 γνώσεως
557 951 840 1018 εἱςδέχεσθαι
877 956 992 1020 φῶς,
1026 951 1163 1006 αὐτὸς
1198 951 1405 1020 ὑπέδειξε
1441 952 1711 1017 προστιθείς
1739 952 1876 1011 Ζητή-

297 1055 410 1083 σατε
459 1031 523 1083 τον
576 1032 719 1102 Κύριον
770 1031 848 1088 ἕως
898 1033 941 1085 οὗ
992 1033 1087 1107 ἔλθῃ
1138 1035 1390 1102 γεννήματα
1441 1031 1711 1093 δικαιοσύνης
1759 1035 1871 1100 ὑμῖν.
1897 1055 1944 1079 10

297 1113 477 1179 ζητοῖτο
518 1115 562 1165 δ’
611 1114 666 1165 ἀν
707 1113 824 1181 πρὸς
864 1116 996 1181 ἡμῶν
1028 1115 1166 1177 Θεὸς,
1209 1116 1310 1183 οὐχὶ
1348 1119 1564 1169 τοπικῶς·
1607 1120 1745 1166 τοῦτο
1782 1113 1876 1181 γὰρ

298 1195 466 1258 εὔηθες,
506 1198 601 1247 ἐπεὶ
639 1196 704 1260 μὴ
745 1199 792 1247 ἐν
836 1197 965 1267 τόπῳ
1015 1197 1069 1249 τὸ
1111 1202 1246 1249 θεῖον·
1310 1198 1420 1248 ἀλλ’
1469 1199 1530 1250 ὡς
1574 1199 1621 1248 ἐν
1672 1197 1876 1248 διαθέσει

297 1280 470 1345 ψυχῆς,
496 1279 570 1328 καὶ
606 1284 685 1329 νοῦ
721 1280 998 1345 προθυμίαις
1037 1282 1098 1332 εἱς
1131 1284 1226 1331 πᾶν
1264 1280 1416 1330 ὁτιοῦν
1449 1283 1542 1330 τῶν
1577 1279 1875 1345 ἀρεσκόντων

254 1360 422 1428 doeth-cf)
467 1360 816 1423 διανενευκότος,
863 1364 937 1412 καὶ
987 1366 1047 1415 εἰς
1090 1361 1266 1426 εἴδησιν
1308 1361 1570 1422 βλέποντος
1614 1361 1758 1428 ὀρθὴν
1798 1364 1873 1413 καὶ

297 1441 634 1509 ἀπεξεσμένην,
672 1446 747 1493 καὶ
792 1443 1047 1507 οὐδαμόθεν
1089 1444 1293 1512 ἔχουσαν
1331 1444 1384 1494 τὸ
1425 1445 1727 1507 ἐπιτιμᾶσθαι
1765 1447 1871 1496 δεῖν.
1896 1465 1942 1503 15

297 1522 502 1588 εὑρόντες
536 1523 628 1591 γάρ
663 1526 807 1579 οὕτως
843 1526 995 1588 αὐτὸν,
1023 1528 1098 1577 καὶ
1130 1527 1214 1591 τὴν
1245 1530 1339 1577 τῶν
1370 1525 1537 1592 ἑτέρων
1571 1527 1770 1592 ἀγαθῶν
1787 1549 1870 1577 κα-

296 1605 689 1670 ταπλουτήσομεν
715 1610 896 1671 κτῆσιν.
950 1607 979 1673 ἢ
1012 1609 1094 1658 οὐκ
1128 1607 1341 1672 ἀληθεύει
1366 1607 1590 1673 Χριστὸς,
1617 1608 1729 1658 ὅταν
1755 1608 1874 1676 λε’γῃ

76 1687 223 1770 ξνῦζᾶῃ·
297 1694 325 1715 “
349 1690 507 1753 Χωρῖς
541 1690 652 1752 ἐμοῦ
687 1690 738 1740 οὐ
777 1690 982 1742 δύνασθε
1015 1695 1161 1742 ποιεῖν
1199 1688 1390 1751 οὐδε’ν;”
1431 1690 1541 1740 ἀλλ’
1579 1689 1708 1741 ε”στιν
1747 1688 1874 1754 οἶμαι

149 1762 155 1770 ”
296 1772 423 1821 τουτὶ
474 1775 568 1824 τοῖς
618 1771 735 1837 ὀρθὰ
785 1777 973 1839 φρονεῖν
1015 1772 1230 1824 εἰωθόσιν
1279 1771 1534 1835 οὐδαμόθεν
1581 1774 1869 1842 ἀμφίβολον.

297 1854 460 1915 κτῆσις
493 1851 586 1919 γὰρ
622 1853 729 1917 ἡμῖν
764 1855 880 1918 αὕτη
913 1854 1086 1908 παντὸς
1127 1856 1306 1920 ἀγαθοῦ
1347 1853 1464 1917 μετὰ
1509 1858 1645 1917 Θεοῦ,
1685 1857 1760 1906 καὶ
1799 1854 1874 1906 διὰ
1895 1878 1943 1902 20

299 1937 437 1996 Θεοῦ,
470 1936 544 1985 καὶ
578 1934 707 2001 παρὰ
738 1939 879 1987 Θεοῦ.

372 2015 510 2067 Εἴποι
548 2015 592 2067 δ’
623 2014 681 2067 ἄν
718 2041 799 2081 τις,
833 2021 907 2069 καὶ
942 2019 1074 2082 μάλα
1111 2019 1309 2081 εἰκότως,
1336 2020 1438 2085 οὐχὶ
1468 2017 1626 2082 μόνοις
1657 2022 1752 2072 τοῖς
1780 2022 1874 2069 τῶν

259 2098 502 2150 θεῖδώλων
527 2104 839 2166 θεραπευταῖς,
864 2099 918 2151 τὸ
953 2103 1158 2169 σπείρατε
1197 2101 1364 2156 ἑαυτοῖς
1402 2107 1460 2156 εἰς
1497 2098 1760 2161 δικαιοσύνην
1798 2101 1875 2151 καὶ

297 2180 356 2231 τὰ
393 2182 570 2235 τούτοις
607 2182 790 2251 ἐφεξῆς,
833 2183 963 2233 ἀλλὰ
1004 2182 1097 2249 γὰρ
1138 2186 1212 2234 καὶ
1249 2188 1343 2237 τοῖς
1377 2186 1459 2247 τῆς
1496 2184 1637 2249 ὀρθῆς
1670 2183 1874 2238 πίστεως

77 2261 208 2342 ΞῙῩΪΓΙῙῘῊΞΙ
298 2263 625 2331 ἀποτρέχουσι,
658 2267 1007 2330 προσκειμένοις
1049 2264 1095 2315 δὲ
1135 2270 1324 2328 μᾶλλον
1359 2272 1386 2294 “
1406 2265 1641 2329 πνεύμασι
1674 2265 1872 2330 πλάνης,
1895 2286 1943 2324 25

299 2352 326 2374 ‘⁶
351 2347 399 2396 ἐν
444 2347 684 2412 ὑποκρίσει
728 2348 988 2409 δαιμονίων,
1031 2347 1496 2413 κεκαυτηριασμένοις
1537 2346 1623 2411 τὴν
1662 2349 1873 2413 συνείδη-

299 2435 325 2457 “
348 2429 467 2491 σιν,”
497 2431 558 2482 ὡς
594 2434 707 2493 γοῦν
742 2430 766 2479 ὁ
802 2429 1085 2497 σοφώτατος
1118 2428 1290 2497 γράφει
1318 2433 1526 2483 Παῦλος.
1589 2430 1713 2481 οὗτοι
1745 2433 1876 2482 σπεί-

299 2533 410 2579 ρουσι
442 2509 525 2573 μὲν
558 2516 653 2565 τοῖς
689 2515 751 2565 εἷς
777 2515 957 2576 γνῶσιν
983 2514 1056 2562 καὶ
1083 2511 1396 2579 φιλομάθειαν
1421 2512 1670 2577 ἐγκείμενοι
1696 2511 1871 2567 πόνοις·

137 2657 141 2663 ,
196 2658 214 2664 ..
298 2591 427 2655 πλὴν
451 2595 532 2643 οὐκ
568 2598 625 2647 εἰς
661 2594 776 2660 ἔργα
811 2591 1098 2654 δικαιοσύνης,
1127 2595 1235 2644 ἀλλ’
1265 2597 1326 2648 εἷς
1349 2594 1528 2646 ἀδικίαν
1554 2597 1628 2646 καὶ
1654 2595 1875 2656 ἀσέβειαν

82 2657 239 2740 Ξξιῗρὲζ
301 2679 327 2700 “
355 2677 633 2729 Πλανῶντες
660 2678 734 2726 καὶ
769 2675 1105 2740 πλανώμενοι,”
1134 2678 1209 2726 καὶ
1237 2683 1264 2705 “
1283 2680 1326 2727 Τ
1330 2676 1549 2731 ύπτοντες
1575 2679 1873 2730 ἀσθενοῦσαν
1893 2699 1942 2734 30

80 2755 146 2776 vlu.
167 2753 215 2776 12.

347 2851 378 2884 3.
405 2841 444 2884 δὴ
462 2854 524 2886 pro
543 2844 578 2876 δέ
598 2844 643 2877 D.
910 2845 943 2880 6.
970 2844 1146 2891 κτίσαντα]
1167 2846 1304 2889 κτίστην
1321 2846 1374 2880 καὶ
1389 2846 1529 2890 ποιητήν
1547 2846 1593 2880 D.
1645 2846 1769 2881 Statim
1786 2846 1871 2882 haec

299 2885 395 2920 addit
412 2890 513 2931 ἤγουν
530 2890 688 2931 οἰομένων
705 2891 754 2925 ὅτι
775 2892 844 2926 θεοὶ
871 2894 952 2926 κατὰ
977 2892 1136 2936 ἀλήθειάν
1154 2893 1240 2926 εἶσιν
1256 2892 1312 2927 οὓς
1333 2890 1374 2926 ἂν
1395 2893 1598 2939 ἐργάσαιντό
1615 2908 1700 2929 τινες
1718 2893 1871 2938 λιθοξόοι

300 2933 454 2975 δηλονότι
472 2936 522 2968 καὶ
542 2936 649 2977 ζύλων
666 2939 696 2971 οἱ
714 2939 923 2983 τεχτουργοί,
1068 2940 1100 2974 8.
1119 2939 1321 2984 ἄποτρυγεῖν
1334 2939 1426 2974 Edd.
1573 2951 1624 2975 10.
1643 2939 1811 2985 γενήματα
1823 2941 1868 2974 D.

304 2990 356 3023 13.
383 2981 596 3026 προθυμίαις]
617 2988 651 3022 ÷
670 2986 739 3019 ταῖς
761 2986 804 3018 D.
997 2987 1049 3020 28.
1076 2988 1190 3021 πόνοις
1207 2993 1427 3030 assumptum
1446 2998 1487 3020 ex
1507 2986 1599 3022 B.D.
