<?xml version="1.0" encoding="UTF-8"?>
<!DOCTYPE html PUBLIC "-//W3C//DTD XHTML 1.0 Transitional//EN"
    "http://www.w3.org/TR/xhtml1/DTD/xhtml1-transitional.dtd">
<html xmlns="http://www.w3.org/1999/xhtml" xml:lang="en" lang="en">
 <head>
  <title>
</title>
<meta http-equiv="Content-Type" content="text/html;charset=utf-8" />
  <meta name='ocr-system' content='tesseract 3.04.00' />
  <meta name='ocr-capabilities' content='ocr_page ocr_carea ocr_par ocr_line ocrx_word'/>
</head>
<body>
  <div class='ocr_page' id='page_1' title='image "./operacyrilli01cyriuoft/operacyrilli01cyriuoft_0255.png"; bbox 0 0 2021 3434; ppageno 0'>
   <div class='ocr_carea' id='block_1_1' title="bbox 98 191 1666 250">
    <p class='ocr_par' dir='ltr' id='par_1_1' title="bbox 98 191 1666 250">
     <span class='ocr_line' id='line_1_1' title="bbox 98 191 1666 250; baseline -0.003 -15"><span class='ocrx_word' id='word_1_1' title='bbox 98 209 137 236; x_wconf 80' lang='lat' dir='ltr'>x.</span> <span class='ocrx_word' id='word_1_2' title='bbox 160 209 198 250; x_wconf 90' lang='lat'>9,</span> <span class='ocrx_word' id='word_1_3' title='bbox 226 208 288 236; x_wconf 91' lang='lat'>10.</span> <span class='ocrx_word' id='word_1_4' title='bbox 527 196 601 237; x_wconf 91' lang='lat' dir='ltr'>IN</span> <span class='ocrx_word' id='word_1_5' title='bbox 641 196 882 238; x_wconf 85' lang='lat' dir='ltr'><strong>OSEAM.</strong></span> <span class='ocrx_word' id='word_1_6' title='bbox 942 195 1094 237; x_wconf 82' lang='lat' dir='ltr'><strong>TOM.</strong></span> <span class='ocrx_word' id='word_1_7' title='bbox 1136 195 1189 235; x_wconf 79' lang='lat' dir='ltr'>V.</span> <span class='ocrx_word' id='word_1_8' title='bbox 1585 191 1666 230; x_wconf 81' lang='lat'>215</span> 
     </span>
    </p>
   </div>
   <div class='ocr_carea' id='block_1_2' title="bbox 34 301 1881 2948">
    <p class='ocr_par' dir='ltr' id='par_1_2' title="bbox 34 301 1881 1935">
     <span class='ocr_line' id='line_1_2' title="bbox 97 301 1670 373; baseline -0.004 -16"><span class='ocrx_word' id='word_1_9' title='bbox 97 306 411 373; x_wconf 86' lang='grc' dir='ltr'>Ἰερουσαλὴμ</span> <span class='ocrx_word' id='word_1_10' title='bbox 449 308 538 360; x_wconf 80' lang='grc' dir='ltr'>ὑπὸ</span> <span class='ocrx_word' id='word_1_11' title='bbox 575 316 658 361; x_wconf 84' lang='grc' dir='ltr'>τοῦ</span> <span class='ocrx_word' id='word_1_12' title='bbox 690 308 1010 371; x_wconf 79' lang='grc' dir='ltr'>Βαβυλωνίου,</span> <span class='ocrx_word' id='word_1_13' title='bbox 1037 304 1347 369; x_wconf 81' lang='grc' dir='ltr'>συνεβούλευε</span> <span class='ocrx_word' id='word_1_14' title='bbox 1380 301 1463 368; x_wconf 80' lang='grc' dir='ltr'>μὲν</span> <span class='ocrx_word' id='word_1_15' title='bbox 1498 302 1522 352; x_wconf 88' lang='grc' dir='ltr'>ὁ</span> <span class='ocrx_word' id='word_1_16' title='bbox 1553 323 1670 366; x_wconf 90' lang='grc' dir='ltr'>προ-</span> 
     </span>
     <span class='ocr_line' id='line_1_3' title="bbox 97 384 1670 459; baseline -0.006 -15"><span class='ocrx_word' id='word_1_17' title='bbox 97 387 250 457; x_wconf 82' lang='grc' dir='ltr'>φήτης</span> <span class='ocrx_word' id='word_1_18' title='bbox 288 390 509 456; x_wconf 80' lang='grc' dir='ltr'>Ἱερεμίας</span> <span class='ocrx_word' id='word_1_19' title='bbox 559 392 860 459; x_wconf 78' lang='grc' dir='ltr'>ἀποσχέσθαι</span> <span class='ocrx_word' id='word_1_20' title='bbox 908 396 991 442; x_wconf 87' lang='grc' dir='ltr'>τοῦ</span> <span class='ocrx_word' id='word_1_21' title='bbox 1039 389 1163 440; x_wconf 84' lang='grc' dir='ltr'>θύειν</span> <span class='ocrx_word' id='word_1_22' title='bbox 1215 386 1434 447; x_wconf 77' lang='grc' dir='ltr'>εἰδώλοις,</span> <span class='ocrx_word' id='word_1_23' title='bbox 1479 384 1554 435; x_wconf 85' lang='grc' dir='ltr'>ἵνα</span> <span class='ocrx_word' id='word_1_24' title='bbox 1602 405 1670 435; x_wconf 93' lang='grc' dir='ltr'>τις</span> 
     </span>
     <span class='ocr_line' id='line_1_4' title="bbox 95 467 1666 540; baseline -0.004 -20"><span class='ocrx_word' id='word_1_25' title='bbox 95 469 275 535; x_wconf 87' lang='grc' dir='ltr'>γένοιτο</span> <span class='ocrx_word' id='word_1_26' title='bbox 310 472 453 540; x_wconf 82' lang='grc' dir='ltr'>φειδὼ</span> <span class='ocrx_word' id='word_1_27' title='bbox 488 472 556 524; x_wconf 86' lang='grc' dir='ltr'>ἐπ’</span> <span class='ocrx_word' id='word_1_28' title='bbox 584 474 736 526; x_wconf 82' lang='grc' dir='ltr'>αὐτοῖς</span> <span class='ocrx_word' id='word_1_29' title='bbox 765 471 893 539; x_wconf 80' lang='grc' dir='ltr'>παρὰ</span> <span class='ocrx_word' id='word_1_30' title='bbox 930 477 1012 522; x_wconf 87' lang='grc' dir='ltr'>τοῦ</span> <span class='ocrx_word' id='word_1_31' title='bbox 1051 470 1216 537; x_wconf 75' lang='grc' dir='ltr'>σώζειν</span> <span class='ocrx_word' id='word_1_32' title='bbox 1247 467 1492 535; x_wconf 78' lang='grc' dir='ltr'>ἰσχύοντος</span> <span class='ocrx_word' id='word_1_33' title='bbox 1524 469 1666 516; x_wconf 81' lang='grc' dir='ltr'>Θεοῦ.</span> 
     </span>
     <span class='ocr_line' id='line_1_5' title="bbox 97 550 1672 618; baseline -0.002 -16"><span class='ocrx_word' id='word_1_34' title='bbox 97 556 140 602; x_wconf 77' lang='grc' dir='ltr'>οἱ</span> <span class='ocrx_word' id='word_1_35' title='bbox 188 552 236 603; x_wconf 79' lang='grc' dir='ltr'>δὲ</span> <span class='ocrx_word' id='word_1_36' title='bbox 287 553 457 618; x_wconf 81' lang='grc' dir='ltr'>ταύτης</span> <span class='ocrx_word' id='word_1_37' title='bbox 503 554 633 605; x_wconf 77' lang='grc' dir='ltr'>ἕνεκα</span> <span class='ocrx_word' id='word_1_38' title='bbox 682 558 764 618; x_wconf 85' lang='grc' dir='ltr'>τῆς</span> <span class='ocrx_word' id='word_1_39' title='bbox 815 555 960 606; x_wconf 77' lang='grc' dir='ltr'>αἰτίας</span> <span class='ocrx_word' id='word_1_40' title='bbox 1009 556 1275 618; x_wconf 83' lang='grc' dir='ltr'>περιπεσεῖν</span> <span class='ocrx_word' id='word_1_41' title='bbox 1325 550 1536 617; x_wconf 77' lang='grc' dir='ltr'>ἔφασκον</span> <span class='ocrx_word' id='word_1_42' title='bbox 1576 551 1672 599; x_wconf 88' lang='grc' dir='ltr'>τοῖς</span> 
     </span>
     <span class='ocr_line' id='line_1_6' title="bbox 55 629 1672 704; baseline -0.006 -16"><span class='ocrx_word' id='word_1_43' title='bbox 55 649 78 688; x_wconf 81' lang='grc'>5</span> <span class='ocrx_word' id='word_1_44' title='bbox 98 635 271 696; x_wconf 81' lang='grc' dir='ltr'>δεινοῖς,</span> <span class='ocrx_word' id='word_1_45' title='bbox 311 634 381 685; x_wconf 79' lang='grc' dir='ltr'>ὅτι</span> <span class='ocrx_word' id='word_1_46' title='bbox 420 635 476 700; x_wconf 85' lang='grc' dir='ltr'>δὴ</span> <span class='ocrx_word' id='word_1_47' title='bbox 515 635 779 704; x_wconf 74' lang='grc' dir='ltr'>κατέληξαν</span> <span class='ocrx_word' id='word_1_48' title='bbox 816 641 898 686; x_wconf 90' lang='grc' dir='ltr'>τοῦ</span> <span class='ocrx_word' id='word_1_49' title='bbox 929 640 1143 700; x_wconf 87' lang='grc' dir='ltr'>πληροῦν</span> <span class='ocrx_word' id='word_1_50' title='bbox 1177 632 1348 684; x_wconf 84' lang='grc' dir='ltr'>ἐθέλειν</span> <span class='ocrx_word' id='word_1_51' title='bbox 1373 629 1433 682; x_wconf 78' lang='grc' dir='ltr'>τὰ</span> <span class='ocrx_word' id='word_1_52' title='bbox 1456 651 1672 693; x_wconf 90' lang='grc' dir='ltr'>νενομισ-</span> 
     </span>
     <span class='ocr_line' id='line_1_7' title="bbox 97 711 1712 783; baseline -0.003 -18"><span class='ocrx_word' id='word_1_53' title='bbox 97 714 224 779; x_wconf 84' lang='grc' dir='ltr'>μένα,</span> <span class='ocrx_word' id='word_1_54' title='bbox 250 717 326 766; x_wconf 75' lang='grc' dir='ltr'>καὶ</span> <span class='ocrx_word' id='word_1_55' title='bbox 364 717 698 783; x_wconf 84' lang='grc' dir='ltr'>ὀλιγωροῦντες</span> <span class='ocrx_word' id='word_1_56' title='bbox 734 716 995 783; x_wconf 76' lang='grc' dir='ltr'>ἠλέγχοντο</span> <span class='ocrx_word' id='word_1_57' title='bbox 1021 718 1103 779; x_wconf 80' lang='grc' dir='ltr'>τῆς</span> <span class='ocrx_word' id='word_1_58' title='bbox 1128 718 1189 767; x_wconf 78' lang='grc' dir='ltr'>εἷς</span> <span class='ocrx_word' id='word_1_59' title='bbox 1226 713 1285 764; x_wconf 83' lang='grc' dir='ltr'>τά</span> <span class='ocrx_word' id='word_1_60' title='bbox 1319 711 1492 776; x_wconf 81' lang='grc' dir='ltr'>μάταια</span> <span class='ocrx_word' id='word_1_61' title='bbox 1517 714 1668 775; x_wconf 82' lang='grc' dir='ltr'>τιμῆς.</span> <span class='ocrx_word' id='word_1_62' title='bbox 1690 734 1712 760; x_wconf 84' lang='grc' dir='ltr'>ο</span> 
     </span>
     <span class='ocr_line' id='line_1_8' title="bbox 97 793 1881 878; baseline 0.018 -31"><span class='ocrx_word' id='word_1_63' title='bbox 97 796 359 863; x_wconf 87' lang='grc' dir='ltr'>γέγραπται</span> <span class='ocrx_word' id='word_1_64' title='bbox 392 797 439 849; x_wconf 77' lang='grc' dir='ltr'>δὲ</span> <span class='ocrx_word' id='word_1_65' title='bbox 473 800 618 852; x_wconf 80' lang='grc' dir='ltr'>οὕτως</span> <span class='ocrx_word' id='word_1_66' title='bbox 646 806 672 828; x_wconf 81' lang='grc'><strong>“</strong></span> <span class='ocrx_word' id='word_1_67' title='bbox 695 802 788 849; x_wconf 81' lang='grc' dir='ltr'>Καὶ</span> <span class='ocrx_word' id='word_1_68' title='bbox 824 797 1144 863; x_wconf 83' lang='grc' dir='ltr'>ἀπεκρίθησαν</span> <span class='ocrx_word' id='word_1_69' title='bbox 1178 800 1243 864; x_wconf 73' lang='grc' dir='ltr'>τῷ</span> <span class='ocrx_word' id='word_1_70' title='bbox 1267 795 1464 862; x_wconf 77' lang='grc' dir='ltr'>Ἱερεμίᾳ</span> <span class='ocrx_word' id='word_1_71' title='bbox 1501 793 1673 846; x_wconf 82' lang='grc' dir='ltr'>πάντες</span> <span class='ocrx_word' id='word_1_72' title='bbox 1734 802 1881 878; x_wconf 45' lang='lat' dir='ltr'>{iffi-Sli-</span> 
     </span>
     <span class='ocr_line' id='line_1_9' title="bbox 99 865 1851 946; baseline -0.002 -16"><span class='ocrx_word' id='word_1_73' title='bbox 99 886 127 909; x_wconf 74' lang='lat'>‘⁶</span> <span class='ocrx_word' id='word_1_74' title='bbox 153 883 194 930; x_wconf 83' lang='grc' dir='ltr'>οἱ</span> <span class='ocrx_word' id='word_1_75' title='bbox 229 879 393 946; x_wconf 74' lang='grc' dir='ltr'>ἄνδρες</span> <span class='ocrx_word' id='word_1_76' title='bbox 423 884 463 931; x_wconf 79' lang='grc' dir='ltr'>οἱ</span> <span class='ocrx_word' id='word_1_77' title='bbox 495 880 681 946; x_wconf 72' lang='grc' dir='ltr'>γνόντες</span> <span class='ocrx_word' id='word_1_78' title='bbox 715 879 786 930; x_wconf 81' lang='grc' dir='ltr'>ὅτι</span> <span class='ocrx_word' id='word_1_79' title='bbox 813 883 1042 942; x_wconf 80' lang='grc' dir='ltr'>θυμιῶσιν</span> <span class='ocrx_word' id='word_1_80' title='bbox 1069 882 1113 929; x_wconf 84' lang='grc' dir='ltr'>αἱ</span> <span class='ocrx_word' id='word_1_81' title='bbox 1139 881 1350 944; x_wconf 87' lang='grc' dir='ltr'>γυναῖκες</span> <span class='ocrx_word' id='word_1_82' title='bbox 1377 877 1529 926; x_wconf 81' lang='grc' dir='ltr'>αὐτῶν</span> <span class='ocrx_word' id='word_1_83' title='bbox 1556 879 1675 928; x_wconf 82' lang='grc' dir='ltr'>θεοῖς</span> <span class='ocrx_word' id='word_1_84' title='bbox 1758 865 1774 887; x_wconf 65' lang='lat'><strong>³</strong></span> <span class='ocrx_word' id='word_1_85' title='bbox 1845 870 1851 877; x_wconf 49' lang='grc'><strong><em>’</em></strong></span> 
     </span>
     <span class='ocr_line' id='line_1_10' title="bbox 98 957 1677 1028; baseline -0.001 -16"><span class='ocrx_word' id='word_1_86' title='bbox 98 968 126 990; x_wconf 83' lang='grc'><strong>“</strong></span> <span class='ocrx_word' id='word_1_87' title='bbox 151 962 331 1028; x_wconf 79' lang='grc' dir='ltr'>ἑτέροις,</span> <span class='ocrx_word' id='word_1_88' title='bbox 360 964 434 1012; x_wconf 77' lang='grc' dir='ltr'>καὶ</span> <span class='ocrx_word' id='word_1_89' title='bbox 459 967 611 1014; x_wconf 83' lang='grc' dir='ltr'>πᾶσαι</span> <span class='ocrx_word' id='word_1_90' title='bbox 637 966 683 1013; x_wconf 79' lang='grc' dir='ltr'>αἱ</span> <span class='ocrx_word' id='word_1_91' title='bbox 709 967 932 1028; x_wconf 90' lang='grc' dir='ltr'>γυναῖκες,</span> <span class='ocrx_word' id='word_1_92' title='bbox 959 958 1215 1026; x_wconf 87' lang='grc' dir='ltr'>συναγωγὴ</span> <span class='ocrx_word' id='word_1_93' title='bbox 1250 957 1448 1024; x_wconf 83' lang='grc' dir='ltr'>μεγάλη,</span> <span class='ocrx_word' id='word_1_94' title='bbox 1475 959 1550 1007; x_wconf 79' lang='grc' dir='ltr'>καὶ</span> <span class='ocrx_word' id='word_1_95' title='bbox 1584 961 1677 1011; x_wconf 84' lang='grc' dir='ltr'>πᾶς</span> 
     </span>
     <span class='ocr_line' id='line_1_11' title="bbox 34 1042 1676 1112; baseline -0.003 -18"><span class='ocrx_word' id='word_1_96' title='bbox 34 1066 81 1090; x_wconf 80' lang='lat'>10</span> <span class='ocrx_word' id='word_1_97' title='bbox 101 1044 176 1094; x_wconf 71' lang='lat'>“6</span> <span class='ocrx_word' id='word_1_98' title='bbox 219 1043 348 1106; x_wconf 81' lang='grc' dir='ltr'>λαὸς,</span> <span class='ocrx_word' id='word_1_99' title='bbox 394 1048 434 1095; x_wconf 81' lang='grc' dir='ltr'>οἱ</span> <span class='ocrx_word' id='word_1_100' title='bbox 479 1044 727 1109; x_wconf 89' lang='grc' dir='ltr'>καθήμενοι</span> <span class='ocrx_word' id='word_1_101' title='bbox 772 1046 820 1095; x_wconf 84' lang='grc' dir='ltr'>ἐν</span> <span class='ocrx_word' id='word_1_102' title='bbox 860 1047 923 1112; x_wconf 84' lang='grc' dir='ltr'>γῇ</span> <span class='ocrx_word' id='word_1_103' title='bbox 969 1043 1208 1112; x_wconf 75' lang='grc' dir='ltr'>Αἰγύπτῳ,</span> <span class='ocrx_word' id='word_1_104' title='bbox 1248 1042 1296 1091; x_wconf 86' lang='grc' dir='ltr'>ἐν</span> <span class='ocrx_word' id='word_1_105' title='bbox 1334 1043 1396 1108; x_wconf 83' lang='grc' dir='ltr'>γῇ</span> <span class='ocrx_word' id='word_1_106' title='bbox 1438 1042 1676 1106; x_wconf 84' lang='grc' dir='ltr'>Παθουρῇ,</span> 
     </span>
     <span class='ocr_line' id='line_1_12' title="bbox 100 1120 1676 1192; baseline -0.003 -16"><span class='ocrx_word' id='word_1_107' title='bbox 100 1132 127 1155; x_wconf 84' lang='grc'><strong>“</strong></span> <span class='ocrx_word' id='word_1_108' title='bbox 156 1126 371 1192; x_wconf 86' lang='grc' dir='ltr'>λέγοντες</span> <span class='ocrx_word' id='word_1_109' title='bbox 411 1125 509 1178; x_wconf 82' lang='grc' dir='ltr'>Τὸν</span> <span class='ocrx_word' id='word_1_110' title='bbox 541 1126 689 1192; x_wconf 87' lang='grc' dir='ltr'>λόγον</span> <span class='ocrx_word' id='word_1_111' title='bbox 723 1125 776 1177; x_wconf 73' lang='grc' dir='ltr'>ὃν</span> <span class='ocrx_word' id='word_1_112' title='bbox 802 1125 1070 1189; x_wconf 83' lang='grc' dir='ltr'>λελάληκας</span> <span class='ocrx_word' id='word_1_113' title='bbox 1096 1123 1213 1190; x_wconf 80' lang='grc' dir='ltr'>πρὸς</span> <span class='ocrx_word' id='word_1_114' title='bbox 1243 1123 1362 1187; x_wconf 80' lang='grc' dir='ltr'>ἡμᾶς</span> <span class='ocrx_word' id='word_1_115' title='bbox 1393 1126 1458 1191; x_wconf 75' lang='grc' dir='ltr'>τῷ</span> <span class='ocrx_word' id='word_1_116' title='bbox 1485 1120 1676 1184; x_wconf 86' lang='grc' dir='ltr'>ὀνόματι</span> 
     </span>
     <span class='ocr_line' id='line_1_13' title="bbox 100 1203 1678 1274; baseline -0.003 -16"><span class='ocrx_word' id='word_1_117' title='bbox 100 1215 128 1237; x_wconf 84' lang='grc'><strong>“</strong></span> <span class='ocrx_word' id='word_1_118' title='bbox 155 1207 343 1274; x_wconf 77' lang='grc' dir='ltr'>Κυρίου,</span> <span class='ocrx_word' id='word_1_119' title='bbox 371 1209 452 1259; x_wconf 83' lang='grc' dir='ltr'>οὑκ</span> <span class='ocrx_word' id='word_1_120' title='bbox 479 1207 791 1272; x_wconf 85' lang='grc' dir='ltr'>ἀκουσόμεθα.</span> <span class='ocrx_word' id='word_1_121' title='bbox 860 1207 929 1258; x_wconf 76' lang='grc' dir='ltr'>ὅτι</span> <span class='ocrx_word' id='word_1_122' title='bbox 962 1212 1201 1260; x_wconf 90' lang='grc' dir='ltr'>ποιοῦντες</span> <span class='ocrx_word' id='word_1_123' title='bbox 1233 1204 1493 1270; x_wconf 89' lang='grc' dir='ltr'>ποιήσομεν</span> <span class='ocrx_word' id='word_1_124' title='bbox 1522 1203 1678 1255; x_wconf 79' lang='grc' dir='ltr'>πάντα</span> 
     </span>
     <span class='ocr_line' id='line_1_14' title="bbox 101 1287 1678 1359; baseline -0.003 -19"><span class='ocrx_word' id='word_1_125' title='bbox 101 1296 129 1319; x_wconf 88' lang='grc'><strong>“</strong></span> <span class='ocrx_word' id='word_1_126' title='bbox 151 1289 232 1341; x_wconf 84' lang='grc' dir='ltr'>τὸν</span> <span class='ocrx_word' id='word_1_127' title='bbox 257 1289 416 1355; x_wconf 88' lang='grc' dir='ltr'>λόγον,</span> <span class='ocrx_word' id='word_1_128' title='bbox 443 1289 493 1344; x_wconf 74' lang='grc' dir='ltr'>ὃς</span> <span class='ocrx_word' id='word_1_129' title='bbox 522 1289 817 1359; x_wconf 73' lang='grc' dir='ltr'>ἐξελεύσεται</span> <span class='ocrx_word' id='word_1_130' title='bbox 855 1291 905 1340; x_wconf 86' lang='grc' dir='ltr'>ἐκ</span> <span class='ocrx_word' id='word_1_131' title='bbox 939 1295 1021 1340; x_wconf 85' lang='grc' dir='ltr'>τοῦ</span> <span class='ocrx_word' id='word_1_132' title='bbox 1059 1287 1296 1352; x_wconf 89' lang='grc' dir='ltr'>στόματος</span> <span class='ocrx_word' id='word_1_133' title='bbox 1333 1288 1479 1351; x_wconf 82' lang='grc' dir='ltr'>ἡμῶν,</span> <span class='ocrx_word' id='word_1_134' title='bbox 1511 1291 1678 1349; x_wconf 81' lang='grc' dir='ltr'>θυμιᾶν</span> 
     </span>
     <span class='ocr_line' id='line_1_15' title="bbox 102 1368 1675 1440; baseline 0 -17"><span class='ocrx_word' id='word_1_135' title='bbox 102 1378 129 1400; x_wconf 84' lang='grc'><strong>“</strong></span> <span class='ocrx_word' id='word_1_136' title='bbox 153 1375 211 1439; x_wconf 85' lang='grc' dir='ltr'>τῇ</span> <span class='ocrx_word' id='word_1_137' title='bbox 251 1373 524 1440; x_wconf 78' lang='grc' dir='ltr'>βασιλίσσῃ</span> <span class='ocrx_word' id='word_1_138' title='bbox 559 1379 642 1423; x_wconf 87' lang='grc' dir='ltr'>τοῦ</span> <span class='ocrx_word' id='word_1_139' title='bbox 680 1374 891 1439; x_wconf 80' lang='grc' dir='ltr'>οὐρανοῦ,</span> <span class='ocrx_word' id='word_1_140' title='bbox 930 1373 1006 1422; x_wconf 79' lang='grc' dir='ltr'>καὶ</span> <span class='ocrx_word' id='word_1_141' title='bbox 1043 1370 1261 1422; x_wconf 77' lang='grc' dir='ltr'>σπένδειν</span> <span class='ocrx_word' id='word_1_142' title='bbox 1299 1370 1415 1437; x_wconf 80' lang='grc' dir='ltr'>αὐτῇ</span> <span class='ocrx_word' id='word_1_143' title='bbox 1450 1368 1675 1432; x_wconf 79' lang='grc' dir='ltr'>σπονδὰς,</span> 
     </span>
     <span class='ocr_line' id='line_1_16' title="bbox 36 1453 1723 1519; baseline -0.001 -16"><span class='ocrx_word' id='word_1_144' title='bbox 36 1475 82 1514; x_wconf 87' lang='lat'>15</span> <span class='ocrx_word' id='word_1_145' title='bbox 102 1460 130 1483; x_wconf 85' lang='lat'><strong>“</strong></span> <span class='ocrx_word' id='word_1_146' title='bbox 156 1454 275 1505; x_wconf 77' lang='grc' dir='ltr'>καθὰ</span> <span class='ocrx_word' id='word_1_147' title='bbox 313 1454 599 1519; x_wconf 82' lang='grc' dir='ltr'>ἐποιήσαμεν</span> <span class='ocrx_word' id='word_1_148' title='bbox 630 1455 770 1519; x_wconf 81' lang='grc' dir='ltr'>ἡμεῖς,</span> <span class='ocrx_word' id='word_1_149' title='bbox 798 1456 872 1505; x_wconf 78' lang='grc' dir='ltr'>καὶ</span> <span class='ocrx_word' id='word_1_150' title='bbox 907 1456 948 1504; x_wconf 78' lang='grc' dir='ltr'>οἱ</span> <span class='ocrx_word' id='word_1_151' title='bbox 982 1453 1174 1519; x_wconf 78' lang='grc' dir='ltr'>πατέρες</span> <span class='ocrx_word' id='word_1_152' title='bbox 1206 1453 1335 1517; x_wconf 80' lang='grc' dir='ltr'>ἡμῶν</span> <span class='ocrx_word' id='word_1_153' title='bbox 1366 1454 1441 1502; x_wconf 78' lang='grc' dir='ltr'>καὶ</span> <span class='ocrx_word' id='word_1_154' title='bbox 1467 1455 1509 1502; x_wconf 78' lang='grc' dir='ltr'>οὶ</span> <span class='ocrx_word' id='word_1_155' title='bbox 1535 1457 1676 1512; x_wconf 76' lang='grc' dir='ltr'>βασι-</span> <span class='ocrx_word' id='word_1_156' title='bbox 1695 1456 1723 1497; x_wconf 85' lang='lat' dir='ltr'><strong>d</strong></span> 
     </span>
     <span class='ocr_line' id='line_1_17' title="bbox 103 1533 1677 1604; baseline -0.002 -18"><span class='ocrx_word' id='word_1_157' title='bbox 103 1542 129 1566; x_wconf 73' lang='lat'>‘⁴</span> <span class='ocrx_word' id='word_1_158' title='bbox 155 1541 250 1590; x_wconf 90' lang='grc' dir='ltr'>λεῖς</span> <span class='ocrx_word' id='word_1_159' title='bbox 284 1537 414 1600; x_wconf 81' lang='grc' dir='ltr'>ἡμῶν</span> <span class='ocrx_word' id='word_1_160' title='bbox 452 1539 527 1588; x_wconf 76' lang='grc' dir='ltr'>καὶ</span> <span class='ocrx_word' id='word_1_161' title='bbox 571 1540 612 1587; x_wconf 79' lang='grc' dir='ltr'>οἱ</span> <span class='ocrx_word' id='word_1_162' title='bbox 651 1537 873 1604; x_wconf 76' lang='grc' dir='ltr'>ἄρχοντες</span> <span class='ocrx_word' id='word_1_163' title='bbox 911 1536 1041 1599; x_wconf 79' lang='grc' dir='ltr'>ἡμῶν</span> <span class='ocrx_word' id='word_1_164' title='bbox 1078 1537 1127 1586; x_wconf 86' lang='grc' dir='ltr'>ἐν</span> <span class='ocrx_word' id='word_1_165' title='bbox 1164 1533 1366 1586; x_wconf 87' lang='grc' dir='ltr'>πόλεσιν</span> <span class='ocrx_word' id='word_1_166' title='bbox 1395 1533 1561 1595; x_wconf 88' lang='grc' dir='ltr'>Ἰούδα,</span> <span class='ocrx_word' id='word_1_167' title='bbox 1601 1536 1677 1584; x_wconf 78' lang='grc' dir='ltr'>καὶ</span> 
     </span>
     <span class='ocr_line' id='line_1_18' title="bbox 102 1616 1673 1686; baseline -0.002 -18"><span class='ocrx_word' id='word_1_168' title='bbox 102 1625 130 1647; x_wconf 80' lang='grc'><strong>“</strong></span> <span class='ocrx_word' id='word_1_169' title='bbox 156 1617 325 1686; x_wconf 74' lang='grc' dir='ltr'>ἔξωθεν</span> <span class='ocrx_word' id='word_1_170' title='bbox 357 1617 682 1685; x_wconf 77' lang='grc' dir='ltr'>Ἰερουσαλήμ·</span> <span class='ocrx_word' id='word_1_171' title='bbox 746 1620 822 1669; x_wconf 79' lang='grc' dir='ltr'>καὶ</span> <span class='ocrx_word' id='word_1_172' title='bbox 860 1616 1165 1682; x_wconf 87' lang='grc' dir='ltr'>ἐπλήσθημεν</span> <span class='ocrx_word' id='word_1_173' title='bbox 1204 1617 1373 1683; x_wconf 74' lang='grc' dir='ltr'>ἄρτων,</span> <span class='ocrx_word' id='word_1_174' title='bbox 1407 1617 1482 1666; x_wconf 77' lang='grc' dir='ltr'>καὶ</span> <span class='ocrx_word' id='word_1_175' title='bbox 1516 1616 1673 1681; x_wconf 83' lang='grc' dir='ltr'>ἐγενό-</span> 
     </span>
     <span class='ocr_line' id='line_1_19' title="bbox 103 1697 1676 1768; baseline -0.001 -18"><span class='ocrx_word' id='word_1_176' title='bbox 103 1707 130 1729; x_wconf 80' lang='grc'><strong>“</strong></span> <span class='ocrx_word' id='word_1_177' title='bbox 155 1704 271 1763; x_wconf 88' lang='grc' dir='ltr'>μεθα</span> <span class='ocrx_word' id='word_1_178' title='bbox 303 1705 513 1768; x_wconf 84' lang='grc' dir='ltr'>χρηστοὶ,</span> <span class='ocrx_word' id='word_1_179' title='bbox 549 1704 623 1752; x_wconf 84' lang='grc' dir='ltr'>καὶ</span> <span class='ocrx_word' id='word_1_180' title='bbox 663 1700 781 1752; x_wconf 78' lang='grc' dir='ltr'>κακὰ</span> <span class='ocrx_word' id='word_1_181' title='bbox 819 1702 901 1752; x_wconf 79' lang='grc' dir='ltr'>οὐκ</span> <span class='ocrx_word' id='word_1_182' title='bbox 938 1700 1128 1764; x_wconf 78' lang='grc' dir='ltr'>εἴδομεν.</span> <span class='ocrx_word' id='word_1_183' title='bbox 1198 1701 1274 1750; x_wconf 75' lang='grc' dir='ltr'>καὶ</span> <span class='ocrx_word' id='word_1_184' title='bbox 1312 1701 1373 1752; x_wconf 85' lang='grc' dir='ltr'>ὡς</span> <span class='ocrx_word' id='word_1_185' title='bbox 1411 1697 1676 1760; x_wconf 87' lang='grc' dir='ltr'>διελίπομεν</span> 
     </span>
     <span class='ocr_line' id='line_1_20' title="bbox 103 1779 1678 1851; baseline 0.001 -19"><span class='ocrx_word' id='word_1_186' title='bbox 103 1788 131 1810; x_wconf 87' lang='grc'><strong>“</strong></span> <span class='ocrx_word' id='word_1_187' title='bbox 157 1785 405 1846; x_wconf 82' lang='grc' dir='ltr'>θυμιῶντες</span> <span class='ocrx_word' id='word_1_188' title='bbox 429 1787 486 1851; x_wconf 81' lang='grc' dir='ltr'>τῇ</span> <span class='ocrx_word' id='word_1_189' title='bbox 512 1783 786 1851; x_wconf 80' lang='grc' dir='ltr'>βασιλίσσῃ</span> <span class='ocrx_word' id='word_1_190' title='bbox 808 1788 890 1834; x_wconf 90' lang='grc' dir='ltr'>τοῦ</span> <span class='ocrx_word' id='word_1_191' title='bbox 917 1784 1126 1849; x_wconf 82' lang='grc' dir='ltr'>οὐρανοῦ,</span> <span class='ocrx_word' id='word_1_192' title='bbox 1146 1780 1481 1845; x_wconf 83' lang='grc' dir='ltr'>ἠλαττώθημεν</span> <span class='ocrx_word' id='word_1_193' title='bbox 1506 1779 1678 1833; x_wconf 80' lang='grc' dir='ltr'>πάντες</span> 
     </span>
     <span class='ocr_line' id='line_1_21' title="bbox 35 1861 1371 1935; baseline 0.001 -24"><span class='ocrx_word' id='word_1_194' title='bbox 35 1886 85 1911; x_wconf 89' lang='lat'>20</span> <span class='ocrx_word' id='word_1_195' title='bbox 103 1869 132 1892; x_wconf 83' lang='lat'>“</span> <span class='ocrx_word' id='word_1_196' title='bbox 155 1863 294 1927; x_wconf 81' lang='grc' dir='ltr'>ἡμεῖς,</span> <span class='ocrx_word' id='word_1_197' title='bbox 322 1867 395 1915; x_wconf 80' lang='grc' dir='ltr'>καὶ</span> <span class='ocrx_word' id='word_1_198' title='bbox 421 1867 467 1916; x_wconf 85' lang='grc' dir='ltr'>ἐν</span> <span class='ocrx_word' id='word_1_199' title='bbox 492 1866 703 1935; x_wconf 74' lang='grc' dir='ltr'>ῥομφαίᾳ</span> <span class='ocrx_word' id='word_1_200' title='bbox 730 1868 806 1915; x_wconf 79' lang='grc' dir='ltr'>καὶ</span> <span class='ocrx_word' id='word_1_201' title='bbox 831 1866 878 1915; x_wconf 85' lang='grc' dir='ltr'>ἐν</span> <span class='ocrx_word' id='word_1_202' title='bbox 902 1868 1027 1933; x_wconf 75' lang='grc' dir='ltr'>λιμῷ</span> <span class='ocrx_word' id='word_1_203' title='bbox 1050 1861 1371 1932; x_wconf 71' lang='grc' dir='ltr'>ἐξελίπομεν.”</span> 
     </span>
    </p>

    <p class='ocr_par' dir='ltr' id='par_1_3' title="bbox 101 1942 1712 2262">
     <span class='ocr_line' id='line_1_22' title="bbox 177 1942 1675 2016; baseline -0.001 -20"><span class='ocrx_word' id='word_1_204' title='bbox 177 1949 388 1997; x_wconf 76' lang='grc' dir='ltr'>Αἰτιᾶται</span> <span class='ocrx_word' id='word_1_205' title='bbox 426 1948 578 1998; x_wconf 85' lang='grc' dir='ltr'>τοίνυν</span> <span class='ocrx_word' id='word_1_206' title='bbox 612 1952 705 1998; x_wconf 80' lang='grc' dir='ltr'>τῶν</span> <span class='ocrx_word' id='word_1_207' title='bbox 740 1947 795 2016; x_wconf 76' lang='grc' dir='ltr'>ἐξ</span> <span class='ocrx_word' id='word_1_208' title='bbox 817 1946 1019 2013; x_wconf 87' lang='grc' dir='ltr'>Ἰσραὴλ</span> <span class='ocrx_word' id='word_1_209' title='bbox 1049 1944 1161 1996; x_wconf 83' lang='grc' dir='ltr'>αὐτό</span> <span class='ocrx_word' id='word_1_210' title='bbox 1195 1968 1244 1996; x_wconf 92' lang='grc' dir='ltr'>τε</span> <span class='ocrx_word' id='word_1_211' title='bbox 1282 1942 1336 1996; x_wconf 77' lang='grc' dir='ltr'>τὸ</span> <span class='ocrx_word' id='word_1_212' title='bbox 1374 1943 1675 2007; x_wconf 82' lang='grc' dir='ltr'>εἶκαιόμυθον,</span> 
     </span>
     <span class='ocr_line' id='line_1_23' title="bbox 101 2026 1675 2096; baseline 0 -19"><span class='ocrx_word' id='word_1_213' title='bbox 101 2028 176 2077; x_wconf 80' lang='grc' dir='ltr'>καὶ</span> <span class='ocrx_word' id='word_1_214' title='bbox 214 2027 268 2078; x_wconf 79' lang='grc' dir='ltr'>τὸ</span> <span class='ocrx_word' id='word_1_215' title='bbox 306 2027 487 2095; x_wconf 80' lang='grc' dir='ltr'>σαθρὸν</span> <span class='ocrx_word' id='word_1_216' title='bbox 521 2033 600 2093; x_wconf 82' lang='grc' dir='ltr'>τῆς</span> <span class='ocrx_word' id='word_1_217' title='bbox 636 2030 837 2092; x_wconf 86' lang='grc' dir='ltr'>ἐλπίδος,</span> <span class='ocrx_word' id='word_1_218' title='bbox 873 2030 954 2080; x_wconf 90' lang='grc' dir='ltr'>καί</span> <span class='ocrx_word' id='word_1_219' title='bbox 988 2033 1110 2096; x_wconf 84' lang='grc' dir='ltr'>φησι</span> <span class='ocrx_word' id='word_1_220' title='bbox 1143 2029 1248 2094; x_wconf 77' lang='grc' dir='ltr'>περὶ</span> <span class='ocrx_word' id='word_1_221' title='bbox 1282 2032 1376 2078; x_wconf 84' lang='grc' dir='ltr'>τῶν</span> <span class='ocrx_word' id='word_1_222' title='bbox 1407 2027 1575 2088; x_wconf 71' lang='grc' dir='ltr'>βουνῶν,</span> <span class='ocrx_word' id='word_1_223' title='bbox 1605 2026 1675 2077; x_wconf 80' lang='grc' dir='ltr'>ὅτι</span> 
     </span>
     <span class='ocr_line' id='line_1_24' title="bbox 103 2108 1712 2178; baseline -0.001 -17"><span class='ocrx_word' id='word_1_224' title='bbox 103 2111 196 2161; x_wconf 71' lang='grc' dir='ltr'>ἐκεῖ</span> <span class='ocrx_word' id='word_1_225' title='bbox 236 2110 432 2174; x_wconf 74' lang='grc' dir='ltr'>ἔστησαν,</span> <span class='ocrx_word' id='word_1_226' title='bbox 478 2111 732 2170; x_wconf 77' lang='grc' dir='ltr'>τουτέστιν,</span> <span class='ocrx_word' id='word_1_227' title='bbox 779 2111 849 2162; x_wconf 80' lang='grc' dir='ltr'>ὅτι</span> <span class='ocrx_word' id='word_1_228' title='bbox 891 2111 1101 2177; x_wconf 82' lang='grc' dir='ltr'>καθάπερ</span> <span class='ocrx_word' id='word_1_229' title='bbox 1145 2111 1278 2160; x_wconf 79' lang='grc' dir='ltr'>αὐτοί</span> <span class='ocrx_word' id='word_1_230' title='bbox 1322 2114 1488 2178; x_wconf 88' lang='grc' dir='ltr'>φασιν,</span> <span class='ocrx_word' id='word_1_231' title='bbox 1529 2108 1712 2173; x_wconf 75' lang='grc' dir='ltr'>η’γουνο</span> 
     </span>
     <span class='ocr_line' id='line_1_25' title="bbox 103 2190 1674 2262; baseline -0.001 -20"><span class='ocrx_word' id='word_1_232' title='bbox 103 2191 273 2243; x_wconf 77' lang='grc' dir='ltr'>οἴονται</span> <span class='ocrx_word' id='word_1_233' title='bbox 317 2193 433 2244; x_wconf 81' lang='grc' dir='ltr'>κατὰ</span> <span class='ocrx_word' id='word_1_234' title='bbox 482 2199 626 2262; x_wconf 84' lang='grc' dir='ltr'>σφᾶς,</span> <span class='ocrx_word' id='word_1_235' title='bbox 666 2195 757 2245; x_wconf 71' lang='grc' dir='ltr'>ἐκεῖ</span> <span class='ocrx_word' id='word_1_236' title='bbox 803 2198 897 2247; x_wconf 83' lang='grc' dir='ltr'>τοῖς</span> <span class='ocrx_word' id='word_1_237' title='bbox 942 2197 1169 2260; x_wconf 85' lang='grc' dir='ltr'>γλυπτοῖς</span> <span class='ocrx_word' id='word_1_238' title='bbox 1221 2191 1576 2258; x_wconf 87' lang='grc' dir='ltr'>λατρεύσαντες,</span> <span class='ocrx_word' id='word_1_239' title='bbox 1621 2190 1674 2241; x_wconf 85' lang='grc' dir='ltr'>τὸ</span> 
     </span>
    </p>

    <p class='ocr_par' dir='ltr' id='par_1_4' title="bbox 36 2272 1684 2670">
     <span class='ocr_line' id='line_1_26' title="bbox 36 2272 1676 2344; baseline -0.001 -21"><span class='ocrx_word' id='word_1_240' title='bbox 36 2295 84 2334; x_wconf 88' lang='lat'>25</span> <span class='ocrx_word' id='word_1_241' title='bbox 103 2274 319 2343; x_wconf 80' lang='grc' dir='ltr'>ἀσφαλὲς</span> <span class='ocrx_word' id='word_1_242' title='bbox 344 2276 576 2344; x_wconf 86' lang='grc' dir='ltr'>ἐσχήκασι</span> <span class='ocrx_word' id='word_1_243' title='bbox 600 2279 681 2340; x_wconf 84' lang='grc' dir='ltr'>τῆς</span> <span class='ocrx_word' id='word_1_244' title='bbox 706 2276 957 2342; x_wconf 81' lang='grc' dir='ltr'>εὐημερίας,</span> <span class='ocrx_word' id='word_1_245' title='bbox 984 2277 1059 2326; x_wconf 82' lang='grc' dir='ltr'>καὶ</span> <span class='ocrx_word' id='word_1_246' title='bbox 1089 2276 1136 2325; x_wconf 87' lang='grc' dir='ltr'>ἐν</span> <span class='ocrx_word' id='word_1_247' title='bbox 1168 2273 1439 2338; x_wconf 84' lang='grc' dir='ltr'>ἀκλονήτοις</span> <span class='ocrx_word' id='word_1_248' title='bbox 1465 2272 1676 2336; x_wconf 78' lang='grc' dir='ltr'>ἔστησαν</span> 
     </span>
     <span class='ocr_line' id='line_1_27' title="bbox 103 2353 1676 2428; baseline -0.003 -20"><span class='ocrx_word' id='word_1_249' title='bbox 103 2359 310 2424; x_wconf 83' lang='grc' dir='ltr'>ἀγαθοῖς.</span> <span class='ocrx_word' id='word_1_250' title='bbox 375 2361 449 2409; x_wconf 80' lang='grc' dir='ltr'>καὶ</span> <span class='ocrx_word' id='word_1_251' title='bbox 487 2356 547 2412; x_wconf 79' lang='grc' dir='ltr'>ὥς</span> <span class='ocrx_word' id='word_1_252' title='bbox 584 2381 638 2424; x_wconf 92' lang='grc' dir='ltr'>γε</span> <span class='ocrx_word' id='word_1_253' title='bbox 677 2359 849 2409; x_wconf 78' lang='grc' dir='ltr'>οἴονται</span> <span class='ocrx_word' id='word_1_254' title='bbox 887 2356 1052 2420; x_wconf 83' lang='grc' dir='ltr'>πάλιν,</span> <span class='ocrx_word' id='word_1_255' title='bbox 1085 2361 1127 2408; x_wconf 79' lang='grc' dir='ltr'>οὐ</span> <span class='ocrx_word' id='word_1_256' title='bbox 1153 2356 1213 2425; x_wconf 68' lang='grc' dir='ltr'>μὴ</span> <span class='ocrx_word' id='word_1_257' title='bbox 1243 2357 1493 2428; x_wconf 66' lang='grc' dir='ltr'>καταλάβῃ</span> <span class='ocrx_word' id='word_1_258' title='bbox 1521 2353 1676 2409; x_wconf 55' lang='grc' dir='ltr'>αὐτοῦς</span> 
     </span>
     <span class='ocr_line' id='line_1_28' title="bbox 101 2437 1677 2510; baseline -0.004 -19"><span class='ocrx_word' id='word_1_259' title='bbox 101 2440 139 2491; x_wconf 79' lang='grc' dir='ltr'>ἓν</span> <span class='ocrx_word' id='word_1_260' title='bbox 164 2446 224 2510; x_wconf 74' lang='grc' dir='ltr'>τῷ</span> <span class='ocrx_word' id='word_1_261' title='bbox 248 2445 396 2510; x_wconf 71' lang='grc' dir='ltr'>βουνῷ,</span> <span class='ocrx_word' id='word_1_262' title='bbox 423 2440 476 2491; x_wconf 80' lang='grc' dir='ltr'>τὸ</span> <span class='ocrx_word' id='word_1_263' title='bbox 500 2440 619 2491; x_wconf 80' lang='grc' dir='ltr'>κατά</span> <span class='ocrx_word' id='word_1_264' title='bbox 651 2464 694 2491; x_wconf 94' lang='grc' dir='ltr'>τι</span> <span class='ocrx_word' id='word_1_265' title='bbox 724 2445 839 2506; x_wconf 89' lang='grc' dir='ltr'>γοῦν</span> <span class='ocrx_word' id='word_1_266' title='bbox 865 2439 987 2493; x_wconf 80' lang='grc' dir='ltr'>ὅλως</span> <span class='ocrx_word' id='word_1_267' title='bbox 1014 2443 1179 2490; x_wconf 91' lang='grc' dir='ltr'>λυπεῖν</span> <span class='ocrx_word' id='word_1_268' title='bbox 1206 2437 1377 2498; x_wconf 75' lang='grc' dir='ltr'>εἰωθὸς,</span> <span class='ocrx_word' id='word_1_269' title='bbox 1402 2440 1438 2487; x_wconf 80' lang='grc' dir='ltr'>εἰ</span> <span class='ocrx_word' id='word_1_270' title='bbox 1463 2441 1677 2502; x_wconf 85' lang='grc' dir='ltr'>πληροῦν</span> 
     </span>
     <span class='ocr_line' id='line_1_29' title="bbox 102 2517 1684 2587; baseline -0.002 -16"><span class='ocrx_word' id='word_1_271' title='bbox 102 2521 282 2572; x_wconf 80' lang='grc' dir='ltr'>ἕλοιντο</span> <span class='ocrx_word' id='word_1_272' title='bbox 332 2526 426 2575; x_wconf 90' lang='grc' dir='ltr'>τοῖς</span> <span class='ocrx_word' id='word_1_273' title='bbox 474 2527 702 2587; x_wconf 88' lang='grc' dir='ltr'>γλυπτοῖς</span> <span class='ocrx_word' id='word_1_274' title='bbox 752 2520 811 2572; x_wconf 80' lang='grc' dir='ltr'>τὰ</span> <span class='ocrx_word' id='word_1_275' title='bbox 871 2520 1190 2583; x_wconf 85' lang='grc' dir='ltr'>νενομισμένα.</span> <span class='ocrx_word' id='word_1_276' title='bbox 1263 2518 1371 2569; x_wconf 87' lang='grc' dir='ltr'>ἀλλ’</span> <span class='ocrx_word' id='word_1_277' title='bbox 1417 2517 1684 2582; x_wconf 83' lang='grc' dir='ltr'>ἠπάτηνταί</span> 
     </span>
     <span class='ocr_line' id='line_1_30' title="bbox 103 2599 1679 2670; baseline -0.003 -16"><span class='ocrx_word' id='word_1_278' title='bbox 103 2606 226 2670; x_wconf 89' lang='grc' dir='ltr'>φησι</span> <span class='ocrx_word' id='word_1_279' title='bbox 260 2605 334 2654; x_wconf 81' lang='grc' dir='ltr'>καὶ</span> <span class='ocrx_word' id='word_1_280' title='bbox 374 2601 717 2668; x_wconf 87' lang='grc' dir='ltr'>διημαρτήκασι</span> <span class='ocrx_word' id='word_1_281' title='bbox 754 2605 835 2665; x_wconf 84' lang='grc' dir='ltr'>τῆς</span> <span class='ocrx_word' id='word_1_282' title='bbox 873 2603 1074 2655; x_wconf 88' lang='grc' dir='ltr'>ἐλπίδος.</span> <span class='ocrx_word' id='word_1_283' title='bbox 1143 2603 1335 2669; x_wconf 85' lang='grc' dir='ltr'>ἀφῖκται</span> <span class='ocrx_word' id='word_1_284' title='bbox 1372 2599 1465 2667; x_wconf 80' lang='grc' dir='ltr'>γὰρ</span> <span class='ocrx_word' id='word_1_285' title='bbox 1504 2599 1558 2664; x_wconf 86' lang='grc' dir='ltr'>δὴ</span> <span class='ocrx_word' id='word_1_286' title='bbox 1592 2600 1679 2651; x_wconf 87' lang='grc' dir='ltr'>πό-</span> 
     </span>
    </p>

    <p class='ocr_par' dir='ltr' id='par_1_5' title="bbox 34 2681 1679 2833">
     <span class='ocr_line' id='line_1_31' title="bbox 34 2681 1679 2748; baseline -0.001 -15"><span class='ocrx_word' id='word_1_287' title='bbox 34 2702 85 2738; x_wconf 87' lang='lat'>30</span> <span class='ocrx_word' id='word_1_288' title='bbox 103 2689 244 2747; x_wconf 90' lang='grc' dir='ltr'>λεμος</span> <span class='ocrx_word' id='word_1_289' title='bbox 270 2685 337 2735; x_wconf 84' lang='grc' dir='ltr'>ἐπ’</span> <span class='ocrx_word' id='word_1_290' title='bbox 367 2682 547 2741; x_wconf 76' lang='grc' dir='ltr'>αὐτοὺς,</span> <span class='ocrx_word' id='word_1_291' title='bbox 575 2681 759 2737; x_wconf 57' lang='grc' dir='ltr'>ἀδικίας</span> <span class='ocrx_word' id='word_1_292' title='bbox 785 2682 922 2737; x_wconf 79' lang='grc' dir='ltr'>ὄντας</span> <span class='ocrx_word' id='word_1_293' title='bbox 952 2682 1098 2741; x_wconf 68' lang='grc' dir='ltr'>τέκνα,</span> <span class='ocrx_word' id='word_1_294' title='bbox 1127 2685 1200 2732; x_wconf 78' lang='grc' dir='ltr'>καὶ</span> <span class='ocrx_word' id='word_1_295' title='bbox 1236 2681 1310 2732; x_wconf 76' lang='grc' dir='ltr'>διὰ</span> <span class='ocrx_word' id='word_1_296' title='bbox 1343 2683 1504 2748; x_wconf 87' lang='grc' dir='ltr'>πείρας</span> <span class='ocrx_word' id='word_1_297' title='bbox 1539 2683 1679 2746; x_wconf 80' lang='grc' dir='ltr'>αὐτῆς</span> 
     </span>
     <span class='ocr_line' id='line_1_32' title="bbox 103 2762 1678 2833; baseline -0.001 -17"><span class='ocrx_word' id='word_1_298' title='bbox 103 2762 473 2827; x_wconf 60' lang='grc' dir='ltr'>παιδευθήσονται,</span> <span class='ocrx_word' id='word_1_299' title='bbox 503 2763 669 2831; x_wconf 80' lang='grc' dir='ltr'>πικρὸν</span> <span class='ocrx_word' id='word_1_300' title='bbox 707 2764 777 2815; x_wconf 76' lang='grc' dir='ltr'>ὅτι</span> <span class='ocrx_word' id='word_1_301' title='bbox 814 2763 867 2815; x_wconf 83' lang='grc' dir='ltr'>τὸ</span> <span class='ocrx_word' id='word_1_302' title='bbox 902 2764 1096 2833; x_wconf 76' lang='grc' dir='ltr'>ἐξήνιον.</span> <span class='ocrx_word' id='word_1_303' title='bbox 1159 2765 1234 2814; x_wconf 81' lang='grc' dir='ltr'>καὶ</span> <span class='ocrx_word' id='word_1_304' title='bbox 1267 2764 1383 2817; x_wconf 87' lang='grc' dir='ltr'>τίνες</span> <span class='ocrx_word' id='word_1_305' title='bbox 1415 2762 1471 2814; x_wconf 81' lang='grc' dir='ltr'>ἂν</span> <span class='ocrx_word' id='word_1_306' title='bbox 1509 2762 1609 2827; x_wconf 80' lang='grc' dir='ltr'>εἶεν,</span> <span class='ocrx_word' id='word_1_307' title='bbox 1636 2767 1678 2815; x_wconf 82' lang='grc' dir='ltr'>οἱ</span> 
     </span>
    </p>

    <p class='ocr_par' dir='ltr' id='par_1_6' title="bbox 155 2889 1679 2948">
     <span class='ocr_line' id='line_1_33' title="bbox 155 2889 1679 2948; baseline -0.001 -12"><span class='ocrx_word' id='word_1_308' title='bbox 155 2913 186 2936; x_wconf 92' lang='lat'>1.</span> <span class='ocrx_word' id='word_1_309' title='bbox 212 2901 453 2948; x_wconf 81' lang='grc' dir='ltr'>συνεβούλευε]</span> <span class='ocrx_word' id='word_1_310' title='bbox 474 2889 725 2943; x_wconf 75' lang='grc' dir='ltr'>συνεβούλευσε</span> <span class='ocrx_word' id='word_1_311' title='bbox 744 2901 835 2936; x_wconf 88' lang='lat' dir='ltr'><strong>Edd.</strong></span> <span class='ocrx_word' id='word_1_312' title='bbox 883 2900 960 2948; x_wconf 84' lang='grc' dir='ltr'>μὲν]</span> <span class='ocrx_word' id='word_1_313' title='bbox 981 2906 1017 2942; x_wconf 61' lang='lat'>4-</span> <span class='ocrx_word' id='word_1_314' title='bbox 1033 2902 1099 2947; x_wconf 82' lang='grc' dir='ltr'>γὰρ</span> <span class='ocrx_word' id='word_1_315' title='bbox 1118 2902 1164 2936; x_wconf 92' lang='lat' dir='ltr'>D.</span> <span class='ocrx_word' id='word_1_316' title='bbox 1356 2912 1387 2936; x_wconf 89' lang='lat'>2.</span> <span class='ocrx_word' id='word_1_317' title='bbox 1413 2900 1601 2947; x_wconf 82' lang='grc' dir='ltr'>ἀπέχεσθαι</span> <span class='ocrx_word' id='word_1_318' title='bbox 1618 2900 1679 2935; x_wconf 87' lang='lat' dir='ltr'>iid.</span> 
     </span>
    </p>
   </div>
   <div class='ocr_carea' id='block_1_3' title="bbox 105 2947 1678 3041">
    <p class='ocr_par' dir='ltr' id='par_1_7' title="bbox 105 2947 1678 3041">
     <span class='ocr_line' id='line_1_34' title="bbox 105 2947 1678 2995; baseline 0 -13"><span class='ocrx_word' id='word_1_319' title='bbox 105 2958 140 2994; x_wconf 88' lang='lat'>5.</span> <span class='ocrx_word' id='word_1_320' title='bbox 166 2949 219 2994; x_wconf 84' lang='grc' dir='ltr'>δὴ]</span> <span class='ocrx_word' id='word_1_321' title='bbox 240 2953 276 2989; x_wconf 80' lang='lat'>-†-</span> <span class='ocrx_word' id='word_1_322' title='bbox 293 2949 332 2982; x_wconf 81' lang='grc' dir='ltr'>οὐ</span> <span class='ocrx_word' id='word_1_323' title='bbox 349 2949 407 2983; x_wconf 86' lang='lat' dir='ltr'>iid.</span> <span class='ocrx_word' id='word_1_324' title='bbox 535 2950 568 2984; x_wconf 88' lang='lat'>8.</span> <span class='ocrx_word' id='word_1_325' title='bbox 593 2953 735 2995; x_wconf 79' lang='grc' dir='ltr'>γνῶντες</span> <span class='ocrx_word' id='word_1_326' title='bbox 752 2948 810 2983; x_wconf 81' lang='lat' dir='ltr'>iid.</span> <span class='ocrx_word' id='word_1_327' title='bbox 955 2960 967 2983; x_wconf 89' lang='lat'>1</span> <span class='ocrx_word' id='word_1_328' title='bbox 979 2960 1007 2983; x_wconf 93' lang='lat'>1.</span> <span class='ocrx_word' id='word_1_329' title='bbox 1034 2948 1134 2994; x_wconf 84' lang='grc' dir='ltr'>ἡμᾶς]</span> <span class='ocrx_word' id='word_1_330' title='bbox 1154 2953 1191 2989; x_wconf 65' lang='lat'>4-</span> <span class='ocrx_word' id='word_1_331' title='bbox 1206 2948 1240 2983; x_wconf 81' lang='grc' dir='ltr'>ἐν</span> <span class='ocrx_word' id='word_1_332' title='bbox 1257 2947 1316 2983; x_wconf 80' lang='lat' dir='ltr'>iid.</span> <span class='ocrx_word' id='word_1_333' title='bbox 1444 2960 1500 2983; x_wconf 86' lang='lat'>21.</span> <span class='ocrx_word' id='word_1_334' title='bbox 1525 2949 1606 2984; x_wconf 80' lang='grc' dir='ltr'>αὐτό</span> <span class='ocrx_word' id='word_1_335' title='bbox 1624 2947 1678 2993; x_wconf 84' lang='grc' dir='ltr'>τε]</span> 
     </span>
     <span class='ocr_line' id='line_1_35' title="bbox 107 2993 1509 3041; baseline 0 -11"><span class='ocrx_word' id='word_1_336' title='bbox 107 2996 188 3031; x_wconf 81' lang='grc' dir='ltr'>αὐτό</span> <span class='ocrx_word' id='word_1_337' title='bbox 205 3010 236 3030; x_wconf 86' lang='grc' dir='ltr'>τι</span> <span class='ocrx_word' id='word_1_338' title='bbox 254 2996 443 3031; x_wconf 84' lang='lat' dir='ltr'><strong>Aubertus.</strong></span> <span class='ocrx_word' id='word_1_339' title='bbox 653 3007 707 3041; x_wconf 86' lang='lat'>31.</span> <span class='ocrx_word' id='word_1_340' title='bbox 734 2993 868 3041; x_wconf 80' lang='grc' dir='ltr'>πικρὸν]</span> <span class='ocrx_word' id='word_1_341' title='bbox 887 2997 1003 3041; x_wconf 85' lang='grc' dir='ltr'>μικρὸν</span> <span class='ocrx_word' id='word_1_342' title='bbox 1021 2995 1067 3030; x_wconf 88' lang='lat' dir='ltr'>D.</span> <span class='ocrx_word' id='word_1_343' title='bbox 1118 2996 1148 3030; x_wconf 85' lang='grc' dir='ltr'>οἱ</span> <span class='ocrx_word' id='word_1_344' title='bbox 1166 3001 1384 3041; x_wconf 80' lang='lat' dir='ltr'><strong>assumptum</strong></span> <span class='ocrx_word' id='word_1_345' title='bbox 1403 3007 1443 3031; x_wconf 85' lang='lat' dir='ltr'>ex</span> <span class='ocrx_word' id='word_1_346' title='bbox 1463 2996 1509 3030; x_wconf 88' lang='lat' dir='ltr'>D.</span> 
     </span>
    </p>
   </div>
  </div>
 </body>
</html>
