<?xml version="1.0" encoding="UTF-8"?>
<!DOCTYPE html PUBLIC "-//W3C//DTD XHTML 1.0 Transitional//EN"
    "http://www.w3.org/TR/xhtml1/DTD/xhtml1-transitional.dtd">
<html xmlns="http://www.w3.org/1999/xhtml" xml:lang="en" lang="en">
 <head>
  <title>
</title>
<meta http-equiv="Content-Type" content="text/html;charset=utf-8" />
  <meta name='ocr-system' content='tesseract 3.04.00' />
  <meta name='ocr-capabilities' content='ocr_page ocr_carea ocr_par ocr_line ocrx_word'/>
</head>
<body>
  <div class='ocr_page' id='page_1' title='image "./operacyrilli01cyriuoft/operacyrilli01cyriuoft_0538.png"; bbox 0 0 2021 3434; ppageno 0'>
   <div class='ocr_carea' id='block_1_1' title="bbox 268 183 1835 226">
    <p class='ocr_par' dir='ltr' id='par_1_1' title="bbox 268 183 1835 226">
     <span class='ocr_line' id='line_1_1' title="bbox 268 183 1835 226; baseline 0 -5"><span class='ocrx_word' id='word_1_1' title='bbox 268 183 352 222; x_wconf 80' lang='lat'>492</span> <span class='ocrx_word' id='word_1_2' title='bbox 657 185 707 224; x_wconf 91' lang='lat' dir='ltr'>B.</span> <span class='ocrx_word' id='word_1_3' title='bbox 751 184 1030 225; x_wconf 86' lang='lat' dir='ltr'>CYRILLI</span> <span class='ocrx_word' id='word_1_4' title='bbox 1080 186 1459 226; x_wconf 86' lang='lat' dir='ltr'><strong>ALEXANDR.</strong></span> <span class='ocrx_word' id='word_1_5' title='bbox 1690 184 1744 224; x_wconf 84' lang='lat' dir='ltr'>vi.</span> <span class='ocrx_word' id='word_1_6' title='bbox 1773 194 1835 222; x_wconf 87' lang='lat'>11.</span> 
     </span>
    </p>
   </div>
   <div class='ocr_carea' id='block_1_2' title="bbox 267 289 1837 443">
    <p class='ocr_par' dir='ltr' id='par_1_2' title="bbox 267 289 1837 443">
     <span class='ocr_line' id='line_1_2' title="bbox 268 289 1837 361; baseline 0.001 -20"><span class='ocrx_word' id='word_1_7' title='bbox 268 289 374 344; x_wconf 78' lang='grc' dir='ltr'>τοὺς</span> <span class='ocrx_word' id='word_1_8' title='bbox 418 290 589 357; x_wconf 75' lang='grc' dir='ltr'>ζῶντας</span> <span class='ocrx_word' id='word_1_9' title='bbox 634 292 699 343; x_wconf 79' lang='grc' dir='ltr'>ε”τι</span> <span class='ocrx_word' id='word_1_10' title='bbox 739 296 814 344; x_wconf 79' lang='grc' dir='ltr'>καὶ</span> <span class='ocrx_word' id='word_1_11' title='bbox 856 296 1288 361; x_wconf 78' lang='grc' dir='ltr'>περιλελειμμένους</span> <span class='ocrx_word' id='word_1_12' title='bbox 1331 296 1359 359; x_wconf 87' lang='grc' dir='ltr'>ἡ</span> <span class='ocrx_word' id='word_1_13' title='bbox 1403 299 1496 346; x_wconf 80' lang='grc' dir='ltr'>τῶν</span> <span class='ocrx_word' id='word_1_14' title='bbox 1534 293 1837 346; x_wconf 86' lang='grc' dir='ltr'>πεπονθότων</span> 
     </span>
     <span class='ocr_line' id='line_1_3' title="bbox 267 371 1837 443; baseline 0.001 -20"><span class='ocrx_word' id='word_1_15' title='bbox 267 371 445 437; x_wconf 86' lang='grc' dir='ltr'>πληγὴ,</span> <span class='ocrx_word' id='word_1_16' title='bbox 479 374 553 423; x_wconf 71' lang='grc' dir='ltr'>καὶ</span> <span class='ocrx_word' id='word_1_17' title='bbox 589 375 779 425; x_wconf 81' lang='grc' dir='ltr'>δεδιέναι</span> <span class='ocrx_word' id='word_1_18' title='bbox 809 376 1134 442; x_wconf 81' lang='grc' dir='ltr'>παρεσκεύασε</span> <span class='ocrx_word' id='word_1_19' title='bbox 1171 377 1224 428; x_wconf 82' lang='grc' dir='ltr'>τὸ</span> <span class='ocrx_word' id='word_1_20' title='bbox 1261 377 1569 443; x_wconf 82' lang='grc' dir='ltr'>προσκρούειν</span> <span class='ocrx_word' id='word_1_21' title='bbox 1607 376 1670 426; x_wconf 78' lang='grc' dir='ltr'>ε”τι</span> <span class='ocrx_word' id='word_1_22' title='bbox 1716 377 1837 443; x_wconf 71' lang='grc' dir='ltr'>Θεῷ,</span> 
     </span>
    </p>
   </div>
   <div class='ocr_carea' id='block_1_3' title="bbox 230 443 2021 1080">
    <p class='ocr_par' dir='ltr' id='par_1_3' title="bbox 230 443 2021 1080">
     <span class='ocr_line' id='line_1_4' title="bbox 268 443 2020 567; baseline 0.001 -65"><span class='ocrx_word' id='word_1_23' title='bbox 268 452 354 503; x_wconf 79' lang='grc' dir='ltr'>κᾶν</span> <span class='ocrx_word' id='word_1_24' title='bbox 378 458 492 518; x_wconf 91' lang='grc' dir='ltr'>γοῦν</span> <span class='ocrx_word' id='word_1_25' title='bbox 523 456 570 505; x_wconf 86' lang='grc' dir='ltr'>ἐν</span> <span class='ocrx_word' id='word_1_26' title='bbox 594 459 757 523; x_wconf 78' lang='grc' dir='ltr'>ψιλοῖς</span> <span class='ocrx_word' id='word_1_27' title='bbox 784 457 923 508; x_wconf 81' lang='grc' dir='ltr'>αὑτὸν</span> <span class='ocrx_word' id='word_1_28' title='bbox 949 462 1279 523; x_wconf 86' lang='grc' dir='ltr'>καταλνπῆσαι</span> <span class='ocrx_word' id='word_1_29' title='bbox 1313 459 1487 524; x_wconf 80' lang='grc' dir='ltr'>λόγοις,</span> <span class='ocrx_word' id='word_1_30' title='bbox 1514 459 1660 507; x_wconf 86' lang='grc' dir='ltr'>καίτοι</span> <span class='ocrx_word' id='word_1_31' title='bbox 1689 456 1839 507; x_wconf 88' lang='grc' dir='ltr'>πάλαι</span> <span class='ocrx_word' id='word_1_32' title='bbox 2013 443 2020 567; x_wconf 54' lang='grc' dir='ltr'>ἰ</span> 
     </span>
     <span class='ocr_line' id='line_1_5' title="bbox 230 536 1839 606; baseline 0.003 -21"><span class='ocrx_word' id='word_1_33' title='bbox 230 537 342 585; x_wconf 75' lang='grc' dir='ltr'>οκαὶ</span> <span class='ocrx_word' id='word_1_34' title='bbox 379 541 516 587; x_wconf 88' lang='grc' dir='ltr'>τοῦτο</span> <span class='ocrx_word' id='word_1_35' title='bbox 560 539 674 602; x_wconf 80' lang='grc' dir='ltr'>δρᾶν</span> <span class='ocrx_word' id='word_1_36' title='bbox 709 539 992 606; x_wconf 77' lang='grc' dir='ltr'>ἀφυλάκτως</span> <span class='ocrx_word' id='word_1_37' title='bbox 1029 540 1258 604; x_wconf 78' lang='grc' dir='ltr'>εἰωθότας,</span> <span class='ocrx_word' id='word_1_38' title='bbox 1296 540 1632 606; x_wconf 81' lang='grc' dir='ltr'>προστιθέντας</span> <span class='ocrx_word' id='word_1_39' title='bbox 1665 536 1711 589; x_wconf 80' lang='grc' dir='ltr'>δὲ</span> <span class='ocrx_word' id='word_1_40' title='bbox 1744 542 1839 590; x_wconf 83' lang='grc' dir='ltr'>τοῖς</span> 
     </span>
     <span class='ocr_line' id='line_1_6' title="bbox 267 571 2021 689; baseline 0 -21"><span class='ocrx_word' id='word_1_41' title='bbox 267 615 428 682; x_wconf 82' lang='grc' dir='ltr'>λόγοις</span> <span class='ocrx_word' id='word_1_42' title='bbox 467 619 540 668; x_wconf 76' lang='grc' dir='ltr'>καὶ</span> <span class='ocrx_word' id='word_1_43' title='bbox 579 619 661 673; x_wconf 83' lang='grc' dir='ltr'>τὰς</span> <span class='ocrx_word' id='word_1_44' title='bbox 707 622 754 670; x_wconf 84' lang='grc' dir='ltr'>ἐν</span> <span class='ocrx_word' id='word_1_45' title='bbox 795 622 950 676; x_wconf 81' lang='grc' dir='ltr'>αὐτοῖς</span> <span class='ocrx_word' id='word_1_46' title='bbox 990 628 1084 676; x_wconf 82' lang='grc' dir='ltr'>τοῖς</span> <span class='ocrx_word' id='word_1_47' title='bbox 1125 623 1403 689; x_wconf 80' lang='grc' dir='ltr'>πράγμασιν</span> <span class='ocrx_word' id='word_1_48' title='bbox 1442 624 1607 686; x_wconf 79' lang='grc' dir='ltr'>ὕβρεις.</span> <span class='ocrx_word' id='word_1_49' title='bbox 1675 621 1880 670; x_wconf 80' lang='grc' dir='ltr'>οὐκοῦν5</span> <span class='ocrx_word' id='word_1_50' title='bbox 2014 571 2021 684; x_wconf 67' lang='lat'><em>¹</em></span> 
     </span>
     <span class='ocr_line' id='line_1_7' title="bbox 265 692 2020 771; baseline 0 -22"><span class='ocrx_word' id='word_1_51' title='bbox 265 698 451 762; x_wconf 75' lang='grc' dir='ltr'>ἄμεινον</span> <span class='ocrx_word' id='word_1_52' title='bbox 484 700 612 766; x_wconf 78' lang='grc' dir='ltr'>παρὰ</span> <span class='ocrx_word' id='word_1_53' title='bbox 650 702 776 753; x_wconf 74' lang='grc' dir='ltr'>πολὺ</span> <span class='ocrx_word' id='word_1_54' title='bbox 811 709 903 757; x_wconf 81' lang='grc' dir='ltr'>τοῖς</span> <span class='ocrx_word' id='word_1_55' title='bbox 945 728 998 771; x_wconf 87' lang='grc' dir='ltr'>γε</span> <span class='ocrx_word' id='word_1_56' title='bbox 1039 706 1227 770; x_wconf 82' lang='grc' dir='ltr'>ἀληθῶς</span> <span class='ocrx_word' id='word_1_57' title='bbox 1270 708 1462 771; x_wconf 81' lang='grc' dir='ltr'>ἀγαθοῖς</span> <span class='ocrx_word' id='word_1_58' title='bbox 1500 705 1574 754; x_wconf 77' lang='grc' dir='ltr'>καὶ</span> <span class='ocrx_word' id='word_1_59' title='bbox 1612 702 1839 770; x_wconf 84' lang='grc' dir='ltr'>σώφροσι</span> <span class='ocrx_word' id='word_1_60' title='bbox 2014 692 2020 754; x_wconf 52' lang='lat'><em>³</em></span> 
     </span>
     <span class='ocr_line' id='line_1_8' title="bbox 264 780 2018 858; baseline 0.001 -27"><span class='ocrx_word' id='word_1_61' title='bbox 264 780 357 847; x_wconf 79' lang='grc' dir='ltr'>πρὸ</span> <span class='ocrx_word' id='word_1_62' title='bbox 393 785 580 848; x_wconf 82' lang='grc' dir='ltr'>πληγῆς</span> <span class='ocrx_word' id='word_1_63' title='bbox 615 787 689 834; x_wconf 76' lang='grc' dir='ltr'>καὶ</span> <span class='ocrx_word' id='word_1_64' title='bbox 733 785 965 851; x_wconf 88' lang='grc' dir='ltr'>μάστιγος</span> <span class='ocrx_word' id='word_1_65' title='bbox 1004 789 1077 838; x_wconf 81' lang='grc' dir='ltr'>ἐπὶ</span> <span class='ocrx_word' id='word_1_66' title='bbox 1120 787 1205 851; x_wconf 85' lang='grc' dir='ltr'>τὴν</span> <span class='ocrx_word' id='word_1_67' title='bbox 1245 793 1327 838; x_wconf 87' lang='grc' dir='ltr'>τοῦ</span> <span class='ocrx_word' id='word_1_68' title='bbox 1365 785 1689 855; x_wconf 78' lang='grc' dir='ltr'>συμφέροντος</span> <span class='ocrx_word' id='word_1_69' title='bbox 1728 784 1839 858; x_wconf 77' lang='grc' dir='ltr'>ἰέναι</span> <span class='ocrx_word' id='word_1_70' title='bbox 2013 789 2018 851; x_wconf 62' lang='lat'>1</span> 
     </span>
     <span class='ocr_line' id='line_1_9' title="bbox 267 863 2018 937; baseline -0.004 -21"><span class='ocrx_word' id='word_1_71' title='bbox 267 863 427 929; x_wconf 82' lang='grc' dir='ltr'>θήραν,</span> <span class='ocrx_word' id='word_1_72' title='bbox 470 867 543 915; x_wconf 80' lang='grc' dir='ltr'>καὶ</span> <span class='ocrx_word' id='word_1_73' title='bbox 586 866 771 934; x_wconf 81' lang='grc' dir='ltr'>φθάσαι</span> <span class='ocrx_word' id='word_1_74' title='bbox 812 868 897 932; x_wconf 85' lang='grc' dir='ltr'>τὴν</span> <span class='ocrx_word' id='word_1_75' title='bbox 940 874 1104 935; x_wconf 82' lang='grc' dir='ltr'>πεῖραν</span> <span class='ocrx_word' id='word_1_76' title='bbox 1146 875 1240 920; x_wconf 81' lang='grc' dir='ltr'>τῶν</span> <span class='ocrx_word' id='word_1_77' title='bbox 1289 869 1345 937; x_wconf 74' lang='grc' dir='ltr'>ἐξ</span> <span class='ocrx_word' id='word_1_78' title='bbox 1389 870 1531 934; x_wconf 84' lang='grc' dir='ltr'>ὀργῆς</span> <span class='ocrx_word' id='word_1_79' title='bbox 1578 866 1839 930; x_wconf 89' lang='grc' dir='ltr'>κινημάτων</span> <span class='ocrx_word' id='word_1_80' title='bbox 2015 868 2018 909; x_wconf 56' lang='grc' dir='ltr'><strong>ἓ</strong></span> 
     </span>
     <span class='ocr_line' id='line_1_10' title="bbox 266 930 2018 1018; baseline 0.001 -22"><span class='ocrx_word' id='word_1_81' title='bbox 266 947 620 1015; x_wconf 85' lang='grc' dir='ltr'>ἀποφοιτῶντας</span> <span class='ocrx_word' id='word_1_82' title='bbox 665 949 974 1016; x_wconf 87' lang='grc' dir='ltr'>φαυλότητος,</span> <span class='ocrx_word' id='word_1_83' title='bbox 1020 954 1093 1002; x_wconf 73' lang='grc' dir='ltr'>καὶ</span> <span class='ocrx_word' id='word_1_84' title='bbox 1137 956 1393 1018; x_wconf 83' lang='grc' dir='ltr'>κατορθοῦν</span> <span class='ocrx_word' id='word_1_85' title='bbox 1430 951 1684 1018; x_wconf 85' lang='grc' dir='ltr'>ᾑρημένους</span> <span class='ocrx_word' id='word_1_86' title='bbox 1720 948 1839 1016; x_wconf 81' lang='grc' dir='ltr'>ἅπερ</span> <span class='ocrx_word' id='word_1_87' title='bbox 2013 930 2018 1014; x_wconf 50' lang='grc' dir='ltr'>ἔ</span> 
     </span>
     <span class='ocr_line' id='line_1_11' title="bbox 2013 1054 2017 1080; baseline 0 0"><span class='ocrx_word' id='word_1_88' title='bbox 2013 1054 2017 1080; x_wconf 79' lang='grc' dir='ltr'>ι</span> 
     </span>
    </p>
   </div>
   <div class='ocr_carea' id='block_1_4' title="bbox 264 1027 1908 1104">
    <p class='ocr_par' dir='ltr' id='par_1_4' title="bbox 264 1027 1908 1104">
     <span class='ocr_line' id='line_1_12' title="bbox 264 1027 1908 1104; baseline 0.006 -26"><span class='ocrx_word' id='word_1_89' title='bbox 264 1027 450 1079; x_wconf 83' lang='grc' dir='ltr'>ἁνδάνοι</span> <span class='ocrx_word' id='word_1_90' title='bbox 490 1029 606 1080; x_wconf 79' lang='grc' dir='ltr'>κατὰ</span> <span class='ocrx_word' id='word_1_91' title='bbox 645 1030 698 1081; x_wconf 84' lang='grc' dir='ltr'>τὸ</span> <span class='ocrx_word' id='word_1_92' title='bbox 737 1031 909 1096; x_wconf 75' lang='grc' dir='ltr'>ἀληθὲς</span> <span class='ocrx_word' id='word_1_93' title='bbox 947 1038 1012 1103; x_wconf 76' lang='grc' dir='ltr'>τῷ</span> <span class='ocrx_word' id='word_1_94' title='bbox 1045 1034 1259 1104; x_wconf 79' lang='grc' dir='ltr'>παναγίῳ</span> <span class='ocrx_word' id='word_1_95' title='bbox 1295 1037 1419 1102; x_wconf 71' lang='grc' dir='ltr'>Θεῷ.</span> <span class='ocrx_word' id='word_1_96' title='bbox 1861 1056 1908 1081; x_wconf 85' lang='lat'>10</span> 
     </span>
    </p>
   </div>
   <div class='ocr_carea' id='block_1_5' title="bbox 200 1277 1835 1337">
    <p class='ocr_par' dir='ltr' id='par_1_5' title="bbox 200 1277 1835 1337">
     <span class='ocr_line' id='line_1_13' title="bbox 200 1277 1835 1337; baseline 0.003 -19"><span class='ocrx_word' id='word_1_97' title='bbox 200 1289 241 1313; x_wconf 93' lang='lat'>11</span> <span class='ocrx_word' id='word_1_98' title='bbox 264 1278 380 1320; x_wconf 76' lang='grc' dir='ltr'>Διότι</span> <span class='ocrx_word' id='word_1_99' title='bbox 418 1277 506 1321; x_wconf 74' lang='grc' dir='ltr'>ἰδοὺ</span> <span class='ocrx_word' id='word_1_100' title='bbox 548 1281 692 1337; x_wconf 70' lang='grc' dir='ltr'>Κύριος</span> <span class='ocrx_word' id='word_1_101' title='bbox 729 1282 984 1334; x_wconf 68' lang='grc' dir='ltr'>ἐντέλλεται,</span> <span class='ocrx_word' id='word_1_102' title='bbox 1021 1285 1087 1325; x_wconf 81' lang='grc' dir='ltr'>καὶ</span> <span class='ocrx_word' id='word_1_103' title='bbox 1122 1285 1300 1327; x_wconf 61' lang='lat' dir='ltr'>nom-diet</span> <span class='ocrx_word' id='word_1_104' title='bbox 1336 1286 1408 1326; x_wconf 81' lang='grc' dir='ltr'>τὸν</span> <span class='ocrx_word' id='word_1_105' title='bbox 1446 1280 1561 1325; x_wconf 75' lang='grc' dir='ltr'>οἶκον</span> <span class='ocrx_word' id='word_1_106' title='bbox 1599 1284 1670 1325; x_wconf 84' lang='grc' dir='ltr'>τὸν</span> <span class='ocrx_word' id='word_1_107' title='bbox 1708 1284 1835 1331; x_wconf 65' lang='grc' dir='ltr'>μὲι-αν</span> 
     </span>
    </p>
   </div>
   <div class='ocr_carea' id='block_1_6' title="bbox 221 1361 1400 1424">
    <p class='ocr_par' dir='ltr' id='par_1_6' title="bbox 221 1361 1400 1424">
     <span class='ocr_line' id='line_1_14' title="bbox 221 1361 1400 1424; baseline 0.006 -23"><span class='ocrx_word' id='word_1_108' title='bbox 221 1363 248 1403; x_wconf 88' lang='lat' dir='ltr'>d</span> <span class='ocrx_word' id='word_1_109' title='bbox 333 1363 552 1414; x_wconf 79' lang='grc' dir='ltr'>Θλάσμασι,</span> <span class='ocrx_word' id='word_1_110' title='bbox 581 1364 648 1404; x_wconf 71' lang='grc' dir='ltr'>καὶ</span> <span class='ocrx_word' id='word_1_111' title='bbox 674 1364 746 1406; x_wconf 82' lang='grc' dir='ltr'>τὸν</span> <span class='ocrx_word' id='word_1_112' title='bbox 773 1361 889 1407; x_wconf 75' lang='grc' dir='ltr'>οἶκον</span> <span class='ocrx_word' id='word_1_113' title='bbox 915 1367 987 1408; x_wconf 81' lang='grc' dir='ltr'>τὸν</span> <span class='ocrx_word' id='word_1_114' title='bbox 1014 1367 1161 1424; x_wconf 80' lang='grc' dir='ltr'>μικρὸν</span> <span class='ocrx_word' id='word_1_115' title='bbox 1188 1369 1400 1424; x_wconf 55' lang='lat' dir='ltr'>{mmmmm</span> 
     </span>
    </p>
   </div>
   <div class='ocr_carea' id='block_1_7' title="bbox 223 1498 1905 2555">
    <p class='ocr_par' dir='ltr' id='par_1_7' title="bbox 259 1498 1905 2146">
     <span class='ocr_line' id='line_1_15' title="bbox 335 1498 1836 1567; baseline 0.006 -20"><span class='ocrx_word' id='word_1_116' title='bbox 335 1498 644 1550; x_wconf 77' lang='grc' dir='ltr'>Ἀλώσεσθαι</span> <span class='ocrx_word' id='word_1_117' title='bbox 678 1500 775 1564; x_wconf 71' lang='grc' dir='ltr'>μὲν,</span> <span class='ocrx_word' id='word_1_118' title='bbox 803 1506 992 1563; x_wconf 84' lang='grc' dir='ltr'>μᾶλλον</span> <span class='ocrx_word' id='word_1_119' title='bbox 1027 1503 1074 1555; x_wconf 77' lang='grc' dir='ltr'>δὲ</span> <span class='ocrx_word' id='word_1_120' title='bbox 1106 1505 1388 1556; x_wconf 80' lang='grc' dir='ltr'>ἀπολεῖσθαι</span> <span class='ocrx_word' id='word_1_121' title='bbox 1414 1505 1574 1557; x_wconf 88' lang='grc' dir='ltr'>πόλεις</span> <span class='ocrx_word' id='word_1_122' title='bbox 1600 1505 1716 1567; x_wconf 82' lang='grc' dir='ltr'>ὁμοῦ</span> <span class='ocrx_word' id='word_1_123' title='bbox 1741 1509 1836 1556; x_wconf 82' lang='grc' dir='ltr'>τοῖς</span> 
     </span>
     <span class='ocr_line' id='line_1_16' title="bbox 262 1582 1836 1653; baseline 0.004 -23"><span class='ocrx_word' id='word_1_124' title='bbox 262 1586 557 1631; x_wconf 86' lang='grc' dir='ltr'>κατοικοῦσιν</span> <span class='ocrx_word' id='word_1_125' title='bbox 593 1582 748 1646; x_wconf 78' lang='grc' dir='ltr'>αὑτὰς,</span> <span class='ocrx_word' id='word_1_126' title='bbox 786 1584 1042 1649; x_wconf 86' lang='grc' dir='ltr'>ἠπείλησεν</span> <span class='ocrx_word' id='word_1_127' title='bbox 1081 1588 1300 1653; x_wconf 80' lang='grc' dir='ltr'>ἐναργῶς.</span> <span class='ocrx_word' id='word_1_128' title='bbox 1364 1586 1434 1637; x_wconf 80' lang='grc' dir='ltr'>ὅτι</span> <span class='ocrx_word' id='word_1_129' title='bbox 1469 1585 1516 1637; x_wconf 80' lang='grc' dir='ltr'>δὲ</span> <span class='ocrx_word' id='word_1_130' title='bbox 1552 1585 1681 1652; x_wconf 82' lang='grc' dir='ltr'>παρὰ</span> <span class='ocrx_word' id='word_1_131' title='bbox 1712 1590 1836 1636; x_wconf 89' lang='grc' dir='ltr'>Θεοῦ</span> 
     </span>
     <span class='ocr_line' id='line_1_17' title="bbox 261 1661 1904 1736; baseline 0.004 -25"><span class='ocrx_word' id='word_1_132' title='bbox 261 1661 315 1712; x_wconf 82' lang='grc' dir='ltr'>τὸ</span> <span class='ocrx_word' id='word_1_133' title='bbox 349 1666 520 1729; x_wconf 82' lang='grc' dir='ltr'>χρῆμα,</span> <span class='ocrx_word' id='word_1_134' title='bbox 557 1666 631 1715; x_wconf 80' lang='grc' dir='ltr'>καὶ</span> <span class='ocrx_word' id='word_1_135' title='bbox 666 1666 748 1716; x_wconf 79' lang='grc' dir='ltr'>οὐκ</span> <span class='ocrx_word' id='word_1_136' title='bbox 786 1666 1055 1729; x_wconf 84' lang='grc' dir='ltr'>αὐτομάτως</span> <span class='ocrx_word' id='word_1_137' title='bbox 1095 1669 1227 1719; x_wconf 75' lang='grc' dir='ltr'>ἔσται</span> <span class='ocrx_word' id='word_1_138' title='bbox 1263 1667 1578 1732; x_wconf 80' lang='grc' dir='ltr'>συμβεβηκὸς,</span> <span class='ocrx_word' id='word_1_139' title='bbox 1617 1673 1841 1736; x_wconf 85' lang='grc' dir='ltr'>σαφηνιεῖ</span> <span class='ocrx_word' id='word_1_140' title='bbox 1859 1688 1904 1727; x_wconf 90' lang='lat'>15</span> 
     </span>
     <span class='ocr_line' id='line_1_18' title="bbox 261 1743 1836 1818; baseline 0.004 -24"><span class='ocrx_word' id='word_1_141' title='bbox 261 1743 369 1794; x_wconf 85' lang='grc' dir='ltr'>λιάν</span> <span class='ocrx_word' id='word_1_142' title='bbox 407 1743 460 1796; x_wconf 80' lang='grc' dir='ltr'>τὸ</span> <span class='ocrx_word' id='word_1_143' title='bbox 501 1746 790 1798; x_wconf 75' lang='grc' dir='ltr'>ἐντέλλεσθαι</span> <span class='ocrx_word' id='word_1_144' title='bbox 830 1747 914 1811; x_wconf 75' lang='grc' dir='ltr'>μὲν</span> <span class='ocrx_word' id='word_1_145' title='bbox 956 1749 1096 1801; x_wconf 81' lang='grc' dir='ltr'>αὐτὸν</span> <span class='ocrx_word' id='word_1_146' title='bbox 1139 1756 1234 1804; x_wconf 84' lang='grc' dir='ltr'>τοῖς</span> <span class='ocrx_word' id='word_1_147' title='bbox 1275 1754 1532 1818; x_wconf 89' lang='grc' dir='ltr'>καταδῃοῦν</span> <span class='ocrx_word' id='word_1_148' title='bbox 1575 1750 1836 1817; x_wconf 80' lang='grc' dir='ltr'>ἰσχύουσιν,</span> 
     </span>
     <span class='ocr_line' id='line_1_19' title="bbox 260 1827 1836 1899; baseline 0.004 -23"><span class='ocrx_word' id='word_1_149' title='bbox 260 1827 456 1880; x_wconf 82' lang='grc' dir='ltr'>ἐκείνους</span> <span class='ocrx_word' id='word_1_150' title='bbox 483 1827 530 1878; x_wconf 73' lang='grc' dir='ltr'>δὲ</span> <span class='ocrx_word' id='word_1_151' title='bbox 557 1831 670 1894; x_wconf 78' lang='grc' dir='ltr'>δρᾶν</span> <span class='ocrx_word' id='word_1_152' title='bbox 693 1830 894 1884; x_wconf 81' lang='grc' dir='ltr'>εὐκόλως</span> <span class='ocrx_word' id='word_1_153' title='bbox 920 1830 1038 1898; x_wconf 84' lang='grc' dir='ltr'>ἅπερ</span> <span class='ocrx_word' id='word_1_154' title='bbox 1064 1831 1121 1882; x_wconf 80' lang='grc' dir='ltr'>ἂν</span> <span class='ocrx_word' id='word_1_155' title='bbox 1149 1834 1173 1883; x_wconf 81' lang='grc' dir='ltr'><em>ὁ</em></span> <span class='ocrx_word' id='word_1_156' title='bbox 1201 1837 1320 1886; x_wconf 80' lang='grc' dir='ltr'>θεῖος</span> <span class='ocrx_word' id='word_1_157' title='bbox 1345 1832 1484 1899; x_wconf 72' lang='grc' dir='ltr'>ὁρίζοι</span> <span class='ocrx_word' id='word_1_158' title='bbox 1508 1832 1665 1896; x_wconf 88' lang='grc' dir='ltr'>θυμός.</span> <span class='ocrx_word' id='word_1_159' title='bbox 1728 1831 1836 1883; x_wconf 73' lang='grc' dir='ltr'>οἶκον</span> 
     </span>
     <span class='ocr_line' id='line_1_20' title="bbox 262 1907 1836 1983; baseline 0.004 -25"><span class='ocrx_word' id='word_1_160' title='bbox 262 1907 311 1959; x_wconf 75' lang='grc' dir='ltr'>δὲ</span> <span class='ocrx_word' id='word_1_161' title='bbox 349 1909 496 1976; x_wconf 68' lang='grc' dir='ltr'>μέγαν</span> <span class='ocrx_word' id='word_1_162' title='bbox 535 1912 610 1960; x_wconf 76' lang='grc' dir='ltr'>καὶ</span> <span class='ocrx_word' id='word_1_163' title='bbox 648 1911 797 1982; x_wconf 45' lang='lat' dir='ltr'>pomp&amp;</span> <span class='ocrx_word' id='word_1_164' title='bbox 828 1911 910 1964; x_wconf 78' lang='grc' dir='ltr'>τὸν</span> <span class='ocrx_word' id='word_1_165' title='bbox 935 1914 1147 1982; x_wconf 75' lang='grc' dir='ltr'>Ἐφραῒμ</span> <span class='ocrx_word' id='word_1_166' title='bbox 1172 1914 1295 1983; x_wconf 89' lang='grc' dir='ltr'>τάχα</span> <span class='ocrx_word' id='word_1_167' title='bbox 1323 1938 1414 1966; x_wconf 88' lang='grc' dir='ltr'>που</span> <span class='ocrx_word' id='word_1_168' title='bbox 1452 1917 1526 1965; x_wconf 80' lang='grc' dir='ltr'>καὶ</span> <span class='ocrx_word' id='word_1_169' title='bbox 1551 1913 1633 1965; x_wconf 76' lang='grc' dir='ltr'>τὸν</span> <span class='ocrx_word' id='word_1_170' title='bbox 1657 1913 1836 1964; x_wconf 79' lang='grc' dir='ltr'>Ἰούδαν</span> 
     </span>
     <span class='ocr_line' id='line_1_21' title="bbox 260 1992 1835 2066; baseline 0.004 -25"><span class='ocrx_word' id='word_1_171' title='bbox 260 1992 502 2042; x_wconf 82' lang='grc' dir='ltr'>ἀποκαλεῖ.</span> <span class='ocrx_word' id='word_1_172' title='bbox 569 1993 939 2061; x_wconf 87' lang='grc' dir='ltr'>πολυάνθρωπος</span> <span class='ocrx_word' id='word_1_173' title='bbox 969 1995 1053 2059; x_wconf 76' lang='grc' dir='ltr'>μὲν</span> <span class='ocrx_word' id='word_1_174' title='bbox 1079 1996 1171 2063; x_wconf 78' lang='grc' dir='ltr'>γὰρ</span> <span class='ocrx_word' id='word_1_175' title='bbox 1205 1998 1229 2047; x_wconf 87' lang='grc' dir='ltr'><strong>ὁ</strong></span> <span class='ocrx_word' id='word_1_176' title='bbox 1254 1997 1477 2066; x_wconf 75' lang='grc' dir='ltr'>Ἐφραῒμ,</span> <span class='ocrx_word' id='word_1_177' title='bbox 1504 1998 1566 2050; x_wconf 88' lang='grc' dir='ltr'>ὡς</span> <span class='ocrx_word' id='word_1_178' title='bbox 1590 1998 1638 2047; x_wconf 86' lang='grc' dir='ltr'>ἐν</span> <span class='ocrx_word' id='word_1_179' title='bbox 1664 2001 1835 2063; x_wconf 81' lang='grc' dir='ltr'>φυλαῖς</span> 
     </span>
     <span class='ocr_line' id='line_1_22' title="bbox 259 2075 1905 2146; baseline 0.002 -23"><span class='ocrx_word' id='word_1_180' title='bbox 259 2075 565 2139; x_wconf 86' lang='grc' dir='ltr'>μετρούμενος</span> <span class='ocrx_word' id='word_1_181' title='bbox 602 2075 723 2126; x_wconf 79' lang='grc' dir='ltr'>δέκα·</span> <span class='ocrx_word' id='word_1_182' title='bbox 763 2076 980 2145; x_wconf 85' lang='grc' dir='ltr'>ταύτῃτοι</span> <span class='ocrx_word' id='word_1_183' title='bbox 1018 2080 1093 2129; x_wconf 83' lang='grc' dir='ltr'>καὶ</span> <span class='ocrx_word' id='word_1_184' title='bbox 1131 2076 1280 2146; x_wconf 69' lang='grc' dir='ltr'>μέγας</span> <span class='ocrx_word' id='word_1_185' title='bbox 1321 2078 1448 2134; x_wconf 74' lang='grc' dir='ltr'>οἶκος.</span> <span class='ocrx_word' id='word_1_186' title='bbox 1511 2080 1651 2142; x_wconf 88' lang='grc' dir='ltr'>μείων</span> <span class='ocrx_word' id='word_1_187' title='bbox 1689 2075 1835 2143; x_wconf 85' lang='grc' dir='ltr'>γεμὴν</span> <span class='ocrx_word' id='word_1_188' title='bbox 1856 2100 1905 2124; x_wconf 88' lang='lat'>20</span> 
     </span>
    </p>

    <p class='ocr_par' dir='ltr' id='par_1_8' title="bbox 223 2155 1829 2308">
     <span class='ocr_line' id='line_1_23' title="bbox 223 2155 1829 2228; baseline 0.004 -23"><span class='ocrx_word' id='word_1_189' title='bbox 223 2156 285 2206; x_wconf 72' lang='grc' dir='ltr'>οἱ)</span> <span class='ocrx_word' id='word_1_190' title='bbox 319 2155 514 2219; x_wconf 86' lang='grc' dir='ltr'>Ἰούδας,</span> <span class='ocrx_word' id='word_1_191' title='bbox 557 2159 617 2210; x_wconf 85' lang='grc' dir='ltr'>ὡς</span> <span class='ocrx_word' id='word_1_192' title='bbox 652 2158 699 2208; x_wconf 69' lang='grc' dir='ltr'>ε”ν</span> <span class='ocrx_word' id='word_1_193' title='bbox 737 2182 790 2223; x_wconf 89' lang='grc' dir='ltr'>γε</span> <span class='ocrx_word' id='word_1_194' title='bbox 829 2161 979 2210; x_wconf 86' lang='grc' dir='ltr'>δυσίν·</span> <span class='ocrx_word' id='word_1_195' title='bbox 1020 2159 1156 2215; x_wconf 81' lang='grc' dir='ltr'>αὐτὸς</span> <span class='ocrx_word' id='word_1_196' title='bbox 1194 2160 1286 2228; x_wconf 78' lang='grc' dir='ltr'>γὰρ</span> <span class='ocrx_word' id='word_1_197' title='bbox 1324 2161 1380 2227; x_wconf 82' lang='grc' dir='ltr'>ἧν</span> <span class='ocrx_word' id='word_1_198' title='bbox 1417 2163 1465 2213; x_wconf 86' lang='grc' dir='ltr'>ἐν</span> <span class='ocrx_word' id='word_1_199' title='bbox 1499 2166 1594 2215; x_wconf 84' lang='grc' dir='ltr'>τοῖς</span> <span class='ocrx_word' id='word_1_200' title='bbox 1625 2162 1829 2227; x_wconf 88' lang='grc' dir='ltr'>Ἱεροσο-</span> 
     </span>
     <span class='ocr_line' id='line_1_24' title="bbox 260 2237 951 2308; baseline 0.009 -21"><span class='ocrx_word' id='word_1_201' title='bbox 260 2237 439 2301; x_wconf 84' lang='grc' dir='ltr'>λύμοις,</span> <span class='ocrx_word' id='word_1_202' title='bbox 465 2241 538 2289; x_wconf 78' lang='grc' dir='ltr'>καὶ</span> <span class='ocrx_word' id='word_1_203' title='bbox 563 2238 694 2308; x_wconf 88' lang='grc' dir='ltr'>φυλὴ</span> <span class='ocrx_word' id='word_1_204' title='bbox 721 2242 951 2304; x_wconf 88' lang='grc' dir='ltr'>Βενιαμίν.</span> 
     </span>
    </p>

    <p class='ocr_par' dir='ltr' id='par_1_9' title="bbox 260 2320 1899 2555">
     <span class='ocr_line' id='line_1_25' title="bbox 333 2320 1834 2393; baseline 0.005 -23"><span class='ocrx_word' id='word_1_205' title='bbox 333 2320 539 2371; x_wconf 85' lang='grc' dir='ltr'>Ἐννοεῖν</span> <span class='ocrx_word' id='word_1_206' title='bbox 580 2320 628 2372; x_wconf 77' lang='grc' dir='ltr'>δὲ</span> <span class='ocrx_word' id='word_1_207' title='bbox 677 2323 952 2387; x_wconf 86' lang='grc' dir='ltr'>ἀκόλουθον,</span> <span class='ocrx_word' id='word_1_208' title='bbox 996 2324 1065 2375; x_wconf 79' lang='grc' dir='ltr'>ὅτι</span> <span class='ocrx_word' id='word_1_209' title='bbox 1109 2323 1162 2375; x_wconf 83' lang='grc' dir='ltr'>τὸ</span> <span class='ocrx_word' id='word_1_210' title='bbox 1204 2324 1287 2384; x_wconf 75' lang='grc' dir='ltr'>μὲν</span> <span class='ocrx_word' id='word_1_211' title='bbox 1331 2323 1562 2388; x_wconf 77' lang='grc' dir='ltr'>θλώμενον</span> <span class='ocrx_word' id='word_1_212' title='bbox 1605 2326 1694 2393; x_wconf 81' lang='grc' dir='ltr'>ἕχει</span> <span class='ocrx_word' id='word_1_213' title='bbox 1734 2349 1834 2379; x_wconf 85' lang='grc' dir='ltr'>πως</span> 
     </span>
     <span class='ocr_line' id='line_1_26' title="bbox 260 2401 1834 2476; baseline 0.006 -26"><span class='ocrx_word' id='word_1_214' title='bbox 260 2401 460 2466; x_wconf 85' lang='grc' dir='ltr'>ὁλοτελῆ</span> <span class='ocrx_word' id='word_1_215' title='bbox 501 2402 585 2467; x_wconf 88' lang='grc' dir='ltr'>τὴν</span> <span class='ocrx_word' id='word_1_216' title='bbox 629 2404 944 2457; x_wconf 85' lang='grc' dir='ltr'>κατάπτωσιν·</span> <span class='ocrx_word' id='word_1_217' title='bbox 998 2406 1052 2457; x_wconf 83' lang='grc' dir='ltr'>τὸ</span> <span class='ocrx_word' id='word_1_218' title='bbox 1097 2407 1150 2456; x_wconf 85' lang='grc' dir='ltr'>δέ</span> <span class='ocrx_word' id='word_1_219' title='bbox 1191 2430 1246 2472; x_wconf 90' lang='grc' dir='ltr'>γε</span> <span class='ocrx_word' id='word_1_220' title='bbox 1291 2408 1564 2476; x_wconf 78' lang='grc' dir='ltr'>ῥηγνύμενον</span> <span class='ocrx_word' id='word_1_221' title='bbox 1608 2409 1740 2458; x_wconf 84' lang='grc' dir='ltr'>νοοῖτ’</span> <span class='ocrx_word' id='word_1_222' title='bbox 1777 2407 1834 2458; x_wconf 78' lang='grc' dir='ltr'>ἂν</span> 
     </span>
     <span class='ocr_line' id='line_1_27' title="bbox 260 2482 1899 2555; baseline 0.005 -22"><span class='ocrx_word' id='word_1_223' title='bbox 260 2482 442 2538; x_wconf 81' lang='grc' dir='ltr'>εἰκότως</span> <span class='ocrx_word' id='word_1_224' title='bbox 470 2488 531 2539; x_wconf 87' lang='grc' dir='ltr'>ὡς</span> <span class='ocrx_word' id='word_1_225' title='bbox 556 2485 748 2554; x_wconf 86' lang='grc' dir='ltr'>πάσχον</span> <span class='ocrx_word' id='word_1_226' title='bbox 772 2489 821 2538; x_wconf 90' lang='grc' dir='ltr'>ἐκ</span> <span class='ocrx_word' id='word_1_227' title='bbox 845 2489 1023 2555; x_wconf 86' lang='grc' dir='ltr'>μέρους.</span> <span class='ocrx_word' id='word_1_228' title='bbox 1088 2489 1357 2555; x_wconf 73' lang='grc' dir='ltr'>συμβέβηκε</span> <span class='ocrx_word' id='word_1_229' title='bbox 1397 2490 1444 2541; x_wconf 77' lang='grc' dir='ltr'>δὲ</span> <span class='ocrx_word' id='word_1_230' title='bbox 1478 2490 1560 2542; x_wconf 83' lang='grc' dir='ltr'>τὸν</span> <span class='ocrx_word' id='word_1_231' title='bbox 1588 2490 1672 2555; x_wconf 79' lang='grc' dir='ltr'>μὲν</span> <span class='ocrx_word' id='word_1_232' title='bbox 1709 2489 1832 2542; x_wconf 78' lang='grc' dir='ltr'>οἶκον</span> <span class='ocrx_word' id='word_1_233' title='bbox 1853 2513 1899 2551; x_wconf 89' lang='lat'>25</span> 
     </span>
    </p>
   </div>
   <div class='ocr_carea' id='block_1_8' title="bbox 260 2666 1831 2950">
    <p class='ocr_par' dir='ltr' id='par_1_10' title="bbox 260 2666 1831 2950">
     <span class='ocr_line' id='line_1_28' title="bbox 309 2666 1830 2718; baseline 0.005 -19"><span class='ocrx_word' id='word_1_234' title='bbox 309 2676 338 2700; x_wconf 88' lang='lat'>1.</span> <span class='ocrx_word' id='word_1_235' title='bbox 363 2666 690 2711; x_wconf 83' lang='grc' dir='ltr'>παραλελειμμένους</span> <span class='ocrx_word' id='word_1_236' title='bbox 708 2666 799 2701; x_wconf 86' lang='lat' dir='ltr'><strong>Edd.</strong></span> <span class='ocrx_word' id='word_1_237' title='bbox 817 2667 932 2702; x_wconf 77' lang='lat' dir='ltr'>invitis</span> <span class='ocrx_word' id='word_1_238' title='bbox 953 2668 1093 2703; x_wconf 85' lang='lat' dir='ltr'><strong>A.B.D.</strong></span> <span class='ocrx_word' id='word_1_239' title='bbox 1108 2668 1142 2703; x_wconf 86' lang='lat' dir='ltr'>b.</span> <span class='ocrx_word' id='word_1_240' title='bbox 1411 2681 1441 2704; x_wconf 87' lang='lat'>2.</span> <span class='ocrx_word' id='word_1_241' title='bbox 1468 2671 1516 2704; x_wconf 74' lang='grc' dir='ltr'>ἔτι</span> <span class='ocrx_word' id='word_1_242' title='bbox 1534 2677 1612 2714; x_wconf 88' lang='lat' dir='ltr'><strong>post</strong></span> <span class='ocrx_word' id='word_1_243' title='bbox 1630 2673 1703 2718; x_wconf 76' lang='grc' dir='ltr'>Θεῷ</span> <span class='ocrx_word' id='word_1_244' title='bbox 1722 2677 1764 2706; x_wconf 83' lang='lat' dir='ltr'>tr.</span> <span class='ocrx_word' id='word_1_245' title='bbox 1785 2671 1830 2706; x_wconf 90' lang='lat' dir='ltr'>D.</span> 
     </span>
     <span class='ocr_line' id='line_1_29' title="bbox 266 2710 1831 2761; baseline 0.004 -16"><span class='ocrx_word' id='word_1_246' title='bbox 266 2710 391 2745; x_wconf 78' lang='lat' dir='ltr'>Statim</span> <span class='ocrx_word' id='word_1_247' title='bbox 408 2715 453 2758; x_wconf 84' lang='grc' dir='ltr'>τῷ</span> <span class='ocrx_word' id='word_1_248' title='bbox 472 2712 549 2747; x_wconf 83' lang='lat' dir='ltr'>add.</span> <span class='ocrx_word' id='word_1_249' title='bbox 569 2713 612 2748; x_wconf 91' lang='lat' dir='ltr'>A.</span> <span class='ocrx_word' id='word_1_250' title='bbox 632 2713 721 2747; x_wconf 87' lang='lat' dir='ltr'><strong>Edd.</strong></span> <span class='ocrx_word' id='word_1_251' title='bbox 742 2714 857 2748; x_wconf 77' lang='lat' dir='ltr'>invitis</span> <span class='ocrx_word' id='word_1_252' title='bbox 877 2714 971 2749; x_wconf 84' lang='lat' dir='ltr'><strong>B.D.</strong></span> <span class='ocrx_word' id='word_1_253' title='bbox 1243 2727 1277 2761; x_wconf 88' lang='lat'>3.</span> <span class='ocrx_word' id='word_1_254' title='bbox 1303 2717 1355 2751; x_wconf 79' lang='grc' dir='ltr'>καὶ</span> <span class='ocrx_word' id='word_1_255' title='bbox 1372 2729 1435 2761; x_wconf 87' lang='lat' dir='ltr'>pro</span> <span class='ocrx_word' id='word_1_256' title='bbox 1452 2716 1511 2751; x_wconf 83' lang='grc' dir='ltr'>κᾶν</span> <span class='ocrx_word' id='word_1_257' title='bbox 1529 2717 1570 2751; x_wconf 90' lang='grc' dir='ltr'>Β.</span> <span class='ocrx_word' id='word_1_258' title='bbox 1589 2716 1648 2752; x_wconf 89' lang='grc' dir='ltr'>κᾶν</span> <span class='ocrx_word' id='word_1_259' title='bbox 1664 2717 1767 2752; x_wconf 80' lang='lat' dir='ltr'><strong>habet</strong></span> <span class='ocrx_word' id='word_1_260' title='bbox 1785 2718 1831 2752; x_wconf 85' lang='lat' dir='ltr'>D.</span> 
     </span>
     <span class='ocr_line' id='line_1_30' title="bbox 260 2760 1828 2810; baseline 0.004 -18"><span class='ocrx_word' id='word_1_261' title='bbox 260 2768 292 2800; x_wconf 92' lang='lat'>5.</span> <span class='ocrx_word' id='word_1_262' title='bbox 318 2760 486 2802; x_wconf 85' lang='grc' dir='ltr'>πατράσιν</span> <span class='ocrx_word' id='word_1_263' title='bbox 503 2772 565 2804; x_wconf 84' lang='lat' dir='ltr'>pro</span> <span class='ocrx_word' id='word_1_264' title='bbox 583 2762 652 2795; x_wconf 85' lang='grc' dir='ltr'>τοῖς</span> <span class='ocrx_word' id='word_1_265' title='bbox 667 2761 864 2806; x_wconf 87' lang='grc' dir='ltr'>πράγμασιν</span> <span class='ocrx_word' id='word_1_266' title='bbox 881 2761 973 2796; x_wconf 86' lang='lat' dir='ltr'><strong>Edd.</strong></span> <span class='ocrx_word' id='word_1_267' title='bbox 1126 2774 1158 2806; x_wconf 93' lang='lat'>9.</span> <span class='ocrx_word' id='word_1_268' title='bbox 1184 2761 1383 2809; x_wconf 73' lang='grc' dir='ltr'>ᾑρημένους]</span> <span class='ocrx_word' id='word_1_269' title='bbox 1408 2768 1444 2804; x_wconf 60' lang='lat'>-4-</span> <span class='ocrx_word' id='word_1_270' title='bbox 1464 2765 1621 2810; x_wconf 88' lang='grc' dir='ltr'>πράττειν</span> <span class='ocrx_word' id='word_1_271' title='bbox 1637 2765 1673 2798; x_wconf 84' lang='grc' dir='ltr'>δέ</span> <span class='ocrx_word' id='word_1_272' title='bbox 1691 2765 1770 2808; x_wconf 85' lang='lat' dir='ltr'>(Sic)</span> <span class='ocrx_word' id='word_1_273' title='bbox 1785 2765 1828 2798; x_wconf 91' lang='grc' dir='ltr'>Α.</span> 
     </span>
     <span class='ocr_line' id='line_1_31' title="bbox 260 2805 1829 2856; baseline 0.005 -19"><span class='ocrx_word' id='word_1_274' title='bbox 260 2805 413 2839; x_wconf 82' lang='lat' dir='ltr'>voluitne</span> <span class='ocrx_word' id='word_1_275' title='bbox 430 2808 588 2849; x_wconf 83' lang='grc' dir='ltr'>πράττειν</span> <span class='ocrx_word' id='word_1_276' title='bbox 604 2822 640 2841; x_wconf 91' lang='grc' dir='ltr'>τε</span> <span class='ocrx_word' id='word_1_277' title='bbox 655 2810 666 2839; x_wconf 83' lang='lat'>?</span> <span class='ocrx_word' id='word_1_278' title='bbox 856 2819 908 2842; x_wconf 88' lang='lat'>10.</span> <span class='ocrx_word' id='word_1_279' title='bbox 934 2807 1067 2842; x_wconf 79' lang='grc' dir='ltr'>ἁνδάνοι</span> <span class='ocrx_word' id='word_1_280' title='bbox 1085 2809 1127 2843; x_wconf 90' lang='grc' dir='ltr'>Α.</span> <span class='ocrx_word' id='word_1_281' title='bbox 1145 2809 1276 2843; x_wconf 84' lang='grc' dir='ltr'>ἁνδάνει</span> <span class='ocrx_word' id='word_1_282' title='bbox 1296 2809 1385 2844; x_wconf 86' lang='lat' dir='ltr'>Edd.</span> <span class='ocrx_word' id='word_1_283' title='bbox 1569 2823 1621 2845; x_wconf 91' lang='lat'>11.</span> <span class='ocrx_word' id='word_1_284' title='bbox 1648 2810 1758 2856; x_wconf 87' lang='grc' dir='ltr'>Διότι]</span> <span class='ocrx_word' id='word_1_285' title='bbox 1777 2811 1829 2845; x_wconf 85' lang='grc' dir='ltr'>ὅτι</span> 
     </span>
     <span class='ocr_line' id='line_1_32' title="bbox 261 2850 1829 2901; baseline 0.004 -17"><span class='ocrx_word' id='word_1_286' title='bbox 261 2850 350 2884; x_wconf 81' lang='lat' dir='ltr'>Edd.</span> <span class='ocrx_word' id='word_1_287' title='bbox 370 2852 468 2896; x_wconf 84' lang='lat'>(130,</span> <span class='ocrx_word' id='word_1_288' title='bbox 486 2853 588 2898; x_wconf 84' lang='lat'>311.)</span> <span class='ocrx_word' id='word_1_289' title='bbox 637 2854 818 2888; x_wconf 82' lang='grc' dir='ltr'>ἐντελεῖται</span> <span class='ocrx_word' id='word_1_290' title='bbox 837 2854 873 2889; x_wconf 90' lang='lat' dir='ltr'>F.</span> <span class='ocrx_word' id='word_1_291' title='bbox 894 2855 983 2888; x_wconf 90' lang='lat' dir='ltr'>Edd.</span> <span class='ocrx_word' id='word_1_292' title='bbox 1004 2855 1080 2900; x_wconf 86' lang='lat'><strong>(42,</strong></span> <span class='ocrx_word' id='word_1_293' title='bbox 1103 2867 1179 2901; x_wconf 86' lang='lat'>130,</span> <span class='ocrx_word' id='word_1_294' title='bbox 1197 2856 1298 2901; x_wconf 86' lang='lat'><strong>311.)</strong></span> <span class='ocrx_word' id='word_1_295' title='bbox 1589 2869 1640 2892; x_wconf 83' lang='lat'>12.</span> <span class='ocrx_word' id='word_1_296' title='bbox 1667 2856 1756 2892; x_wconf 81' lang='grc' dir='ltr'>οἶκον</span> <span class='ocrx_word' id='word_1_297' title='bbox 1771 2858 1829 2891; x_wconf 86' lang='grc' dir='ltr'>τὸν</span> 
     </span>
     <span class='ocr_line' id='line_1_33' title="bbox 261 2898 1825 2950; baseline 0.004 -20"><span class='ocrx_word' id='word_1_298' title='bbox 261 2907 330 2931; x_wconf 88' lang='lat' dir='ltr'>Om.</span> <span class='ocrx_word' id='word_1_299' title='bbox 351 2898 391 2931; x_wconf 85' lang='grc' dir='ltr'>Β.</span> <span class='ocrx_word' id='word_1_300' title='bbox 660 2911 712 2943; x_wconf 87' lang='lat'>15.</span> <span class='ocrx_word' id='word_1_301' title='bbox 739 2901 917 2945; x_wconf 83' lang='grc' dir='ltr'>σαφηνίζει</span> <span class='ocrx_word' id='word_1_302' title='bbox 936 2901 1026 2936; x_wconf 85' lang='lat' dir='ltr'>Edd.</span> <span class='ocrx_word' id='word_1_303' title='bbox 1294 2912 1346 2948; x_wconf 88' lang='lat'>17.</span> <span class='ocrx_word' id='word_1_304' title='bbox 1372 2904 1476 2949; x_wconf 81' lang='grc' dir='ltr'>ὁρίζοι</span> <span class='ocrx_word' id='word_1_305' title='bbox 1495 2904 1537 2939; x_wconf 90' lang='grc' dir='ltr'>Β.</span> <span class='ocrx_word' id='word_1_306' title='bbox 1555 2905 1656 2950; x_wconf 82' lang='grc' dir='ltr'>ὁρίζει</span> <span class='ocrx_word' id='word_1_307' title='bbox 1673 2905 1716 2938; x_wconf 92' lang='lat' dir='ltr'>A.</span> <span class='ocrx_word' id='word_1_308' title='bbox 1735 2903 1825 2937; x_wconf 81' lang='lat' dir='ltr'><strong>Edd.</strong></span> 
     </span>
    </p>
   </div>
   <div class='ocr_carea' id='block_1_9' title="bbox 260 2943 1826 3041">
    <p class='ocr_par' dir='ltr' id='par_1_11' title="bbox 260 2943 1826 3041">
     <span class='ocr_line' id='line_1_34' title="bbox 263 2943 1826 2996; baseline 0.005 -21"><span class='ocrx_word' id='word_1_309' title='bbox 263 2953 315 2985; x_wconf 87' lang='lat'>19.</span> <span class='ocrx_word' id='word_1_310' title='bbox 344 2943 438 2978; x_wconf 83' lang='lat' dir='ltr'>Haec</span> <span class='ocrx_word' id='word_1_311' title='bbox 455 2946 514 2989; x_wconf 82' lang='grc' dir='ltr'>μὲν</span> <span class='ocrx_word' id='word_1_312' title='bbox 530 2947 594 2991; x_wconf 81' lang='grc' dir='ltr'>γὰρ</span> <span class='ocrx_word' id='word_1_313' title='bbox 613 2954 832 2981; x_wconf 82' lang='lat' dir='ltr'>accesserunt</span> <span class='ocrx_word' id='word_1_314' title='bbox 849 2960 889 2982; x_wconf 87' lang='lat' dir='ltr'>ex</span> <span class='ocrx_word' id='word_1_315' title='bbox 908 2948 998 2982; x_wconf 66' lang='lat' dir='ltr'>AB.</span> <span class='ocrx_word' id='word_1_316' title='bbox 1012 2948 1046 2982; x_wconf 92' lang='lat' dir='ltr'>b.</span> <span class='ocrx_word' id='word_1_317' title='bbox 1329 2961 1384 2984; x_wconf 91' lang='lat'>20.</span> <span class='ocrx_word' id='word_1_318' title='bbox 1415 2950 1484 2996; x_wconf 81' lang='grc' dir='ltr'>καὶ]</span> <span class='ocrx_word' id='word_1_319' title='bbox 1508 2956 1544 2992; x_wconf 58' lang='lat'>-4-</span> <span class='ocrx_word' id='word_1_320' title='bbox 1566 2953 1584 2985; x_wconf 91' lang='grc' dir='ltr'>ὁ</span> <span class='ocrx_word' id='word_1_321' title='bbox 1602 2950 1691 2985; x_wconf 89' lang='lat' dir='ltr'><strong>Edd.</strong></span> <span class='ocrx_word' id='word_1_322' title='bbox 1710 2949 1826 2984; x_wconf 81' lang='lat' dir='ltr'>invitis</span> 
     </span>
     <span class='ocr_line' id='line_1_35' title="bbox 260 2988 1396 3041; baseline 0.009 -20"><span class='ocrx_word' id='word_1_323' title='bbox 260 2988 347 3022; x_wconf 67' lang='lat' dir='ltr'>AB.</span> <span class='ocrx_word' id='word_1_324' title='bbox 364 2989 397 3023; x_wconf 93' lang='lat' dir='ltr'>b.</span> <span class='ocrx_word' id='word_1_325' title='bbox 635 3004 688 3027; x_wconf 89' lang='lat'>21.</span> <span class='ocrx_word' id='word_1_326' title='bbox 717 2996 734 3027; x_wconf 91' lang='grc' dir='ltr'>ὁ</span> <span class='ocrx_word' id='word_1_327' title='bbox 752 3000 971 3039; x_wconf 83' lang='lat' dir='ltr'>assumptum</span> <span class='ocrx_word' id='word_1_328' title='bbox 990 3007 1031 3029; x_wconf 83' lang='lat' dir='ltr'>ex</span> <span class='ocrx_word' id='word_1_329' title='bbox 1050 2995 1140 3029; x_wconf 72' lang='lat' dir='ltr'>AB.</span> <span class='ocrx_word' id='word_1_330' title='bbox 1189 2995 1245 3041; x_wconf 81' lang='grc' dir='ltr'>ἢν]</span> <span class='ocrx_word' id='word_1_331' title='bbox 1269 3001 1305 3037; x_wconf 76' lang='lat'>—†-</span> <span class='ocrx_word' id='word_1_332' title='bbox 1326 2998 1344 3030; x_wconf 91' lang='grc' dir='ltr'>ὁ</span> <span class='ocrx_word' id='word_1_333' title='bbox 1361 2996 1396 3031; x_wconf 92' lang='lat' dir='ltr'>b.</span> 
     </span>
    </p>
   </div>
   <div class='ocr_carea' id='block_1_10' title="bbox 1993 2674 2021 3434">
    <p class='ocr_par' dir='ltr' id='par_1_12' title="bbox 1993 2674 2021 3434">
     <span class='ocr_line' id='line_1_36' title="bbox 1993 2674 2021 3434; baseline 0 0"><span class='ocrx_word' id='word_1_334' title='bbox 1993 2674 2021 3434; x_wconf 95' lang='lat' dir='ltr'> </span> 
     </span>
    </p>
   </div>
  </div>
 </body>
</html>
