<?xml version="1.0" encoding="UTF-8"?>
<!DOCTYPE html PUBLIC "-//W3C//DTD XHTML 1.0 Transitional//EN"
    "http://www.w3.org/TR/xhtml1/DTD/xhtml1-transitional.dtd">
<html xmlns="http://www.w3.org/1999/xhtml" xml:lang="en" lang="en">
 <head>
  <title>
</title>
<meta http-equiv="Content-Type" content="text/html;charset=utf-8" />
  <meta name='ocr-system' content='tesseract 3.04.00' />
  <meta name='ocr-capabilities' content='ocr_page ocr_carea ocr_par ocr_line ocrx_word'/>
</head>
<body>
  <div class='ocr_page' id='page_1' title='image "./operacyrilli01cyriuoft/operacyrilli01cyriuoft_0418.png"; bbox 0 0 2021 3434; ppageno 0'>
   <div class='ocr_carea' id='block_1_1' title="bbox 329 180 2021 229">
    <p class='ocr_par' dir='ltr' id='par_1_1' title="bbox 329 180 2021 229">
     <span class='ocr_line' id='line_1_1' title="bbox 329 180 2021 229; baseline 0.004 -7"><span class='ocrx_word' id='word_1_1' title='bbox 329 183 413 223; x_wconf 77' lang='lat'>374</span> <span class='ocrx_word' id='word_1_2' title='bbox 722 184 772 224; x_wconf 84' lang='lat' dir='ltr'><strong>B.</strong></span> <span class='ocrx_word' id='word_1_3' title='bbox 815 183 1091 224; x_wconf 83' lang='lat' dir='ltr'>CYRILLI</span> <span class='ocrx_word' id='word_1_4' title='bbox 1133 185 1513 226; x_wconf 82' lang='lat' dir='ltr'><strong>ALEXANDR.</strong></span> <span class='ocrx_word' id='word_1_5' title='bbox 1812 183 1838 223; x_wconf 83' lang='lat' dir='ltr'><strong>i.</strong></span> <span class='ocrx_word' id='word_1_6' title='bbox 1867 196 1900 223; x_wconf 94' lang='lat'><strong>1.</strong></span> <span class='ocrx_word' id='word_1_7' title='bbox 2019 180 2021 229; x_wconf 69' lang='grc' dir='ltr'>ἒ</span> 
     </span>
    </p>
   </div>
   <div class='ocr_carea' id='block_1_2' title="bbox 107 234 2021 442">
    <p class='ocr_par' dir='ltr' id='par_1_2' title="bbox 107 234 2021 442">
     <span class='ocr_line' id='line_1_2' title="bbox 2019 234 2021 258; baseline 0 0"><span class='ocrx_word' id='word_1_8' title='bbox 2019 234 2021 258; x_wconf 77' lang='lat' dir='ltr'>l</span> 
     </span>
     <span class='ocr_line' id='line_1_3' title="bbox 329 275 2021 356; baseline -0.002 -15"><span class='ocrx_word' id='word_1_9' title='bbox 329 289 599 356; x_wconf 75' lang='grc' dir='ltr'>σκήπτροις,</span> <span class='ocrx_word' id='word_1_10' title='bbox 642 292 849 342; x_wconf 76' lang='grc' dir='ltr'>πλεῖστοί</span> <span class='ocrx_word' id='word_1_11' title='bbox 898 315 947 342; x_wconf 91' lang='grc' dir='ltr'>τε</span> <span class='ocrx_word' id='word_1_12' title='bbox 997 292 1091 343; x_wconf 80' lang='grc' dir='ltr'>ὅσα</span> <span class='ocrx_word' id='word_1_13' title='bbox 1139 291 1246 346; x_wconf 76' lang='grc' dir='ltr'>τοὺς</span> <span class='ocrx_word' id='word_1_14' title='bbox 1294 292 1444 344; x_wconf 82' lang='grc' dir='ltr'>πάλαι</span> <span class='ocrx_word' id='word_1_15' title='bbox 1494 296 1714 344; x_wconf 87' lang='grc' dir='ltr'>νικῶντας</span> <span class='ocrx_word' id='word_1_16' title='bbox 1756 290 1898 356; x_wconf 78' lang='grc' dir='ltr'>ἐργά-</span> <span class='ocrx_word' id='word_1_17' title='bbox 2018 275 2021 338; x_wconf 67' lang='lat'>¹,</span> 
     </span>
     <span class='ocr_line' id='line_1_4' title="bbox 107 372 1902 442; baseline 0.001 -21"><span class='ocrx_word' id='word_1_18' title='bbox 107 379 185 412; x_wconf 88' lang='lat'>251</span> <span class='ocrx_word' id='word_1_19' title='bbox 205 378 257 412; x_wconf 81' lang='lat' dir='ltr'><strong>A·</strong></span> <span class='ocrx_word' id='word_1_20' title='bbox 290 376 510 422; x_wconf 66' lang='grc' dir='ltr'>ἃσασθαι</span> <span class='ocrx_word' id='word_1_21' title='bbox 554 373 688 424; x_wconf 71' lang='grc' dir='ltr'>κακά.</span> <span class='ocrx_word' id='word_1_22' title='bbox 755 374 1016 440; x_wconf 80' lang='grc' dir='ltr'>γέγραπται</span> <span class='ocrx_word' id='word_1_23' title='bbox 1057 374 1150 441; x_wconf 79' lang='grc' dir='ltr'>γὰρ</span> <span class='ocrx_word' id='word_1_24' title='bbox 1194 377 1297 442; x_wconf 83' lang='grc' dir='ltr'>περὶ</span> <span class='ocrx_word' id='word_1_25' title='bbox 1339 376 1478 425; x_wconf 82' lang='grc' dir='ltr'>αὐτοῦ</span> <span class='ocrx_word' id='word_1_26' title='bbox 1522 375 1571 424; x_wconf 85' lang='grc' dir='ltr'>ἐν</span> <span class='ocrx_word' id='word_1_27' title='bbox 1610 377 1667 440; x_wconf 85' lang='grc' dir='ltr'>τῇ</span> <span class='ocrx_word' id='word_1_28' title='bbox 1707 372 1902 440; x_wconf 81' lang='grc' dir='ltr'>τετάρτῃ</span> 
     </span>
    </p>
   </div>
   <div class='ocr_carea' id='block_1_3' title="bbox 106 444 1904 527">
    <p class='ocr_par' dir='ltr' id='par_1_3' title="bbox 106 444 1904 527">
     <span class='ocr_line' id='line_1_5' title="bbox 106 444 1903 484; baseline -0.003 -10"><span class='ocrx_word' id='word_1_29' title='bbox 106 444 226 484; x_wconf 78' lang='lat' dir='ltr'><strong>4Reg.</strong></span> <span class='ocrx_word' id='word_1_30' title='bbox 369 458 389 467; x_wconf 50' lang='grc' dir='ltr'>Α</span> <span class='ocrx_word' id='word_1_31' title='bbox 652 459 671 468; x_wconf 55' lang='grc' dir='ltr'>Α</span> <span class='ocrx_word' id='word_1_32' title='bbox 729 457 780 484; x_wconf 63' lang='lat'>‘6‘</span> <span class='ocrx_word' id='word_1_33' title='bbox 889 456 910 473; x_wconf 69' lang='lat' dir='ltr'>‘t</span> <span class='ocrx_word' id='word_1_34' title='bbox 1312 455 1325 470; x_wconf 74' lang='lat' dir='ltr'><em>t</em></span> <span class='ocrx_word' id='word_1_35' title='bbox 1491 461 1510 470; x_wconf 42' lang='grc' dir='ltr'>Α</span> <span class='ocrx_word' id='word_1_36' title='bbox 1537 456 1547 471; x_wconf 72' lang='lat'><strong>‚</strong></span> <span class='ocrx_word' id='word_1_37' title='bbox 1712 455 1722 471; x_wconf 64' lang='lat' dir='ltr'><em>p</em></span> <span class='ocrx_word' id='word_1_38' title='bbox 1836 457 1846 469; x_wconf 58' lang='grc' dir='ltr'><em>ι</em></span> <span class='ocrx_word' id='word_1_39' title='bbox 1883 459 1903 468; x_wconf 55' lang='grc' dir='ltr'>Α</span> 
     </span>
     <span class='ocr_line' id='line_1_6' title="bbox 106 459 1904 527; baseline -0.001 -22"><span class='ocrx_word' id='word_1_40' title='bbox 106 488 170 519; x_wconf 77' lang='lat' dir='ltr'><strong>xiv.</strong></span> <span class='ocrx_word' id='word_1_41' title='bbox 193 498 254 527; x_wconf 47' lang='lat'>23-</span> <span class='ocrx_word' id='word_1_42' title='bbox 327 476 420 503; x_wconf 90' lang='grc' dir='ltr'>των</span> <span class='ocrx_word' id='word_1_43' title='bbox 444 459 704 514; x_wconf 71' lang='grc' dir='ltr'>βασιλείων</span> <span class='ocrx_word' id='word_1_44' title='bbox 787 459 856 506; x_wconf 91' lang='grc' dir='ltr'>Εν</span> <span class='ocrx_word' id='word_1_45' title='bbox 880 478 964 506; x_wconf 87' lang='grc' dir='ltr'>ετει</span> <span class='ocrx_word' id='word_1_46' title='bbox 1001 460 1391 525; x_wconf 74' lang='grc' dir='ltr'>πεντεκαιδεκατῳ</span> <span class='ocrx_word' id='word_1_47' title='bbox 1429 479 1511 507; x_wconf 93' lang='grc' dir='ltr'>του</span> <span class='ocrx_word' id='word_1_48' title='bbox 1553 459 1773 517; x_wconf 88' lang='grc' dir='ltr'>Αμασιου</span> <span class='ocrx_word' id='word_1_49' title='bbox 1806 476 1904 504; x_wconf 92' lang='grc' dir='ltr'>υιου</span> 
     </span>
    </p>
   </div>
   <div class='ocr_carea' id='block_1_4' title="bbox 108 532 2018 2575">
    <p class='ocr_par' dir='ltr' id='par_1_4' title="bbox 108 532 1903 604">
     <span class='ocr_line' id='line_1_7' title="bbox 108 532 1903 604; baseline 0.002 -19"><span class='ocrx_word' id='word_1_50' title='bbox 108 532 158 562; x_wconf 71' lang='lat'>²8·</span> <span class='ocrx_word' id='word_1_51' title='bbox 326 542 353 564; x_wconf 86' lang='lat'>“</span> <span class='ocrx_word' id='word_1_52' title='bbox 379 535 511 589; x_wconf 80' lang='grc' dir='ltr'>Ἰωᾶς</span> <span class='ocrx_word' id='word_1_53' title='bbox 545 535 782 594; x_wconf 86' lang='grc' dir='ltr'>βασιλέως</span> <span class='ocrx_word' id='word_1_54' title='bbox 812 536 966 588; x_wconf 85' lang='grc' dir='ltr'>Ἰούδα</span> <span class='ocrx_word' id='word_1_55' title='bbox 1010 540 1323 599; x_wconf 83' lang='grc' dir='ltr'>ἐβασίλευσεν</span> <span class='ocrx_word' id='word_1_56' title='bbox 1360 536 1608 604; x_wconf 78' lang='grc' dir='ltr'>Ἱεροβοάμ</span> <span class='ocrx_word' id='word_1_57' title='bbox 1647 536 1741 588; x_wconf 77' lang='grc' dir='ltr'>υἱὸς</span> <span class='ocrx_word' id='word_1_58' title='bbox 1771 534 1903 589; x_wconf 80' lang='grc' dir='ltr'>Ἰωὰς</span> 
     </span>
    </p>

    <p class='ocr_par' dir='ltr' id='par_1_5' title="bbox 325 616 1944 688">
     <span class='ocr_line' id='line_1_8' title="bbox 325 616 1944 688; baseline -0.001 -20"><span class='ocrx_word' id='word_1_59' title='bbox 325 625 351 646; x_wconf 85' lang='grc'><strong>“</strong></span> <span class='ocrx_word' id='word_1_60' title='bbox 376 619 450 668; x_wconf 79' lang='grc' dir='ltr'>ἐπὶ</span> <span class='ocrx_word' id='word_1_61' title='bbox 483 618 683 684; x_wconf 85' lang='grc' dir='ltr'>Ἰσραὴλ</span> <span class='ocrx_word' id='word_1_62' title='bbox 716 621 764 669; x_wconf 89' lang='grc' dir='ltr'>ἐν</span> <span class='ocrx_word' id='word_1_63' title='bbox 803 621 1041 688; x_wconf 81' lang='grc' dir='ltr'>Σαμαρείᾳ</span> <span class='ocrx_word' id='word_1_64' title='bbox 1079 620 1437 685; x_wconf 81' lang='grc' dir='ltr'>τεσσαράκοντα</span> <span class='ocrx_word' id='word_1_65' title='bbox 1475 621 1550 670; x_wconf 77' lang='grc' dir='ltr'>καὶ</span> <span class='ocrx_word' id='word_1_66' title='bbox 1584 616 1633 669; x_wconf 77' lang='grc' dir='ltr'>’ὲν</span> <span class='ocrx_word' id='word_1_67' title='bbox 1672 618 1786 671; x_wconf 76' lang='grc' dir='ltr'>ἔτος·</span> <span class='ocrx_word' id='word_1_68' title='bbox 1828 618 1944 675; x_wconf 79' lang='grc' dir='ltr'>καὶ5</span> 
     </span>
    </p>

    <p class='ocr_par' dir='ltr' id='par_1_6' title="bbox 325 698 1903 768">
     <span class='ocr_line' id='line_1_9' title="bbox 325 698 1903 768; baseline -0.001 -18"><span class='ocrx_word' id='word_1_69' title='bbox 325 708 351 728; x_wconf 82' lang='grc'><strong>“</strong></span> <span class='ocrx_word' id='word_1_70' title='bbox 377 700 567 765; x_wconf 87' lang='grc' dir='ltr'>ἐποίησε</span> <span class='ocrx_word' id='word_1_71' title='bbox 615 699 668 751; x_wconf 80' lang='grc' dir='ltr'>τὸ</span> <span class='ocrx_word' id='word_1_72' title='bbox 717 702 923 767; x_wconf 82' lang='grc' dir='ltr'>πονηρὸν</span> <span class='ocrx_word' id='word_1_73' title='bbox 963 702 1158 754; x_wconf 82' lang='grc' dir='ltr'>ἐνώπιον</span> <span class='ocrx_word' id='word_1_74' title='bbox 1210 703 1398 768; x_wconf 84' lang='grc' dir='ltr'>Κυρίου·</span> <span class='ocrx_word' id='word_1_75' title='bbox 1457 703 1539 752; x_wconf 83' lang='grc' dir='ltr'>οὐκ</span> <span class='ocrx_word' id='word_1_76' title='bbox 1584 700 1767 763; x_wconf 78' lang='grc' dir='ltr'>ἀπέστη</span> <span class='ocrx_word' id='word_1_77' title='bbox 1811 698 1903 750; x_wconf 82' lang='grc' dir='ltr'>ἀπὸ</span> 
     </span>
    </p>

    <p class='ocr_par' dir='ltr' id='par_1_7' title="bbox 325 780 1904 851">
     <span class='ocr_line' id='line_1_10' title="bbox 325 780 1904 851; baseline -0.001 -19"><span class='ocrx_word' id='word_1_78' title='bbox 325 790 351 811; x_wconf 84' lang='grc'><strong>“</strong></span> <span class='ocrx_word' id='word_1_79' title='bbox 374 787 545 833; x_wconf 80' lang='grc' dir='ltr'>πασῶν</span> <span class='ocrx_word' id='word_1_80' title='bbox 572 784 810 847; x_wconf 82' lang='grc' dir='ltr'>ἁμαρτιῶν</span> <span class='ocrx_word' id='word_1_81' title='bbox 841 783 1088 850; x_wconf 78' lang='grc' dir='ltr'>Ἱεροβοὰμ</span> <span class='ocrx_word' id='word_1_82' title='bbox 1123 788 1221 835; x_wconf 78' lang='grc' dir='ltr'>υἱοῦ</span> <span class='ocrx_word' id='word_1_83' title='bbox 1261 783 1436 845; x_wconf 84' lang='grc' dir='ltr'>Ναβάτ</span> <span class='ocrx_word' id='word_1_84' title='bbox 1475 782 1524 837; x_wconf 71' lang='grc' dir='ltr'>ὃς</span> <span class='ocrx_word' id='word_1_85' title='bbox 1561 781 1789 851; x_wconf 77' lang='grc' dir='ltr'>ἐξήμαρτε</span> <span class='ocrx_word' id='word_1_86' title='bbox 1822 780 1904 831; x_wconf 83' lang='grc' dir='ltr'>τὸν</span> 
     </span>
    </p>

    <p class='ocr_par' dir='ltr' id='par_1_8' title="bbox 323 862 1903 933">
     <span class='ocr_line' id='line_1_11' title="bbox 323 862 1903 933; baseline -0.001 -19"><span class='ocrx_word' id='word_1_87' title='bbox 323 872 350 893; x_wconf 83' lang='grc'><strong>“</strong></span> <span class='ocrx_word' id='word_1_88' title='bbox 373 864 589 930; x_wconf 85' lang='grc' dir='ltr'>Ἰσραήλ.</span> <span class='ocrx_word' id='word_1_89' title='bbox 645 865 783 918; x_wconf 81' lang='grc' dir='ltr'>αὐτὸς</span> <span class='ocrx_word' id='word_1_90' title='bbox 816 865 909 933; x_wconf 79' lang='grc' dir='ltr'>γὰρ</span> <span class='ocrx_word' id='word_1_91' title='bbox 948 867 1005 916; x_wconf 78' lang='grc' dir='ltr'>αὖ</span> <span class='ocrx_word' id='word_1_92' title='bbox 1044 866 1305 930; x_wconf 88' lang='grc' dir='ltr'>κατέστησε</span> <span class='ocrx_word' id='word_1_93' title='bbox 1341 865 1393 916; x_wconf 82' lang='grc' dir='ltr'>τὸ</span> <span class='ocrx_word' id='word_1_94' title='bbox 1432 865 1558 932; x_wconf 79' lang='grc' dir='ltr'>ὅριον</span> <span class='ocrx_word' id='word_1_95' title='bbox 1581 863 1784 930; x_wconf 88' lang='grc' dir='ltr'>Ἰσραὴλ</span> <span class='ocrx_word' id='word_1_96' title='bbox 1810 862 1903 914; x_wconf 80' lang='grc' dir='ltr'>ἀπὸ</span> 
     </span>
    </p>

    <p class='ocr_par' dir='ltr' id='par_1_9' title="bbox 324 943 1903 1014">
     <span class='ocr_line' id='line_1_12' title="bbox 324 943 1903 1014; baseline -0.002 -16"><span class='ocrx_word' id='word_1_97' title='bbox 324 955 349 977; x_wconf 80' lang='grc'><strong>“</strong></span> <span class='ocrx_word' id='word_1_98' title='bbox 376 946 561 998; x_wconf 78' lang='grc' dir='ltr'>εἰσόδου</span> <span class='ocrx_word' id='word_1_99' title='bbox 598 947 757 1011; x_wconf 79' lang='grc' dir='ltr'>Αἱμάθ</span> <span class='ocrx_word' id='word_1_100' title='bbox 796 949 880 1003; x_wconf 82' lang='grc' dir='ltr'>ἕως</span> <span class='ocrx_word' id='word_1_101' title='bbox 917 952 997 1012; x_wconf 77' lang='grc' dir='ltr'>τῆς</span> <span class='ocrx_word' id='word_1_102' title='bbox 1040 949 1295 1013; x_wconf 81' lang='grc' dir='ltr'>θαλάσσης</span> <span class='ocrx_word' id='word_1_103' title='bbox 1338 952 1420 1012; x_wconf 81' lang='grc' dir='ltr'>τῆς</span> <span class='ocrx_word' id='word_1_104' title='bbox 1447 946 1657 1014; x_wconf 78' lang='grc' dir='ltr'>”Αραβα,</span> <span class='ocrx_word' id='word_1_105' title='bbox 1694 944 1811 996; x_wconf 79' lang='grc' dir='ltr'>κατὰ</span> <span class='ocrx_word' id='word_1_106' title='bbox 1848 943 1903 995; x_wconf 79' lang='grc' dir='ltr'>τὸ</span> 
     </span>
    </p>

    <p class='ocr_par' dir='ltr' id='par_1_10' title="bbox 322 1027 2018 1181">
     <span class='ocr_line' id='line_1_13' title="bbox 322 1027 2018 1098; baseline -0.001 -18"><span class='ocrx_word' id='word_1_107' title='bbox 322 1037 349 1058; x_wconf 84' lang='grc'><strong>“</strong></span> <span class='ocrx_word' id='word_1_108' title='bbox 375 1031 502 1096; x_wconf 81' lang='grc' dir='ltr'>ῥῆμα</span> <span class='ocrx_word' id='word_1_109' title='bbox 531 1031 706 1096; x_wconf 83' lang='grc' dir='ltr'>Κυρίου</span> <span class='ocrx_word' id='word_1_110' title='bbox 730 1037 812 1082; x_wconf 87' lang='grc' dir='ltr'>τοῦ</span> <span class='ocrx_word' id='word_1_111' title='bbox 833 1034 957 1082; x_wconf 76' lang='grc' dir='ltr'>Θεοῦ</span> <span class='ocrx_word' id='word_1_112' title='bbox 976 1030 1176 1098; x_wconf 89' lang='grc' dir='ltr'>Ἰσραὴλ</span> <span class='ocrx_word' id='word_1_113' title='bbox 1203 1030 1227 1082; x_wconf 73' lang='grc' dir='ltr'><em>ὃ</em></span> <span class='ocrx_word' id='word_1_114' title='bbox 1255 1030 1492 1095; x_wconf 81' lang='grc' dir='ltr'>ἐλάλησεν</span> <span class='ocrx_word' id='word_1_115' title='bbox 1516 1031 1564 1080; x_wconf 86' lang='grc' dir='ltr'>ἐν</span> <span class='ocrx_word' id='word_1_116' title='bbox 1589 1030 1705 1096; x_wconf 77' lang='grc' dir='ltr'>χειρὶ</span> <span class='ocrx_word' id='word_1_117' title='bbox 1732 1027 1902 1079; x_wconf 84' lang='grc' dir='ltr'>δούλου</span> <span class='ocrx_word' id='word_1_118' title='bbox 1925 1052 1972 1077; x_wconf 94' lang='lat'>10</span> <span class='ocrx_word' id='word_1_119' title='bbox 2015 1060 2018 1079; x_wconf 73' lang='grc' dir='ltr'>ι</span> 
     </span>
     <span class='ocr_line' id='line_1_14' title="bbox 322 1109 1900 1181; baseline -0.001 -19"><span class='ocrx_word' id='word_1_120' title='bbox 322 1119 349 1139; x_wconf 85' lang='grc'>“</span> <span class='ocrx_word' id='word_1_121' title='bbox 376 1113 515 1162; x_wconf 84' lang='grc' dir='ltr'>αὐτοῦ</span> <span class='ocrx_word' id='word_1_122' title='bbox 543 1113 678 1163; x_wconf 84' lang='grc' dir='ltr'>Ἰωνᾶ</span> <span class='ocrx_word' id='word_1_123' title='bbox 715 1116 812 1163; x_wconf 80' lang='grc' dir='ltr'>υἱοῦ</span> <span class='ocrx_word' id='word_1_124' title='bbox 839 1116 1013 1177; x_wconf 77' lang='grc' dir='ltr'>Ἀμαθῖ</span> <span class='ocrx_word' id='word_1_125' title='bbox 1039 1119 1123 1164; x_wconf 90' lang='grc' dir='ltr'>τοῦ</span> <span class='ocrx_word' id='word_1_126' title='bbox 1147 1118 1394 1181; x_wconf 84' lang='grc' dir='ltr'>προφητοῦ</span> <span class='ocrx_word' id='word_1_127' title='bbox 1424 1118 1506 1163; x_wconf 89' lang='grc' dir='ltr'>τοῦ</span> <span class='ocrx_word' id='word_1_128' title='bbox 1540 1113 1589 1162; x_wconf 86' lang='grc' dir='ltr'>ἐκ</span> <span class='ocrx_word' id='word_1_129' title='bbox 1620 1109 1734 1162; x_wconf 77' lang='grc' dir='ltr'>Γεὲθ</span> <span class='ocrx_word' id='word_1_130' title='bbox 1759 1112 1900 1177; x_wconf 80' lang='grc' dir='ltr'>ἀγχο-</span> 
     </span>
    </p>

    <p class='ocr_par' dir='ltr' id='par_1_11' title="bbox 323 1192 1904 1261">
     <span class='ocr_line' id='line_1_15' title="bbox 323 1192 1904 1261; baseline -0.001 -18"><span class='ocrx_word' id='word_1_131' title='bbox 323 1201 349 1222; x_wconf 81' lang='grc'>“</span> <span class='ocrx_word' id='word_1_132' title='bbox 377 1192 482 1261; x_wconf 85' lang='grc' dir='ltr'>φέρ.</span> <span class='ocrx_word' id='word_1_133' title='bbox 551 1194 620 1244; x_wconf 82' lang='grc' dir='ltr'>ὅτι</span> <span class='ocrx_word' id='word_1_134' title='bbox 674 1192 762 1244; x_wconf 78' lang='grc' dir='ltr'>εἶδε</span> <span class='ocrx_word' id='word_1_135' title='bbox 816 1195 986 1260; x_wconf 83' lang='grc' dir='ltr'>Κύριος</span> <span class='ocrx_word' id='word_1_136' title='bbox 1026 1195 1112 1257; x_wconf 86' lang='grc' dir='ltr'>τὴν</span> <span class='ocrx_word' id='word_1_137' title='bbox 1162 1196 1444 1247; x_wconf 83' lang='grc' dir='ltr'>ταπείνωσιν</span> <span class='ocrx_word' id='word_1_138' title='bbox 1493 1192 1692 1261; x_wconf 83' lang='grc' dir='ltr'>Ἰσραὴλ</span> <span class='ocrx_word' id='word_1_139' title='bbox 1733 1192 1904 1259; x_wconf 80' lang='grc' dir='ltr'>πικρὰν</span> 
     </span>
    </p>

    <p class='ocr_par' dir='ltr' id='par_1_12' title="bbox 323 1274 1905 1345">
     <span class='ocr_line' id='line_1_16' title="bbox 323 1274 1905 1345; baseline 0.001 -19"><span class='ocrx_word' id='word_1_140' title='bbox 323 1283 349 1305; x_wconf 80' lang='grc'><strong>“</strong></span> <span class='ocrx_word' id='word_1_141' title='bbox 374 1274 579 1343; x_wconf 85' lang='grc' dir='ltr'>σφόδρα,</span> <span class='ocrx_word' id='word_1_142' title='bbox 621 1280 695 1326; x_wconf 79' lang='grc' dir='ltr'>καὶ</span> <span class='ocrx_word' id='word_1_143' title='bbox 732 1276 1012 1342; x_wconf 78' lang='grc' dir='ltr'>ὀλιγοστοῦς</span> <span class='ocrx_word' id='word_1_144' title='bbox 1051 1278 1386 1345; x_wconf 79' lang='grc' dir='ltr'>συνεχομένους</span> <span class='ocrx_word' id='word_1_145' title='bbox 1425 1279 1500 1327; x_wconf 79' lang='grc' dir='ltr'>καὶ</span> <span class='ocrx_word' id='word_1_146' title='bbox 1532 1275 1905 1338; x_wconf 85' lang='grc' dir='ltr'>ἐσπανισμένους</span> 
     </span>
    </p>

    <p class='ocr_par' dir='ltr' id='par_1_13' title="bbox 323 1356 2016 1589">
     <span class='ocr_line' id='line_1_17' title="bbox 323 1356 2015 1427; baseline -0.001 -19"><span class='ocrx_word' id='word_1_147' title='bbox 323 1365 349 1387; x_wconf 78' lang='grc'>“</span> <span class='ocrx_word' id='word_1_148' title='bbox 376 1359 449 1408; x_wconf 76' lang='grc' dir='ltr'>καὶ</span> <span class='ocrx_word' id='word_1_149' title='bbox 481 1357 996 1423; x_wconf 83' lang='grc' dir='ltr'>ἐγκαταλελειμμένους,</span> <span class='ocrx_word' id='word_1_150' title='bbox 1023 1363 1097 1410; x_wconf 83' lang='grc' dir='ltr'>καὶ</span> <span class='ocrx_word' id='word_1_151' title='bbox 1129 1360 1211 1409; x_wconf 81' lang='grc' dir='ltr'>οὐκ</span> <span class='ocrx_word' id='word_1_152' title='bbox 1245 1357 1303 1423; x_wconf 81' lang='grc' dir='ltr'>ἧν</span> <span class='ocrx_word' id='word_1_153' title='bbox 1328 1361 1351 1409; x_wconf 82' lang='grc' dir='ltr'>ὁ</span> <span class='ocrx_word' id='word_1_154' title='bbox 1377 1363 1566 1424; x_wconf 78' lang='grc' dir='ltr'>βοηθῶν</span> <span class='ocrx_word' id='word_1_155' title='bbox 1591 1362 1656 1427; x_wconf 69' lang='grc' dir='ltr'>τῷ</span> <span class='ocrx_word' id='word_1_156' title='bbox 1681 1356 1896 1423; x_wconf 82' lang='grc' dir='ltr'>Ἰσραήλ.</span> <span class='ocrx_word' id='word_1_157' title='bbox 2014 1419 2015 1424; x_wconf 15' lang='grc'>1</span> 
     </span>
     <span class='ocr_line' id='line_1_18' title="bbox 323 1435 2016 1510; baseline -0.001 -19"><span class='ocrx_word' id='word_1_158' title='bbox 323 1448 351 1469; x_wconf 81' lang='grc'>“</span> <span class='ocrx_word' id='word_1_159' title='bbox 377 1442 452 1491; x_wconf 77' lang='grc' dir='ltr'>καὶ</span> <span class='ocrx_word' id='word_1_160' title='bbox 494 1441 575 1490; x_wconf 83' lang='grc' dir='ltr'>οὐκ</span> <span class='ocrx_word' id='word_1_161' title='bbox 618 1439 828 1504; x_wconf 80' lang='grc' dir='ltr'>ἐλάλησε</span> <span class='ocrx_word' id='word_1_162' title='bbox 872 1440 1044 1506; x_wconf 80' lang='grc' dir='ltr'>Κύριος</span> <span class='ocrx_word' id='word_1_163' title='bbox 1087 1441 1337 1510; x_wconf 77' lang='grc' dir='ltr'>ἐξαλεῖψαι</span> <span class='ocrx_word' id='word_1_164' title='bbox 1379 1435 1663 1506; x_wconf 67' lang='grc' dir='ltr'>τὸ’σπέρμα</span> <span class='ocrx_word' id='word_1_165' title='bbox 1701 1439 1904 1507; x_wconf 86' lang='grc' dir='ltr'>Ἰσραὴλ</span> <span class='ocrx_word' id='word_1_166' title='bbox 1926 1457 1973 1496; x_wconf 88' lang='lat'>15</span> <span class='ocrx_word' id='word_1_167' title='bbox 2012 1443 2016 1496; x_wconf 76' lang='lat' dir='ltr'>l</span> 
     </span>
     <span class='ocr_line' id='line_1_19' title="bbox 325 1519 1904 1589; baseline 0.003 -18"><span class='ocrx_word' id='word_1_168' title='bbox 325 1528 351 1551; x_wconf 72' lang='lat'>‘⁶</span> <span class='ocrx_word' id='word_1_169' title='bbox 378 1521 674 1572; x_wconf 82' lang='grc' dir='ltr'>ὑποκάτωθεν</span> <span class='ocrx_word' id='word_1_170' title='bbox 710 1527 792 1573; x_wconf 91' lang='grc' dir='ltr'>τοῦ</span> <span class='ocrx_word' id='word_1_171' title='bbox 834 1523 1043 1588; x_wconf 82' lang='grc' dir='ltr'>οὐρανοῦ·</span> <span class='ocrx_word' id='word_1_172' title='bbox 1084 1525 1159 1573; x_wconf 82' lang='grc' dir='ltr'>καὶ</span> <span class='ocrx_word' id='word_1_173' title='bbox 1203 1523 1386 1573; x_wconf 78' lang='grc' dir='ltr'>ἔσωσεν</span> <span class='ocrx_word' id='word_1_174' title='bbox 1429 1522 1594 1575; x_wconf 79' lang='grc' dir='ltr'>αὐτοὺς</span> <span class='ocrx_word' id='word_1_175' title='bbox 1634 1519 1708 1572; x_wconf 81' lang='grc' dir='ltr'>διὰ</span> <span class='ocrx_word' id='word_1_176' title='bbox 1752 1520 1904 1589; x_wconf 80' lang='grc' dir='ltr'>χειρὸς</span> 
     </span>
    </p>

    <p class='ocr_par' dir='ltr' id='par_1_14' title="bbox 323 1601 1903 1670">
     <span class='ocr_line' id='line_1_20' title="bbox 323 1601 1903 1670; baseline 0 -17"><span class='ocrx_word' id='word_1_177' title='bbox 323 1610 351 1632; x_wconf 81' lang='grc'><strong>“</strong></span> <span class='ocrx_word' id='word_1_178' title='bbox 375 1602 624 1670; x_wconf 78' lang='grc' dir='ltr'>Ἱεροβοάμ</span> <span class='ocrx_word' id='word_1_179' title='bbox 652 1607 750 1654; x_wconf 81' lang='grc' dir='ltr'>υἱοῦ</span> <span class='ocrx_word' id='word_1_180' title='bbox 776 1601 925 1657; x_wconf 79' lang='grc' dir='ltr'>Ἰωάς.</span> <span class='ocrx_word' id='word_1_181' title='bbox 994 1607 1067 1654; x_wconf 81' lang='grc' dir='ltr'>καὶ</span> <span class='ocrx_word' id='word_1_182' title='bbox 1093 1603 1152 1655; x_wconf 80' lang='grc' dir='ltr'>τὰ</span> <span class='ocrx_word' id='word_1_183' title='bbox 1183 1602 1329 1655; x_wconf 80' lang='grc' dir='ltr'>λοιπὰ</span> <span class='ocrx_word' id='word_1_184' title='bbox 1354 1608 1447 1655; x_wconf 87' lang='grc' dir='ltr'>τῶν</span> <span class='ocrx_word' id='word_1_185' title='bbox 1472 1602 1632 1669; x_wconf 83' lang='grc' dir='ltr'>λόγων</span> <span class='ocrx_word' id='word_1_186' title='bbox 1657 1603 1903 1670; x_wconf 81' lang='grc' dir='ltr'>Ἱεροβοάμ</span> 
     </span>
    </p>

    <p class='ocr_par' dir='ltr' id='par_1_15' title="bbox 324 1685 1905 1751">
     <span class='ocr_line' id='line_1_21' title="bbox 324 1685 1905 1751; baseline 0 -15"><span class='ocrx_word' id='word_1_187' title='bbox 324 1694 350 1715; x_wconf 82' lang='grc'>“</span> <span class='ocrx_word' id='word_1_188' title='bbox 374 1688 448 1736; x_wconf 77' lang='grc' dir='ltr'>καὶ</span> <span class='ocrx_word' id='word_1_189' title='bbox 498 1685 653 1737; x_wconf 78' lang='grc' dir='ltr'>πάντα</span> <span class='ocrx_word' id='word_1_190' title='bbox 704 1685 798 1736; x_wconf 79' lang='grc' dir='ltr'>ὅσα</span> <span class='ocrx_word' id='word_1_191' title='bbox 848 1687 1052 1751; x_wconf 82' lang='grc' dir='ltr'>ἐποίησε,</span> <span class='ocrx_word' id='word_1_192' title='bbox 1097 1689 1171 1737; x_wconf 80' lang='grc' dir='ltr'>καὶ</span> <span class='ocrx_word' id='word_1_193' title='bbox 1217 1690 1262 1737; x_wconf 78' lang='grc' dir='ltr'>αἱ</span> <span class='ocrx_word' id='word_1_194' title='bbox 1314 1689 1579 1737; x_wconf 83' lang='grc' dir='ltr'>δυναστεῖαι</span> <span class='ocrx_word' id='word_1_195' title='bbox 1630 1686 1771 1736; x_wconf 82' lang='grc' dir='ltr'>αὐτοῦ</span> <span class='ocrx_word' id='word_1_196' title='bbox 1810 1685 1905 1736; x_wconf 81' lang='grc' dir='ltr'>ὅσα</span> 
     </span>
    </p>

    <p class='ocr_par' dir='ltr' id='par_1_16' title="bbox 323 1766 1904 1837">
     <span class='ocr_line' id='line_1_22' title="bbox 323 1766 1904 1837; baseline 0 -19"><span class='ocrx_word' id='word_1_197' title='bbox 323 1775 351 1797; x_wconf 79' lang='lat'>“</span> <span class='ocrx_word' id='word_1_198' title='bbox 376 1768 639 1832; x_wconf 75' lang='grc' dir='ltr'>ἐπολέμησε</span> <span class='ocrx_word' id='word_1_199' title='bbox 689 1769 764 1818; x_wconf 80' lang='grc' dir='ltr'>καὶ</span> <span class='ocrx_word' id='word_1_200' title='bbox 814 1767 907 1819; x_wconf 78' lang='grc' dir='ltr'>ὅσα</span> <span class='ocrx_word' id='word_1_201' title='bbox 958 1769 1222 1837; x_wconf 78' lang='grc' dir='ltr'>ἐπέστρεψε</span> <span class='ocrx_word' id='word_1_202' title='bbox 1266 1767 1352 1833; x_wconf 85' lang='grc' dir='ltr'>τὴν</span> <span class='ocrx_word' id='word_1_203' title='bbox 1397 1766 1662 1832; x_wconf 80' lang='grc' dir='ltr'>Δαμασκὸν</span> <span class='ocrx_word' id='word_1_204' title='bbox 1701 1771 1776 1819; x_wconf 87' lang='grc' dir='ltr'>καὶ</span> <span class='ocrx_word' id='word_1_205' title='bbox 1819 1767 1904 1832; x_wconf 80' lang='grc' dir='ltr'>τὴν</span> 
     </span>
    </p>

    <p class='ocr_par' dir='ltr' id='par_1_17' title="bbox 323 1848 2009 2494">
     <span class='ocr_line' id='line_1_23' title="bbox 325 1848 1973 1920; baseline -0.002 -19"><span class='ocrx_word' id='word_1_206' title='bbox 325 1860 350 1881; x_wconf 85' lang='grc'><strong>“</strong></span> <span class='ocrx_word' id='word_1_207' title='bbox 376 1850 536 1914; x_wconf 78' lang='grc' dir='ltr'>Αἷμάθ</span> <span class='ocrx_word' id='word_1_208' title='bbox 569 1855 635 1920; x_wconf 75' lang='grc' dir='ltr'>τῷ</span> <span class='ocrx_word' id='word_1_209' title='bbox 658 1850 812 1902; x_wconf 80' lang='grc' dir='ltr'>Ἰούδα</span> <span class='ocrx_word' id='word_1_210' title='bbox 850 1852 897 1901; x_wconf 85' lang='grc' dir='ltr'>ἐν</span> <span class='ocrx_word' id='word_1_211' title='bbox 922 1849 1138 1917; x_wconf 82' lang='grc' dir='ltr'>Ἰσραὴλ,</span> <span class='ocrx_word' id='word_1_212' title='bbox 1163 1852 1245 1902; x_wconf 77' lang='grc' dir='ltr'>οὐκ</span> <span class='ocrx_word' id='word_1_213' title='bbox 1283 1848 1381 1901; x_wconf 80' lang='grc' dir='ltr'>ἰδοῦ</span> <span class='ocrx_word' id='word_1_214' title='bbox 1418 1856 1566 1902; x_wconf 89' lang='grc' dir='ltr'>ταῦτα</span> <span class='ocrx_word' id='word_1_215' title='bbox 1602 1850 1904 1916; x_wconf 86' lang='grc' dir='ltr'>γεγραμμένα</span> <span class='ocrx_word' id='word_1_216' title='bbox 1924 1871 1973 1897; x_wconf 82' lang='lat'>20</span> 
     </span>
     <span class='ocr_line' id='line_1_24' title="bbox 323 1931 1900 2002; baseline -0.001 -18"><span class='ocrx_word' id='word_1_217' title='bbox 323 1940 351 1962; x_wconf 68' lang='lat'>‘⁶</span> <span class='ocrx_word' id='word_1_218' title='bbox 375 1935 448 1984; x_wconf 82' lang='grc' dir='ltr'>ἐπὶ</span> <span class='ocrx_word' id='word_1_219' title='bbox 472 1934 649 2002; x_wconf 75' lang='grc' dir='ltr'>βιβλίῳ</span> <span class='ocrx_word' id='word_1_220' title='bbox 684 1933 843 1999; x_wconf 85' lang='grc' dir='ltr'>λόγων</span> <span class='ocrx_word' id='word_1_221' title='bbox 877 1937 971 1984; x_wconf 89' lang='grc' dir='ltr'>τῶν</span> <span class='ocrx_word' id='word_1_222' title='bbox 1003 1933 1186 1998; x_wconf 82' lang='grc' dir='ltr'>ἡμερῶν</span> <span class='ocrx_word' id='word_1_223' title='bbox 1212 1937 1307 1986; x_wconf 81' lang='grc' dir='ltr'>τοῖς</span> <span class='ocrx_word' id='word_1_224' title='bbox 1331 1937 1617 1994; x_wconf 88' lang='grc' dir='ltr'>βασιλεῦσιν</span> <span class='ocrx_word' id='word_1_225' title='bbox 1640 1931 1843 1999; x_wconf 90' lang='grc' dir='ltr'>Ἰσραήλ</span> <span class='ocrx_word' id='word_1_226' title='bbox 1862 1933 1900 1994; x_wconf 85' lang='grc'>;”</span> 
     </span>
     <span class='ocr_line' id='line_1_25' title="bbox 323 2013 1903 2084; baseline -0.001 -18"><span class='ocrx_word' id='word_1_227' title='bbox 323 2013 421 2066; x_wconf 77' lang='grc' dir='ltr'>ἰδοὺ</span> <span class='ocrx_word' id='word_1_228' title='bbox 483 2013 539 2079; x_wconf 83' lang='grc' dir='ltr'>δὴ</span> <span class='ocrx_word' id='word_1_229' title='bbox 595 2019 766 2083; x_wconf 80' lang='grc' dir='ltr'>σαφῶς</span> <span class='ocrx_word' id='word_1_230' title='bbox 827 2015 1195 2083; x_wconf 82' lang='grc' dir='ltr'>κατατεθλίφθαι</span> <span class='ocrx_word' id='word_1_231' title='bbox 1254 2017 1376 2084; x_wconf 81' lang='grc' dir='ltr'>φησὶ</span> <span class='ocrx_word' id='word_1_232' title='bbox 1427 2014 1535 2068; x_wconf 80' lang='grc' dir='ltr'>τοῦς</span> <span class='ocrx_word' id='word_1_233' title='bbox 1583 2015 1640 2083; x_wconf 76' lang='grc' dir='ltr'>ἐξ</span> <span class='ocrx_word' id='word_1_234' title='bbox 1689 2013 1903 2082; x_wconf 86' lang='grc' dir='ltr'>Ἰσραὴλ,</span> 
     </span>
     <span class='ocr_line' id='line_1_26' title="bbox 324 2095 1898 2164; baseline -0.001 -16"><span class='ocrx_word' id='word_1_235' title='bbox 324 2099 404 2148; x_wconf 78' lang='grc' dir='ltr'>οὐκ</span> <span class='ocrx_word' id='word_1_236' title='bbox 441 2096 572 2151; x_wconf 78' lang='grc' dir='ltr'>ὄντος</span> <span class='ocrx_word' id='word_1_237' title='bbox 606 2103 688 2148; x_wconf 91' lang='grc' dir='ltr'>τοῦ</span> <span class='ocrx_word' id='word_1_238' title='bbox 723 2097 969 2164; x_wconf 75' lang='grc' dir='ltr'>σώζοντος,</span> <span class='ocrx_word' id='word_1_239' title='bbox 996 2100 1058 2152; x_wconf 86' lang='grc' dir='ltr'>ὡς</span> <span class='ocrx_word' id='word_1_240' title='bbox 1092 2096 1375 2163; x_wconf 78' lang='grc' dir='ltr'>ὀλιγοστοῦς</span> <span class='ocrx_word' id='word_1_241' title='bbox 1408 2095 1520 2148; x_wconf 75' lang='grc' dir='ltr'>εἶναι</span> <span class='ocrx_word' id='word_1_242' title='bbox 1552 2100 1627 2148; x_wconf 82' lang='grc' dir='ltr'>καὶ</span> <span class='ocrx_word' id='word_1_243' title='bbox 1665 2100 1898 2149; x_wconf 88' lang='grc' dir='ltr'>διεσπασ-</span> 
     </span>
     <span class='ocr_line' id='line_1_27' title="bbox 324 2177 1904 2247; baseline 0 -17"><span class='ocrx_word' id='word_1_244' title='bbox 324 2180 499 2242; x_wconf 87' lang='grc' dir='ltr'>μένους·</span> <span class='ocrx_word' id='word_1_245' title='bbox 554 2184 804 2231; x_wconf 86' lang='grc' dir='ltr'>σεσῶσθαι</span> <span class='ocrx_word' id='word_1_246' title='bbox 855 2179 1002 2245; x_wconf 84' lang='grc' dir='ltr'>γεμὴν</span> <span class='ocrx_word' id='word_1_247' title='bbox 1045 2181 1093 2231; x_wconf 83' lang='grc' dir='ltr'>ἐκ</span> <span class='ocrx_word' id='word_1_248' title='bbox 1141 2178 1293 2247; x_wconf 83' lang='grc' dir='ltr'>χειρὸς</span> <span class='ocrx_word' id='word_1_249' title='bbox 1335 2178 1597 2246; x_wconf 79' lang='grc' dir='ltr'>Ἱεροβοάμ.</span> <span class='ocrx_word' id='word_1_250' title='bbox 1668 2177 1722 2230; x_wconf 81' lang='grc' dir='ltr'>τὸ</span> <span class='ocrx_word' id='word_1_251' title='bbox 1766 2181 1814 2230; x_wconf 81' lang='grc' dir='ltr'>δὲ</span> <span class='ocrx_word' id='word_1_252' title='bbox 1854 2180 1904 2230; x_wconf 87' lang='grc' dir='ltr'>ἐκ</span> 
     </span>
     <span class='ocr_line' id='line_1_28' title="bbox 324 2259 2009 2330; baseline 0 -17"><span class='ocrx_word' id='word_1_253' title='bbox 324 2261 476 2330; x_wconf 81' lang='grc' dir='ltr'>χειρὸς</span> <span class='ocrx_word' id='word_1_254' title='bbox 517 2261 727 2324; x_wconf 81' lang='grc' dir='ltr'>τέθεικεν,</span> <span class='ocrx_word' id='word_1_255' title='bbox 767 2263 868 2312; x_wconf 75' lang='grc' dir='ltr'>ἀντὶ</span> <span class='ocrx_word' id='word_1_256' title='bbox 909 2267 990 2312; x_wconf 90' lang='grc' dir='ltr'>τοῦ</span> <span class='ocrx_word' id='word_1_257' title='bbox 1031 2260 1107 2312; x_wconf 79' lang='grc' dir='ltr'>διὰ</span> <span class='ocrx_word' id='word_1_258' title='bbox 1150 2259 1315 2329; x_wconf 85' lang='grc' dir='ltr'>χειρός.</span> <span class='ocrx_word' id='word_1_259' title='bbox 1382 2263 1434 2312; x_wconf 83' lang='grc' dir='ltr'>οὐ</span> <span class='ocrx_word' id='word_1_260' title='bbox 1469 2260 1564 2328; x_wconf 79' lang='grc' dir='ltr'>γὰρ</span> <span class='ocrx_word' id='word_1_261' title='bbox 1607 2259 1665 2325; x_wconf 81' lang='grc' dir='ltr'>ἧν</span> <span class='ocrx_word' id='word_1_262' title='bbox 1702 2260 1840 2314; x_wconf 80' lang='grc' dir='ltr'>αὐτὸς</span> <span class='ocrx_word' id='word_1_263' title='bbox 1878 2261 1970 2325; x_wconf 72' lang='lat'>&lt;325</span> <span class='ocrx_word' id='word_1_264' title='bbox 2006 2279 2009 2313; x_wconf 64' lang='grc' dir='ltr'>,Ι</span> 
     </span>
     <span class='ocr_line' id='line_1_29' title="bbox 326 2342 1900 2411; baseline -0.001 -16"><span class='ocrx_word' id='word_1_265' title='bbox 326 2344 594 2410; x_wconf 90' lang='grc' dir='ltr'>συντρίβων</span> <span class='ocrx_word' id='word_1_266' title='bbox 632 2342 713 2394; x_wconf 80' lang='grc' dir='ltr'>τὸν</span> <span class='ocrx_word' id='word_1_267' title='bbox 753 2342 969 2410; x_wconf 85' lang='grc' dir='ltr'>Ἰσραὴλ,</span> <span class='ocrx_word' id='word_1_268' title='bbox 1010 2342 1271 2411; x_wconf 82' lang='grc' dir='ltr'>μαχόμενος</span> <span class='ocrx_word' id='word_1_269' title='bbox 1323 2342 1369 2394; x_wconf 77' lang='grc' dir='ltr'>δὲ</span> <span class='ocrx_word' id='word_1_270' title='bbox 1420 2348 1610 2406; x_wconf 83' lang='grc' dir='ltr'>μᾶλλον</span> <span class='ocrx_word' id='word_1_271' title='bbox 1661 2345 1736 2393; x_wconf 77' lang='grc' dir='ltr'>καὶ</span> <span class='ocrx_word' id='word_1_272' title='bbox 1779 2366 1900 2409; x_wconf 89' lang='grc' dir='ltr'>προ-</span> 
     </span>
     <span class='ocr_line' id='line_1_30' title="bbox 328 2424 1904 2494; baseline 0.001 -18"><span class='ocrx_word' id='word_1_273' title='bbox 328 2426 540 2493; x_wconf 75' lang='grc' dir='ltr'>ασπίζων</span> <span class='ocrx_word' id='word_1_274' title='bbox 571 2427 725 2477; x_wconf 81' lang='grc' dir='ltr'>αὐτοῦ·</span> <span class='ocrx_word' id='word_1_275' title='bbox 761 2426 1025 2494; x_wconf 82' lang='grc' dir='ltr'>ἐπέστρεψε</span> <span class='ocrx_word' id='word_1_276' title='bbox 1058 2428 1105 2476; x_wconf 89' lang='grc' dir='ltr'>δε</span> <span class='ocrx_word' id='word_1_277' title='bbox 1136 2424 1220 2490; x_wconf 88' lang='grc' dir='ltr'>τὴν</span> <span class='ocrx_word' id='word_1_278' title='bbox 1246 2424 1524 2489; x_wconf 80' lang='grc' dir='ltr'>Δαμασκὸν,</span> <span class='ocrx_word' id='word_1_279' title='bbox 1553 2428 1627 2477; x_wconf 78' lang='grc' dir='ltr'>καὶ</span> <span class='ocrx_word' id='word_1_280' title='bbox 1652 2425 1904 2477; x_wconf 82' lang='grc' dir='ltr'>ἀπέσπασε</span> 
     </span>
    </p>

    <p class='ocr_par' dir='ltr' id='par_1_18' title="bbox 327 2506 1903 2575">
     <span class='ocr_line' id='line_1_31' title="bbox 327 2506 1903 2575; baseline -0.001 -15"><span class='ocrx_word' id='word_1_281' title='bbox 327 2507 382 2560; x_wconf 80' lang='grc' dir='ltr'>τὸ</span> <span class='ocrx_word' id='word_1_282' title='bbox 417 2508 543 2575; x_wconf 80' lang='grc' dir='ltr'>ὅριον</span> <span class='ocrx_word' id='word_1_283' title='bbox 567 2507 769 2575; x_wconf 87' lang='grc' dir='ltr'>Ἰσραὴλ</span> <span class='ocrx_word' id='word_1_284' title='bbox 802 2510 878 2559; x_wconf 83' lang='grc' dir='ltr'>καὶ</span> <span class='ocrx_word' id='word_1_285' title='bbox 913 2508 1186 2562; x_wconf 85' lang='grc' dir='ltr'>δυναστείας</span> <span class='ocrx_word' id='word_1_286' title='bbox 1219 2508 1463 2574; x_wconf 79' lang='grc' dir='ltr'>εἴργασται</span> <span class='ocrx_word' id='word_1_287' title='bbox 1496 2506 1700 2562; x_wconf 81' lang='grc' dir='ltr'>πολλάς.</span> <span class='ocrx_word' id='word_1_288' title='bbox 1761 2513 1903 2570; x_wconf 84' lang='grc' dir='ltr'>βασι-</span> 
     </span>
    </p>
   </div>
   <div class='ocr_carea' id='block_1_5' title="bbox 327 2630 1902 2724">
    <p class='ocr_par' dir='ltr' id='par_1_19' title="bbox 327 2630 1902 2724">
     <span class='ocr_line' id='line_1_32' title="bbox 384 2630 1902 2677; baseline -0.001 -11"><span class='ocrx_word' id='word_1_289' title='bbox 384 2642 429 2666; x_wconf 84' lang='grc'>2-</span> <span class='ocrx_word' id='word_1_290' title='bbox 432 2642 486 2666; x_wconf 90' lang='grc'>22.</span> <span class='ocrx_word' id='word_1_291' title='bbox 511 2631 1014 2677; x_wconf 81' lang='grc' dir='ltr'>γέγραπται-κατατεθλίφθαι</span> <span class='ocrx_word' id='word_1_292' title='bbox 1042 2633 1151 2677; x_wconf 78' lang='grc' dir='ltr'>φησὶν</span> <span class='ocrx_word' id='word_1_293' title='bbox 1179 2631 1255 2667; x_wconf 84' lang='grc' dir='ltr'>τοὺς</span> <span class='ocrx_word' id='word_1_294' title='bbox 1285 2631 1322 2675; x_wconf 78' lang='grc' dir='ltr'>ἐξ</span> <span class='ocrx_word' id='word_1_295' title='bbox 1343 2630 1501 2677; x_wconf 85' lang='grc' dir='ltr'>Ἰσραὴλ]</span> <span class='ocrx_word' id='word_1_296' title='bbox 1529 2631 1564 2665; x_wconf 79' lang='grc' dir='ltr'>ἐν</span> <span class='ocrx_word' id='word_1_297' title='bbox 1589 2633 1672 2677; x_wconf 86' lang='grc' dir='ltr'>γοῦν</span> <span class='ocrx_word' id='word_1_298' title='bbox 1696 2633 1735 2675; x_wconf 84' lang='grc' dir='ltr'>τῇ</span> <span class='ocrx_word' id='word_1_299' title='bbox 1761 2631 1902 2676; x_wconf 87' lang='grc' dir='ltr'>τετάρτῃ</span> 
     </span>
     <span class='ocr_line' id='line_1_33' title="bbox 327 2677 1901 2724; baseline -0.001 -12"><span class='ocrx_word' id='word_1_300' title='bbox 327 2682 393 2712; x_wconf 86' lang='grc' dir='ltr'>τῶν</span> <span class='ocrx_word' id='word_1_301' title='bbox 416 2680 603 2717; x_wconf 85' lang='grc' dir='ltr'>βασιλειῶν</span> <span class='ocrx_word' id='word_1_302' title='bbox 627 2693 812 2724; x_wconf 83' lang='grc' dir='ltr'>γεγραπται</span> <span class='ocrx_word' id='word_1_303' title='bbox 838 2679 1103 2723; x_wconf 82' lang='grc' dir='ltr'>κατατεθλίφθαι</span> <span class='ocrx_word' id='word_1_304' title='bbox 1122 2694 1182 2722; x_wconf 88' lang='grc' dir='ltr'>μεν</span> <span class='ocrx_word' id='word_1_305' title='bbox 1201 2679 1277 2714; x_wconf 84' lang='grc' dir='ltr'>τοὺς</span> <span class='ocrx_word' id='word_1_306' title='bbox 1294 2678 1353 2723; x_wconf 74' lang='grc' dir='ltr'>εξ’</span> <span class='ocrx_word' id='word_1_307' title='bbox 1359 2679 1487 2723; x_wconf 87' lang='grc' dir='ltr'>Ισραὴλ</span> <span class='ocrx_word' id='word_1_308' title='bbox 1507 2677 1598 2712; x_wconf 86' lang='lat' dir='ltr'><strong>Edd.</strong></span> <span class='ocrx_word' id='word_1_309' title='bbox 1658 2677 1724 2723; x_wconf 84' lang='grc' dir='ltr'>γὰρ</span> <span class='ocrx_word' id='word_1_310' title='bbox 1741 2677 1784 2712; x_wconf 90' lang='grc' dir='ltr'>Α.</span> <span class='ocrx_word' id='word_1_311' title='bbox 1803 2678 1840 2711; x_wconf 79' lang='grc' dir='ltr'>δὲ</span> <span class='ocrx_word' id='word_1_312' title='bbox 1860 2677 1901 2711; x_wconf 91' lang='grc' dir='ltr'>Β.</span> 
     </span>
    </p>
   </div>
   <div class='ocr_carea' id='block_1_6' title="bbox 329 2723 1903 3050">
    <p class='ocr_par' dir='ltr' id='par_1_20' title="bbox 329 2723 1903 3050">
     <span class='ocr_line' id='line_1_34' title="bbox 329 2723 1902 2771; baseline -0.001 -12"><span class='ocrx_word' id='word_1_313' title='bbox 329 2726 361 2759; x_wconf 95' lang='grc'>8.</span> <span class='ocrx_word' id='word_1_314' title='bbox 388 2725 486 2760; x_wconf 82' lang='grc' dir='ltr'>αυτὸς</span> <span class='ocrx_word' id='word_1_315' title='bbox 502 2726 567 2771; x_wconf 82' lang='grc' dir='ltr'>γὰρ</span> <span class='ocrx_word' id='word_1_316' title='bbox 585 2730 625 2760; x_wconf 86' lang='grc' dir='ltr'>αὐ</span> <span class='ocrx_word' id='word_1_317' title='bbox 644 2725 832 2769; x_wconf 83' lang='grc' dir='ltr'>κατέστησε</span> <span class='ocrx_word' id='word_1_318' title='bbox 850 2727 888 2760; x_wconf 84' lang='grc' dir='ltr'>τὸ</span> <span class='ocrx_word' id='word_1_319' title='bbox 906 2725 998 2771; x_wconf 70' lang='grc' dir='ltr'>ὅριοι)</span> <span class='ocrx_word' id='word_1_320' title='bbox 1016 2726 1056 2759; x_wconf 85' lang='lat' dir='ltr'>B</span> <span class='ocrx_word' id='word_1_321' title='bbox 1076 2726 1175 2761; x_wconf 86' lang='grc' dir='ltr'>αυτὸς</span> <span class='ocrx_word' id='word_1_322' title='bbox 1191 2725 1364 2768; x_wconf 81' lang='grc' dir='ltr'>ἀπεστησε</span> <span class='ocrx_word' id='word_1_323' title='bbox 1381 2727 1440 2760; x_wconf 86' lang='grc' dir='ltr'>τὸν</span> <span class='ocrx_word' id='word_1_324' title='bbox 1458 2726 1501 2759; x_wconf 93' lang='lat' dir='ltr'>A.</span> <span class='ocrx_word' id='word_1_325' title='bbox 1687 2737 1720 2770; x_wconf 89' lang='lat'>9.</span> <span class='ocrx_word' id='word_1_326' title='bbox 1747 2724 1842 2769; x_wconf 80' lang='grc' dir='ltr'>ἐμὰθ.</span> <span class='ocrx_word' id='word_1_327' title='bbox 1860 2723 1902 2758; x_wconf 91' lang='grc' dir='ltr'>Β.</span> 
     </span>
     <span class='ocr_line' id='line_1_35' title="bbox 334 2771 1902 2818; baseline -0.001 -13"><span class='ocrx_word' id='word_1_328' title='bbox 334 2782 385 2806; x_wconf 88' lang='lat'><strong>10.</strong></span> <span class='ocrx_word' id='word_1_329' title='bbox 411 2774 469 2806; x_wconf 86' lang='grc' dir='ltr'>τοῦ</span> <span class='ocrx_word' id='word_1_330' title='bbox 487 2781 707 2818; x_wconf 81' lang='lat' dir='ltr'>assumptum</span> <span class='ocrx_word' id='word_1_331' title='bbox 725 2784 766 2806; x_wconf 85' lang='lat' dir='ltr'>ex</span> <span class='ocrx_word' id='word_1_332' title='bbox 787 2773 828 2806; x_wconf 88' lang='grc' dir='ltr'>Β.</span> <span class='ocrx_word' id='word_1_333' title='bbox 940 2784 991 2806; x_wconf 90' lang='lat'><strong>11.</strong></span> <span class='ocrx_word' id='word_1_334' title='bbox 1010 2775 1069 2806; x_wconf 84' lang='grc' dir='ltr'>τοῦ</span> <span class='ocrx_word' id='word_1_335' title='bbox 1086 2773 1182 2817; x_wconf 82' lang='lat' dir='ltr'><strong>prius</strong></span> <span class='ocrx_word' id='word_1_336' title='bbox 1201 2779 1420 2816; x_wconf 78' lang='lat' dir='ltr'>assumptum</span> <span class='ocrx_word' id='word_1_337' title='bbox 1437 2784 1477 2806; x_wconf 85' lang='lat' dir='ltr'>ex</span> <span class='ocrx_word' id='word_1_338' title='bbox 1497 2771 1539 2805; x_wconf 92' lang='lat' dir='ltr'><strong>B.</strong></span> <span class='ocrx_word' id='word_1_339' title='bbox 1587 2771 1667 2817; x_wconf 81' lang='grc' dir='ltr'>γεεθ</span> <span class='ocrx_word' id='word_1_340' title='bbox 1683 2771 1840 2817; x_wconf 82' lang='grc' dir='ltr'>ἀγχοφέρ</span> <span class='ocrx_word' id='word_1_341' title='bbox 1857 2771 1902 2804; x_wconf 92' lang='grc' dir='ltr'>Α.</span> 
     </span>
     <span class='ocr_line' id='line_1_36' title="bbox 330 2818 1903 2875; baseline 0 -24"><span class='ocrx_word' id='word_1_342' title='bbox 330 2818 525 2875; x_wconf 79' lang='grc' dir='ltr'>χεθαγοφέρ</span> <span class='ocrx_word' id='word_1_343' title='bbox 546 2819 587 2853; x_wconf 88' lang='grc' dir='ltr'>Β.</span> <span class='ocrx_word' id='word_1_344' title='bbox 796 2831 848 2853; x_wconf 88' lang='lat'>12.</span> <span class='ocrx_word' id='word_1_345' title='bbox 873 2819 1091 2865; x_wconf 85' lang='grc' dir='ltr'>ταπείνωσιν]</span> <span class='ocrx_word' id='word_1_346' title='bbox 1110 2824 1146 2860; x_wconf 90' lang='grc' dir='ltr'>-Ι-</span> <span class='ocrx_word' id='word_1_347' title='bbox 1160 2822 1218 2853; x_wconf 86' lang='grc' dir='ltr'>τοῦ</span> <span class='ocrx_word' id='word_1_348' title='bbox 1237 2820 1280 2852; x_wconf 97' lang='lat' dir='ltr'>A.</span> <span class='ocrx_word' id='word_1_349' title='bbox 1299 2818 1396 2863; x_wconf 89' lang='grc'><strong>(93.)</strong></span> <span class='ocrx_word' id='word_1_350' title='bbox 1609 2829 1661 2863; x_wconf 85' lang='lat'><strong>13.</strong></span> <span class='ocrx_word' id='word_1_351' title='bbox 1687 2818 1824 2862; x_wconf 82' lang='grc' dir='ltr'>ὀλίγους</span> <span class='ocrx_word' id='word_1_352' title='bbox 1841 2828 1903 2861; x_wconf 85' lang='lat' dir='ltr'>pro</span> 
     </span>
     <span class='ocr_line' id='line_1_37' title="bbox 330 2833 1902 2911; baseline 0.001 -15"><span class='ocrx_word' id='word_1_353' title='bbox 330 2864 533 2908; x_wconf 78' lang='grc' dir='ltr'>ὀλιγοστοὺς</span> <span class='ocrx_word' id='word_1_354' title='bbox 549 2866 593 2899; x_wconf 86' lang='grc' dir='ltr'>Α.</span> <span class='ocrx_word' id='word_1_355' title='bbox 709 2865 761 2900; x_wconf 80' lang='lat'>16,</span> <span class='ocrx_word' id='word_1_356' title='bbox 778 2866 832 2900; x_wconf 86' lang='grc' dir='ltr'>διὰ</span> <span class='ocrx_word' id='word_1_357' title='bbox 848 2866 961 2911; x_wconf 79' lang='grc' dir='ltr'>χειρὸς</span> <span class='ocrx_word' id='word_1_358' title='bbox 978 2867 1021 2900; x_wconf 95' lang='lat' dir='ltr'>A.</span> <span class='ocrx_word' id='word_1_359' title='bbox 1027 2866 1068 2900; x_wconf 90' lang='lat' dir='ltr'><strong>B.</strong></span> <span class='ocrx_word' id='word_1_360' title='bbox 1088 2866 1147 2900; x_wconf 85' lang='lat' dir='ltr'>sed</span> <span class='ocrx_word' id='word_1_361' title='bbox 1166 2878 1237 2900; x_wconf 89' lang='lat' dir='ltr'>non</span> <span class='ocrx_word' id='word_1_362' title='bbox 1255 2873 1306 2899; x_wconf 82' lang='lat' dir='ltr'>est</span> <span class='ocrx_word' id='word_1_363' title='bbox 1324 2865 1471 2899; x_wconf 86' lang='lat' dir='ltr'>dubium</span> <span class='ocrx_word' id='word_1_364' title='bbox 1488 2865 1572 2911; x_wconf 89' lang='lat' dir='ltr'>quin</span> <span class='ocrx_word' id='word_1_365' title='bbox 1590 2865 1625 2899; x_wconf 83' lang='grc' dir='ltr'>ἐκ</span> <span class='ocrx_word' id='word_1_366' title='bbox 1642 2865 1752 2910; x_wconf 80' lang='grc' dir='ltr'>χειρὸς</span> <span class='ocrx_word' id='word_1_367' title='bbox 1743 2833 1885 2908; x_wconf 60' lang='lat' dir='ltr'>y(Alex.</span> <span class='ocrx_word' id='word_1_368' title='bbox 1891 2864 1902 2905; x_wconf 94' lang='lat'>)</span> 
     </span>
     <span class='ocr_line' id='line_1_38' title="bbox 331 2909 1901 2996; baseline 0.001 -54"><span class='ocrx_word' id='word_1_369' title='bbox 331 2911 451 2954; x_wconf 81' lang='lat' dir='ltr'>legerit</span> <span class='ocrx_word' id='word_1_370' title='bbox 471 2912 514 2945; x_wconf 90' lang='lat' dir='ltr'><strong>D.</strong></span> <span class='ocrx_word' id='word_1_371' title='bbox 534 2911 697 2957; x_wconf 79' lang='lat' dir='ltr'><strong>Cyrinus.</strong></span> <span class='ocrx_word' id='word_1_372' title='bbox 717 2913 760 2947; x_wconf 89' lang='lat' dir='ltr'>cf</span> <span class='ocrx_word' id='word_1_373' title='bbox 780 2914 897 2957; x_wconf 84' lang='lat' dir='ltr'>paullo</span> <span class='ocrx_word' id='word_1_374' title='bbox 914 2913 1004 2947; x_wconf 85' lang='lat' dir='ltr'>infra</span> <span class='ocrx_word' id='word_1_375' title='bbox 1020 2919 1053 2947; x_wconf 84' lang='lat' dir='ltr'>et</span> <span class='ocrx_word' id='word_1_376' title='bbox 1070 2913 1105 2948; x_wconf 88' lang='lat' dir='ltr'>in</span> <span class='ocrx_word' id='word_1_377' title='bbox 1122 2913 1251 2947; x_wconf 85' lang='lat' dir='ltr'><strong>Jonam</strong></span> <span class='ocrx_word' id='word_1_378' title='bbox 1270 2925 1302 2957; x_wconf 89' lang='lat' dir='ltr'><strong>p.</strong></span> <span class='ocrx_word' id='word_1_379' title='bbox 1322 2911 1389 2957; x_wconf 87' lang='lat'>365</span> <span class='ocrx_word' id='word_1_380' title='bbox 1407 2924 1438 2946; x_wconf 87' lang='lat' dir='ltr'><strong>a.</strong></span> <span class='ocrx_word' id='word_1_381' title='bbox 1632 2922 1684 2956; x_wconf 91' lang='lat'><strong>19.</strong></span> <span class='ocrx_word' id='word_1_382' title='bbox 1709 2911 1768 2950; x_wconf 87' lang='grc' dir='ltr'>τὴν</span> <span class='ocrx_word' id='word_1_383' title='bbox 1784 2909 1901 2996; x_wconf 33' lang='lat' dir='ltr'><strong>prius}</strong></span> 
     </span>
     <span class='ocr_line' id='line_1_39' title="bbox 331 2956 1868 3004; baseline -0.001 -12"><span class='ocrx_word' id='word_1_384' title='bbox 331 2957 388 2989; x_wconf 84' lang='grc' dir='ltr'>τὸν</span> <span class='ocrx_word' id='word_1_385' title='bbox 408 2956 449 2990; x_wconf 88' lang='grc' dir='ltr'>Β</span> <span class='ocrx_word' id='word_1_386' title='bbox 632 2970 686 2992; x_wconf 86' lang='lat'><strong>21.</strong></span> <span class='ocrx_word' id='word_1_387' title='bbox 711 2960 858 2999; x_wconf 83' lang='grc' dir='ltr'>βιβλίων</span> <span class='ocrx_word' id='word_1_388' title='bbox 875 2960 917 2993; x_wconf 87' lang='lat' dir='ltr'>A.</span> <span class='ocrx_word' id='word_1_389' title='bbox 1109 2971 1163 2995; x_wconf 86' lang='lat'><strong>22.</strong></span> <span class='ocrx_word' id='word_1_390' title='bbox 1190 2959 1455 3004; x_wconf 80' lang='grc' dir='ltr'>κατατεθλίφθαι</span> <span class='ocrx_word' id='word_1_391' title='bbox 1475 2958 1714 3004; x_wconf 86' lang='grc' dir='ltr'>[κατεθλίφθαι</span> <span class='ocrx_word' id='word_1_392' title='bbox 1731 2956 1820 3001; x_wconf 80' lang='lat' dir='ltr'>(Sic)</span> <span class='ocrx_word' id='word_1_393' title='bbox 1839 2957 1868 2990; x_wconf 89' lang='lat' dir='ltr'>A</span> 
     </span>
     <span class='ocr_line' id='line_1_40' title="bbox 331 3003 1655 3050; baseline 0.002 -14"><span class='ocrx_word' id='word_1_394' title='bbox 331 3003 420 3046; x_wconf 85' lang='grc' dir='ltr'>φησι</span> <span class='ocrx_word' id='word_1_395' title='bbox 438 3018 514 3039; x_wconf 87' lang='grc' dir='ltr'>τους</span> <span class='ocrx_word' id='word_1_396' title='bbox 532 3004 568 3047; x_wconf 76' lang='grc' dir='ltr'>ἐξ</span> <span class='ocrx_word' id='word_1_397' title='bbox 587 3004 628 3038; x_wconf 87' lang='lat' dir='ltr'>A.</span> <span class='ocrx_word' id='word_1_398' title='bbox 649 3005 939 3040; x_wconf 85' lang='grc' dir='ltr'>κατατέθλιπται</span> <span class='ocrx_word' id='word_1_399' title='bbox 924 3022 941 3040; x_wconf 94' lang='grc' dir='ltr'>ο</span> <span class='ocrx_word' id='word_1_400' title='bbox 964 3006 1001 3040; x_wconf 85' lang='grc' dir='ltr'>Β.</span> <span class='ocrx_word' id='word_1_401' title='bbox 1193 3006 1247 3040; x_wconf 87' lang='grc'>28</span> <span class='ocrx_word' id='word_1_402' title='bbox 1273 3004 1465 3050; x_wconf 81' lang='grc' dir='ltr'>ειργασται]</span> <span class='ocrx_word' id='word_1_403' title='bbox 1486 3010 1521 3046; x_wconf 63' lang='grc' dir='ltr'>-ὖν</span> <span class='ocrx_word' id='word_1_404' title='bbox 1537 3006 1594 3040; x_wconf 85' lang='grc' dir='ltr'>τὰς</span> <span class='ocrx_word' id='word_1_405' title='bbox 1613 3005 1655 3039; x_wconf 88' lang='grc' dir='ltr'>Β.</span> 
     </span>
    </p>
   </div>
  </div>
 </body>
</html>
