2021 3434
134 161 205 203 xii.
230 175 294 214 14.
592 161 665 203 IN
706 160 942 202 OSEAM.
1002 158 1146 200 TOM.
1179 157 1258 199 VI.
1624 154 1707 194 257

136 271 219 324 τὸν
257 272 459 340 Ἰσραὴλ
509 273 594 338 τὴν
644 275 918 341 ὁρισθεῖσαν
967 269 1176 336 ἐντολὴν,
1227 270 1303 321 καὶ
1350 268 1747 335 καταφρονῆσαιο

137 358 262 406 Θεοῦ
299 355 520 422 λέγοντος
559 363 587 385 “
611 357 715 407 Οὐκ
749 355 941 406 ἔσονταί
969 377 1048 405 σοι
1086 354 1180 404 θεοὶ
1216 352 1359 418 ἕτεροι
1391 348 1520 414 πλὴν
1551 347 1706 412 ἐμοῦ,”

137 438 212 487 καὶ
246 442 329 488 τοῦ
361 436 425 502 μὴ
463 437 635 489 ἐθέλειν
659 442 760 491 ταῖς
786 441 879 488 τῶν
910 435 1123 502 πατέρων
1147 434 1400 486 ἐπιεικείαις
1425 433 1710 494 διαμιλλᾶσ-

139 522 216 569 θαι
255 522 425 587 φιλεῖν·
467 517 736 584 ἐπιπλήττει
769 517 874 585 γᾶρ,
902 517 972 569 ὅτι
1004 515 1260 583 γεγόνασιν
1294 514 1417 568 ὅλως
1454 516 1497 564 οἱ
1534 511 1591 580 ἐξ
1614 514 1713 562 Ἰσ-

97 618 120 657 5
139 599 263 667 ραὴλ
314 599 402 652 ὑπὸ
452 600 538 666 τὴν
581 601 840 667 ἀνθρώπων
882 600 1145 662 βασιλείαν,
1187 596 1334 649 καίτοι
1374 594 1713 657 βασιλεύοντος

140 683 292 733 αὐτῶν
334 688 416 733 τοῦ
456 686 580 734 Θεοῦ
623 681 699 734 διὰ
744 686 1013 751 Προφητῶν
1064 681 1223 746 ἁγίων,
1264 680 1339 729 καὶ
1379 674 1713 728 ἐλλελοιπότος

140 765 295 817 αὐτοῖς
326 763 522 828 οὐδενὸς,
547 769 609 820 εὶς
643 765 696 816 τὸ
735 763 848 815 εἶναι
884 762 1151 829 μακαρίους.
1218 757 1489 824 μεμνήμεθα
1519 756 1612 823 γὰρ
1643 755 1714 807 ὅτι

140 845 378 911 περιόντος
411 869 460 898 τε
494 849 567 898 καὶ
605 843 980 915 προφητεύοντος
1012 843 1078 894 ἔτι
1110 847 1194 894 τοῦ
1217 840 1444 906 μακαρίου
1471 836 1713 902 Σαμουὴλ,

1768 353 1873 385 Exod.

1769 408 1823 428 xx.
1845 407 1873 437 3.

1776 850 1789 872 1
1809 841 1893 881 Reg.

1773 885 1934 924 viii.5‚&c.

141 927 370 995 ἐζήτησαν
399 929 622 990 βασιλέα.
692 930 768 979 καὶ
809 924 927 994 πρός
961 949 1015 992 γε
1056 924 1112 989 δὴ
1150 929 1288 975 τοῦτο
1324 920 1446 975 Θεὸς
1485 918 1755 986 ὠργίζετομι
1787 934 1865 970 178
1881 931 1932 966 A.

76 1035 124 1059 10
143 1012 217 1061 καὶ
242 1012 303 1064 ὡς
329 1010 609 1078 ὑβρισμένος
643 1011 697 1062 οὐ
729 1009 923 1075 μετρίως
953 1007 1215 1072 λελύπηται
1237 1004 1335 1070 μὲν,
1360 1002 1490 1067 πλὴν
1516 1000 1719 1070 ἀνέδειξε

141 1092 224 1145 τὸν
263 1093 436 1146 Σαούλ.
501 1094 666 1144 οὐκοῦν
702 1096 900 1143 αἰτιᾶται
937 1091 1060 1154 λίαν,
1086 1088 1156 1140 ὅτι
1191 1087 1447 1155 γεγόνασιν
1479 1085 1602 1138 ὅλως
1629 1082 1719 1135 ὑπὸ

142 1174 227 1240 τὴν
250 1174 509 1241 ἀνθρώπων
533 1175 798 1237 βασιλείαν,
820 1174 902 1224 οὐκ
927 1170 1241 1240 ἀνασχόμενοι
1266 1169 1320 1221 τὸ
1345 1166 1475 1234 παρὰ
1494 1171 1618 1218 Θεοῦ
1644 1164 1720 1216 διὰ

145 1260 416 1326 Προφητῶν
452 1256 810 1319 βασιλεύεσθαι.
877 1254 1060 1306 σέσωκε
1097 1252 1183 1318 μὲν
1220 1250 1330 1319 γὰρ,
1356 1251 1521 1320 φησιν,
1546 1250 1571 1299 ὁ
1598 1247 1719 1302 Θεὸς

145 1339 226 1390 τὸν
248 1340 464 1406 Ἰσραὴλ,
503 1341 578 1391 καὶ
614 1339 670 1408 ἐξ
704 1338 830 1389 οἴκου
868 1337 1078 1391 δουλείας
1115 1334 1359 1404 ἐξήγαγεν,
1397 1330 1722 1397 μεσιτεύοντος

81 1440 127 1480 15
146 1427 227 1472 τοῦ
279 1421 537 1484 Μωυσέως,
588 1420 638 1475 ὃς
688 1422 763 1472 καὶ
816 1419 980 1486 γέγονε
1029 1417 1276 1486 προφήτης
1334 1417 1409 1467 καὶ
1464 1417 1723 1483 προφητῶν

146 1502 351 1572 ἀπαρχή·
393 1506 468 1555 καὶ
502 1504 585 1555 οὐκ
618 1502 820 1572 ἐξήγαγε
856 1501 1001 1566 μόνον
1039 1501 1084 1570 ἐξ
1123 1498 1362 1565 Αἰγύπτου,
1396 1498 1560 1566 φησὶν,
1592 1494 1723 1546 ἀλλὰ

147 1584 241 1652 γὰρ
273 1588 348 1637 καὶ
383 1586 616 1653 τετήρηκε.
682 1584 904 1650 μεμένηκε
937 1583 1031 1651 γὰρ
1066 1584 1130 1634 ἑνὶ
1163 1585 1230 1651 τῷ
1263 1580 1407 1650 φύσει
1433 1579 1507 1630 καὶ
1532 1579 1765 1642 ἀληθῶςῑο

150 1667 388 1734 λατρεύων
415 1672 536 1738 Θεῷ.
601 1666 756 1732 ἐπειδὴ
790 1666 838 1718 δὲ
864 1665 1119 1733 γεγόνασιν
1153 1662 1243 1715 ὑπὸ
1277 1661 1522 1724 βασιλέας,
1548 1663 1631 1724 τῆς
1660 1663 1723 1713 εἷς

152 1749 276 1801 Θεὸν
299 1748 484 1816 ἀγάπης
508 1750 772 1820 ἐξώκειλαν.
823 1754 1006 1816 πρῶτος
1029 1747 1114 1813 μὲν
1138 1745 1231 1813 γὰρ
1263 1743 1537 1815 ᾠκοδόμησε
1563 1746 1718 1793 Σολο-

85 1854 133 1879 20
152 1835 252 1896 μῶν
286 1834 362 1883 καὶ
399 1831 586 1895 βωμοὺς
619 1835 695 1884 καὶ
731 1831 895 1896 τεμένη
930 1835 1026 1885 τοῖς
1052 1828 1284 1891 Βααλείμ’
1335 1824 1434 1877 εἶτα
1459 1825 1554 1890 μετ’
1584 1821 1724 1874 αὐτὸν

153 1914 178 1964 ὃ
204 1912 432 1980 ἐπάρατος
455 1914 701 1980 Ἱεροβοάμ
734 1913 816 1968 τὰς
850 1918 1031 1981 χρυσᾶς
1064 1911 1204 1963 ἐποίει
1229 1907 1463 1973 δαμάλεις.
1528 1910 1725 1957 αἰτιᾶται

152 1996 305 2048 τοίνυν
345 1998 407 2050 ὡς
447 1995 700 2063 παγκάλην
741 1996 1002 2060 οἰκονομίαν
1047 1995 1100 2045 οὐ
1143 1990 1465 2058 τετηρηκότας,
1506 1987 1560 2040 τὸ
1597 1986 1726 2054 παρὰ

155 2082 292 2141 Θεοῦ,
327 2080 463 2148 φημὶ,
498 2077 573 2129 διὰ
608 2082 867 2146 προφητῶν
900 2075 1256 2140 βασιλεύεσθαι,
1290 2072 1344 2124 τὸ
1383 2071 1431 2123 δὲ
1470 2069 1559 2123 ὑπὸ
1596 2074 1728 2138 χεῖρα

153 2165 314 2211 πεσεῖν
351 2160 611 2227 ἀνθρώπων
654 2159 1009 2228 ἀνθῃρημένους,
1055 2157 1080 2209 ὃ
1124 2156 1181 2221 δὴ
1227 2157 1303 2206 καὶ
1340 2155 1530 2222 γέγονεν
1573 2154 1728 2206 αὐτοῖς

87 2256 134 2296 25
154 2245 236 2307 τῆς
270 2242 567 2296 ἀποστασίας
599 2240 845 2312 πρόξενον.

152 2490 399 2540 Ἐθύμωσεν
418 2486 612 2547 Ἐφραῒμ
639 2489 707 2530 καὶ
731 2487 988 2545 ΠαρὼρΓιῡε·
1033 2485 1100 2526 καὶ
1133 2485 1182 2527 τὸ
1213 2480 1317 2533 αἷμα
1353 2482 1481 2524 αὐτοῦ
1508 2481 1567 2522 ἐπ’
1601 2480 1728 2522 αὐτὸν

209 2654 240 2678 1.
264 2645 324 2677 τοῦ
340 2645 422 2688 post
437 2643 691 2688 καταφρονῆσαι
707 2640 787 2675 add.
802 2639 894 2674 Edd.
911 2639 1028 2673 invitis
1048 2638 1140 2672 B.D.
1409 2636 1442 2671 6.
1468 2634 1728 2681 ἐλλελοιπότος]

160 2690 397 2725 ἐκλελοιπότος
414 2689 506 2723 Edd.
632 2690 665 2722 8.
690 2688 738 2721 ἔτι
755 2699 824 2721 om.
843 2687 889 2721 D.
1016 2697 1117 2731 9—12.
1143 2685 1196 2718 καὶ
1212 2685 1297 2729 πρός
1312 2684 1579 2729 ’γε-βασιλείαν
1595 2695 1665 2717 om.
1684 2683 1732 2718 D.

164 2748 218 2771 12.
243 2735 441 2781 ἀνθρώπων]
460 2736 636 2779 ἀνθρώπου
653 2735 688 2768 b.
880 2744 932 2777 13.
958 2733 1067 2778 φησιν
1084 2734 1102 2766 ὁ
1119 2733 1204 2768 Θεὸς
1219 2733 1278 2766 τὸν
1293 2731 1434 2775 Ἰσραὴλ
1452 2730 1499 2764 D.
1517 2731 1575 2765 τὸν
1590 2729 1733 2775 Ἰσραήλ

161 2785 270 2828 φησιν
287 2785 305 2816 ὁ
323 2784 407 2818 Θεὸς
423 2783 457 2817 b·
476 2784 493 2815 ὁ
512 2783 596 2817 Θεός
613 2783 722 2827 φησιν
737 2781 795 2814 τὸν
810 2779 951 2823 Ἰσραὴλ
972 2779 1062 2813 Edd.
1356 2787 1408 2824 15.
1434 2779 1494 2812 τοῦ
1511 2783 1732 2822 assumptum

162 2842 204 2864 ex
225 2830 270 2863 D.
284 2829 319 2863 b.
664 2827 717 2861 18.
742 2826 914 2871 λατρεύων
932 2825 1024 2860 B.D.
1039 2825 1074 2860 b.
1091 2823 1264 2870 λατρεύειν
1281 2824 1375 2860 Edd.
1423 2824 1494 2859 ἐπεὶ
1512 2823 1548 2858 δὲ
1564 2823 1599 2858 b.
1647 2823 1730 2869 ὑπὸ]

163 2877 218 2911 ἐπὶ
236 2875 327 2910 Edd.
345 2875 461 2910 invitis
480 2875 573 2910 B.D.
587 2875 622 2909 b.
674 2873 799 2908 Statim
815 2873 995 2914 βασιλείας
1011 2883 1074 2918 pro
1089 2871 1256 2914 βασιλέας
1272 2871 1307 2907 b.
1511 2882 1567 2906 21.
1593 2870 1732 2915 ἐποίησε

163 2934 226 2968 pro
244 2922 349 2956 ἐποίει
366 2922 402 2957 b.
591 2933 646 2956 22.
672 2919 727 2966 τὸ]
745 2925 783 2962 -Ι-
798 2921 863 2966 γὰρ
881 2919 973 2954 Edd.

222 2992 312 3021 VOL.
335 2993 363 3020 1.
916 2990 940 3018 L
960 2977 974 3018 l

1783 1742 1903 1793 {Reg-

1782 1797 1826 1818 Χι.
1847 1794 1877 1826 5.

1785 1909 1835 1941 Ib.
1851 1909 1907 1940 xii.

1787 1954 1838 1986 28.

1753 2495 1798 2529 14
