2021 3434
298 183 382 223 482
698 183 747 222 B.
790 182 1061 223 CYRILLI
1103 183 1477 224 ALEXANDR.
1755 180 1811 221 vi.
1837 192 1874 233 3.

83 306 235 336 2001221·
299 290 458 343 πλατὺ
495 291 806 357 θεωρημάτων
847 293 1117 360 ἐκτρέχουσι
1157 292 1379 359 πέλαγος,
1417 300 1444 322 ‘⁶
1460 291 1877 359 αἰχμαλωτίζοντες

80 358 109 388 δ’
301 382 328 403 “
353 379 448 425 πᾶν
475 372 623 437 νόημα
648 378 710 427 εἰς
736 372 821 438 τὴν
848 373 1058 439 ὑπακοὴν
1083 380 1165 425 τοῦ
1190 374 1446 441 Χριστοῦ,”
1476 374 1591 441 τῇδέ
1614 396 1663 424 τε
1694 375 1879 423 κάκεῖσε

81 470 161 503 314
181 470 230 503 A.
262 479 283 502 a
301 455 574 517 διάττοντες,
601 457 675 505 καὶ
706 454 765 506 τὰ
795 458 856 509 εἷς
882 460 1061 522 γνῶσιν
1089 455 1317 520 ἀληθινὴν
1343 454 1436 506 ἀπὸ
1462 458 1544 519 τῆς
1569 453 1881 506 θεοπνεύστου

300 539 487 605 γραφῆς
529 538 577 587 εὖ
613 536 745 600 μάλα
786 538 1120 603 συλλέγοντες.
1187 540 1262 588 καὶ
1303 544 1420 603 γοῦν
1461 537 1722 603 Κορινθίοις
1760 537 1879 586 ἀπο-

82 635 148 685 38.
166 636 239 666 Pet.
302 623 472 687 φοιτᾶν
499 619 734 681 ἑλομένοις
760 626 787 649 “
803 622 886 682 τῆς
910 621 1257 687 παραδοθείσης
1288 620 1442 673 αὐτοῖς
1481 619 1616 684 ἁγίας
1649 616 1878 680 ἐντολῆς,”
1902 634 1924 673 5

80 688 182 710 ηπ
300 700 652 767 προσκειμένοις
701 700 750 753 δὲ
802 703 992 765 ἀμαθῶς
1044 708 1140 757 τοῖς
1184 704 1612 768 ἑτεροδιδασκαλεῖν
1656 698 1882 760 εἰωθόσιν,

84 797 244 827 2C0r-vi·
303 783 575 834 ἐπιστέλλει
610 783 765 849 λέγων
804 784 829 834 ὁ
868 784 1121 838 θεσπέσιος
1165 788 1360 838 Παῦλος
1398 781 1512 834 “Tb
1557 780 1715 844 στόμα
1753 780 1885 844 ἡμῶν

87 849 199 879 ΙῙ-Ι4’
304 873 332 895 “
358 865 531 935 ἀνέῳγε
564 865 682 932 πρὸς
718 867 848 930 ὑμᾶς,
888 864 925 917 (ἶ)
969 867 1220 933 Κορίνθιοι,
1251 867 1280 930 ἡ
1326 866 1489 932 καρδία
1530 865 1661 928 ἡμῶν
1698 860 1883 914 πεπλά-

304 956 331 978 “
357 968 532 999 τυνται·
578 949 631 999 οὐ
671 953 1046 1016 στενοχωρεῖσθε
1090 950 1138 999 ἐν
1175 949 1298 1012 ἡμῖν,
1337 949 1708 1015 στενοχωρεῖσθε
1752 942 1799 996 δὲ
1839 945 1888 994 ἐν

305 1037 333 1060 “
357 1035 453 1085 τοῖς
496 1030 799 1098 σπλάγχνοις
849 1032 995 1093 ὑμῶν’
1051 1031 1136 1095 τὴν
1181 1031 1229 1081 δὲ
1273 1029 1418 1094 αὐτὴν
1459 1028 1773 1091 ἀντιμισθίαν·
1826 1027 1888 1078 ὡς
1911 1054 1958 1080 10

307 1120 333 1143 ‘⁶
359 1113 531 1166 τέκνοις
562 1113 700 1179 λέγω·
739 1114 1039 1178 πλατύνθητε
1071 1116 1145 1165 καὶ
1178 1115 1319 1177 ὑμεῖς.
1375 1112 1439 1177 μὴ
1466 1113 1654 1178 γίνεσθε
1681 1108 1886 1176 ἑτεροζυ-

305 1202 332 1224 “
359 1201 547 1261 γοῦντες
574 1196 836 1249 ἀπίστοις.”

269 1444 289 1478 3
310 1440 416 1482 Οὐαὶ
448 1440 668 1495 εὐχόμενοι
704 1438 764 1480 εἷο
799 1440 961 1496 ἡμέραν
989 1440 1136 1491 κακὴν,
1163 1438 1201 1480 οἰ
1233 1439 1460 1497 ἑΠ-ίζοντεε
1499 1439 1568 1480 καὶ
1597 1439 1891 1495 ἐφαπτόμενοι

265 1523 291 1564 b
376 1524 597 1573 σαββάτων
622 1522 810 1573 ψευδῶν.

90 1656 195 1731 ῗὲξῖῗ
381 1652 627 1719 Ἐφασκεν
659 1650 730 1701 ὅτι
758 1657 785 1679 “
805 1651 927 1702 Οὐαὶ
962 1655 1058 1703 τοῖς
1090 1650 1386 1718 ἐξουδενοῦσι
1413 1649 1550 1712 Σιὼν,
1575 1650 1649 1700 καὶ
1683 1653 1778 1702 τοῖς
1803 1670 1887 1699 πε·
1916 1670 1963 1709 15

151 1725 156 1731 ”
200 1724 206 1731 ’
310 1741 336 1763 “
361 1732 583 1784 ποιθόσιν
616 1734 690 1784 ἐπὶ
724 1732 778 1784 τὸ
815 1732 921 1798 ὅρος
954 1732 1263 1798 Σαμαρείας.”
1329 1734 1404 1782 καὶ
1443 1731 1596 1796 ἐπειδὴ
1636 1731 1718 1782 δύο
1755 1735 1895 1781 τινῶν

309 1817 504 1867 ἐποιεῖτο
535 1813 738 1880 μνήμην,
772 1819 866 1865 τῶν
900 1838 948 1865 τε
982 1814 1349 1883 ε’ξουθενούντων
1385 1816 1507 1884 φημὶ
1540 1813 1626 1878 τὴν
1662 1813 1786 1864 Σιὼν
1820 1814 1895 1863 καὶ

310 1902 404 1948 τῶν
434 1897 728 1949 πεποιθότων
757 1899 830 1949 ἐπὶ
860 1896 913 1948 τὸ
948 1896 1054 1962 ὅρος
1082 1897 1357 1962 Σαμαρείας,
1389 1901 1896 1962 πολυπραγμονοῦντες

312 1979 575 2045 ἀναγκαίως
605 1984 699 2030 τῶν
725 1981 911 2030 ἐννοιῶν
936 1978 1021 2044 τὴν
1049 1978 1256 2042 δύναμιν,
1284 1978 1623 2045 ἐφηρμόσαμεν
1649 1978 1777 2042 ἡμεῖς
1801 1982 1897 2031 τοῖς

94 2062 200 2103 Supra
312 2061 369 2130 ἐξ
389 2061 543 2112 Ἰούδα
575 2063 652 2112 καὶ
687 2064 905 2126 Βενιαμὶν
939 2060 1024 2126 τὴν
1062 2063 1212 2112 αἰτίαν
1241 2066 1324 2111 τοῦ
1363 2062 1619 2130 ἐξουθενεῖν
1647 2059 1733 2125 τὴν
1760 2058 1895 2122 Σιὼν,
1918 2085 1967 2110 20
2020 2090 2021 2127 3

120 2115 154 2136 11
176 2106 206 2136 b.

95 2116 204 2224 ξῗξῐέ
313 2149 409 2198 τοῖς
434 2143 581 2209 γεμὴν
608 2144 664 2213 ἐξ
684 2143 897 2212 Ἐφραὶμ
927 2142 981 2194 τὸ
1014 2142 1279 2194 πεποιθέναι
1306 2145 1380 2195 ἐπὶ
1406 2141 1460 2194 τὸ
1487 2142 1594 2210 ὅρος
1620 2143 1897 2209 Σαμαρείας.

98 2215 114 2233 ⁰
315 2224 406 2277 εῖσι
433 2225 489 2290 δὴ
516 2227 596 2277 οὖν
622 2224 785 2293 ὥσπερ
813 2225 979 2277 ἀνόπιν
1006 2227 1030 2276 ὁ
1058 2224 1213 2290 λόγος,
1235 2227 1309 2276 καὶ
1334 2224 1394 2275 τὰ
1419 2226 1596 2294 ἀμφοῖν
1623 2225 1899 2291 ἐγκλήματα

316 2309 565 2375 καταλέγει
587 2308 747 2372 πάλιν,
775 2310 929 2362 αὐτοῖς
963 2308 1198 2377 ἐπιφέρων
1223 2306 1277 2359 τὸ
1306 2308 1445 2358 Οὐαί.
1512 2308 1616 2361 ε”θος
1641 2305 1690 2358 δὲ
1715 2310 1772 2375 τῇ
1799 2307 1900 2376 θείᾳ

317 2395 482 2460 γραφῇ
515 2391 633 2442 κατὰ
665 2395 746 2456 τῆς
781 2392 954 2444 εὐθείας
985 2391 1213 2444 πτώσεως
1239 2390 1325 2455 τὴν
1351 2396 1433 2441 τοῦ
1461 2391 1584 2441 Οὐαὶ
1611 2389 1774 2459 φωνὴν
1797 2392 1895 2442 ε’πι-

99 2477 204 2551 ξυιιπὸδ
318 2474 489 2543 φέρειν·
547 2473 644 2525 οἷόν
684 2498 728 2525 τι
773 2475 899 2543 φημί
939 2481 965 2503 “
984 2475 1106 2524 Οὐαὶ
1151 2476 1193 2524 οἱ
1234 2474 1561 2536 ἐπιθυμοῦντες
1597 2472 1683 2537 τὴν
1725 2471 1899 2539 ἡμέραν
1919 2495 1965 2532 25
2012 2467 2017 2482 ⁸

101 2572 257 2603 Es.v.11.
317 2564 344 2585 ‘⁶
370 2557 585 2623 Κυρίου·”
627 2558 701 2607 καὶ
733 2555 879 2607 πάλιν
908 2562 935 2584 “
953 2557 1077 2606 Οὐαὶ
1115 2558 1156 2605 οἱ
1195 2552 1473 2621 ἐγειρόμενοι
1505 2554 1560 2605 τὸ
1590 2553 1714 2620 πρωῒ
1739 2557 1815 2605 καὶ
1844 2553 1898 2606 τὸ

367 2761 398 2783 2.
424 2750 484 2794 τὴν
502 2750 598 2785 deest
615 2750 650 2784 in
670 2750 761 2784 Edd.
811 2750 902 2784 κάκεῖ
919 2761 981 2794 pro
998 2764 1034 2784 τε
1052 2749 1186 2783 κάκεῖσε
1207 2749 1248 2784 Β.
1580 2759 1611 2795 7.
1640 2750 1736 2784 Haec
1753 2749 1864 2795 λέγων
1880 2751 1899 2784 ὁ

320 2796 505 2832 θεσπέσιος
522 2804 703 2841 assumpta
720 2810 760 2831 ex
778 2797 870 2831 AB.
921 2796 972 2830 ὅτι
990 2808 1052 2841 pro
1070 2798 1114 2830 Τὸ
1139 2796 1226 2830 Edd.
1480 2796 1513 2830 8.
1539 2796 1677 2842 ἀνεῴγει
1695 2797 1784 2842 (sic)
1805 2796 1898 2830 Edd.

321 2854 422 2885 9—11.
448 2845 486 2877 οὐ
505 2843 1035 2889 στενοχωρεῖσθε-πλατύνθητε
1053 2844 1105 2877 καὶ
1124 2842 1232 2888 ὑμεῖς]
1253 2843 1314 2878 ἕως
1334 2843 1423 2877 Edd.
1559 2855 1611 2878 10.
1638 2843 1730 2887 ἡμῶν
1746 2843 1835 2888 (sic)
1855 2843 1898 2877 Β.

324 2900 375 2932 13.
402 2890 492 2935 οὐαὶ]
522 2891 579 2924 Sic
605 2898 695 2925 recte
725 2891 758 2925 F.
779 2891 869 2925 Edd.
892 2891 935 2925 cf.
962 2891 1052 2924 infra
1078 2902 1108 2924 c.
1134 2891 1165 2923 οἱ
1191 2890 1281 2923 ΑΒ.
1302 2890 1408 2933 (AN.
1427 2890 1490 2924 &c.
1509 2891 1583 2924 οὐαὶ
1604 2891 1634 2923 οἱ
1652 2890 1708 2934 36,
1727 2901 1784 2933 49,
1802 2889 1898 2926 228.)

322 2933 446 2969 Statim
484 2938 657 2981 εὐχόμενοι
687 2938 729 2971 A.
765 2938 886 2982 (Alex.
922 2937 993 2971 XII
1030 2949 1135 2970 manu
1170 2937 1301 2981 prima)
1335 2937 1512 2982 ἐρχόμενοι
1541 2936 1624 2972 B.F.
1654 2937 1745 2971 Edd.
1775 2935 1897 2980 (Vat.)

326 2992 377 3025 15.
404 2984 472 3017 τοῖς
491 2984 585 3027 prius
605 2984 699 3018 deest
717 2985 753 3019 iu
772 2984 863 3018 Edd.
1055 2995 1110 3028 23.
1139 2984 1177 3027 δὴ
1196 2995 1258 3028 pro
1278 2985 1311 3017 δέ
1331 2984 1374 3017 Α.
