2021 3434
125 247 162 273 v.
195 244 254 287 15.
572 232 645 272 IN
686 231 920 272 OSEAM.
981 230 1129 270 TOM.
1164 229 1241 269 IV.
1618 228 1696 267 135

125 344 200 394 καὶ
226 340 464 409 ἀνακόπτῃ
490 338 574 404 τὴν
598 338 875 407 ἡμερότητα.
928 344 1140 390 λαλεῖται
1166 338 1249 400 μὲν
1280 336 1372 403 γὰρ
1399 336 1701 403 ἀνθρωπίνως

125 424 185 475 τὰ
208 425 313 489 περὶ
340 427 476 474 Θεοῦ·
519 428 687 474 νοεῖται
711 444 765 487 γε
789 421 894 485 μὴν,
922 423 982 475 ὡς
1009 420 1065 471 ἂν
1092 421 1216 489 αὐτῷ
1241 419 1426 486 πρέποι.

318 640 391 681 Καὶ
417 641 710 697 ἑπιςΗτιίοουσι
735 639 783 682 τὸ
809 639 1041 695 Πρόσωπὸν
1067 654 1145 686 μου
1172 639 1273 679 ὅταν
1301 639 1514 687 θλιβώσιν.

192 754 307 807 “On
341 755 405 820 μὴ
440 760 535 824 εἰκῇ
572 761 667 810 τοῖς
705 754 930 824 ἀχάλινον
968 755 1157 822 ε”χουσιν
1195 755 1266 804 ἐπὶ
1312 755 1370 804 τὰ
1414 755 1584 821 αἰσχίω
1619 753 1704 818 τὴν

87 863 108 901 5
127 838 289 906 ῥοπὴν,
321 837 350 903 ἢ
389 841 464 890 καὶ
501 843 597 892 τοῖς
635 837 967 902 ἀκαταλήκτως
993 836 1180 887 εἰωθόσι
1214 841 1510 900 πλημμελεῖν
1535 837 1698 905 ἐπιφέ-

126 944 253 987 ρεται
277 919 510 975 πολλάκις
533 920 661 987 παρὰ
688 924 812 971 Θεοῦ
845 919 904 970 τὰ
942 917 1077 980 δεινὰ,
1103 917 1219 984 πρὸς
1256 918 1483 986 ὠφελείας
1509 918 1557 968 δὲ
1581 923 1705 981 μᾶλ-

127 1011 228 1065 λον,
255 1005 331 1054 καὶ
357 1005 417 1056 ὡς
451 1004 498 1053 ἐν
534 1000 725 1065 ἰάματος
758 1001 930 1071 τρόπῳ,
959 999 1168 1051 διδάσκει
1204 999 1365 1051 πάλιν.
1433 1004 1473 1050 οἱ
1505 999 1597 1066 γὰρ
1623 1003 1745 1064 τῆςη
1778 1021 1835 1055 94
1854 1019 1906 1053 Α,

128 1086 252 1139 θείας
295 1083 576 1151 ἡμερότητος
615 1085 976 1151 καταφρονηταὶ,
1017 1083 1093 1133 καὶ
1136 1080 1415 1147 ἠγνοηκότες
1456 1081 1527 1132 ὅτι
1571 1087 1711 1133 καλεῖ

127 1167 245 1235 πρὸς
277 1167 573 1232 μετάγνωσιν
605 1165 659 1217 τὸ
691 1169 774 1229 τῆς
807 1164 1096 1234 ἀνεξικακίας
1131 1165 1338 1230 μέγεθος,
1366 1168 1460 1215 τῶν
1483 1164 1538 1233 ἐξ
1562 1165 1704 1231 ὀργῆς

66 1280 110 1304 10
129 1249 391 1314 κινημάτων
411 1250 463 1300 οὐ
483 1248 790 1315 περιέσονται·
829 1246 974 1299 πόθεν
995 1270 1006 1309 ;
1042 1245 1424 1314 περιθραυόμενοι
1446 1245 1495 1297 δὲ
1513 1251 1705 1310 μᾶλλον

127 1337 184 1399 τῇ
210 1335 291 1396 τῆς
315 1335 565 1399 συμφορᾶς
591 1329 843 1397 ἀγριότητι,
869 1329 922 1381 τὸ
955 1329 1200 1399 συμφέρον
1225 1328 1603 1394 ἐπιγινώσκουσι,
1631 1331 1706 1380 καὶ

129 1415 207 1468 οὓς
234 1413 363 1465 οὐδὲν
387 1413 569 1478 ὤνησεν
595 1415 623 1478 ἡ
652 1414 996 1482 φιλανθρωπία,
1022 1412 1140 1480 πρὸς
1165 1413 1250 1477 τὴν
1274 1418 1356 1463 τοῦ
1382 1410 1706 1481 συμφέροντος

129 1496 353 1566 ἀποφέρει
371 1500 549 1562 γνῶσιν
567 1494 620 1547 τὸ
638 1495 980 1563 καταικίζεσθαι
995 1495 1169 1549 πόνοις.
1214 1493 1267 1545 ὃν
1283 1493 1376 1561 γὰρ
1392 1494 1567 1561 τρόπον
1583 1494 1642 1545 τὰ
1658 1497 1705 1545 ἐν

129 1583 223 1632 τοῖς
246 1579 514 1642 σώμασιν’
488 1579 786 1645 αγριαίνοντα
809 1582 902 1629 τῶν
924 1582 1102 1641 παθῶν,
1123 1577 1198 1628 καὶ
1226 1577 1320 1628 ὅσα
1344 1576 1408 1641 μὴ
1434 1582 1528 1630 τοῖς
1553 1577 1705 1641 ἠπιόις

68 1684 112 1722 15
131 1659 235 1711 ε’ίκει
279 1659 553 1731 φαρμάκοις,
595 1683 704 1727 πυρι
747 1664 823 1711 καὶ
864 1660 1043 1730 σιδήρω
1086 1665 1263 1711 νικᾶται
1301 1658 1546 1714 πολλάκις·
1587 1659 1705 1710 κατὰ
1723 1666 1748 1707 b

131 1741 212 1794 τὸν
237 1741 344 1794 ἶσον
370 1741 494 1807 οἶμαι
518 1742 693 1810 τρόπον
718 1766 767 1794 τε
794 1766 868 1794 και
894 1742 1054 1809 λόγον,
1081 1765 1156 1793 και
1180 1742 1238 1793 τὰ
1269 1744 1317 1793 ἐν
1347 1747 1446 1796 ταῖς
1472 1742 1706 1808 ἀνθρωπι-

132 1848 229 1879 ναις
252 1830 429 1895 ψυχαῖς
448 1825 846 1889 ἐπισυμβαινοντα
872 1825 1014 1889 πάθη,
1035 1829 1072 1876 εἰ
1097 1823 1162 1889 μὴ
1182 1829 1406 1892 χρηστοῖς
1426 1825 1704 1886 ἐκπεμπεται

132 1908 304 1973 λόγοις,
325 1907 440 1972 μηδὲ
466 1911 687 1978 λογισμῷ
710 1913 888 1959 νικᾶται
913 1911 979 1976 τῷ
1004 1907 1234 1977 σώφρονι,
1254 1905 1383 1976 πόνῳ
1408 1908 1483 1958 καὶ
1509 1906 1705 1972 μάστιγι

133 1992 208 2040 καὶ
233 1996 331 2044 ταῖς
356 1991 627 2055 ἀνηκέστοις
649 1996 985 2058 παραχωροῦσι
1011 1994 1295 2057 συμφοραῖς.
1362 1989 1707 2053 ἐκτεθλιμμένοι

10 2136 11 2142 1
69 2100 116 2124 20
135 2071 190 2135 δὴ
225 2073 319 2134 οὖν,
350 2072 452 2123 τότε
484 2072 540 2137 δὴ
575 2072 725 2136 μόλις,
752 2075 888 2142 φησὶ,
917 2074 961 2124 τὶ
1001 2073 1099 2141 ἐμὶν
1134 2073 1433 2143 ἑπιζητῆσουσι
1460 2073 1704 2142 πρόσωπον.

10 2147 11 2153 ¹
135 2153 349 2217 κειμένων
375 2153 467 2220 γὰρ
493 2157 539 2205 ἐν
565 2155 756 2224 ἐξουσίᾳ
781 2159 875 2205 τῶν
901 2157 1103 2220 ἀγαθῶν,
1133 2155 1186 2205 οὐ
1219 2154 1382 2218 πολλὴ
1414 2159 1509 2207 τοῖς
1541 2154 1709 2204 ἀσυνέ-

135 2258 230 2288 τοις
266 2236 293 2299 ἡ
328 2242 409 2287 τοῦ
447 2238 861 2306 κατευφραίνοντος
898 2237 1135 2302 αἴσθησις·
1178 2241 1215 2288 εὶ
1254 2236 1302 2288 δὲ
1340 2235 1396 2301 δὴ
1434 2240 1527 2286 τῶν
1565 2237 1709 2289 οὕτως

136 2318 468 2369 εὐκταιοτάτων
509 2321 873 2386 ἀποστερεῖσθαι
921 2319 1188 2383 συμβαίνοι,
1240 2318 1343 2370 τότε
1397 2318 1452 2382 δὴ
1496 2316 1709 2381 μάλιστα
1727 2346 1747 2372 e

137 2399 426 2466 δριμυτέραις
462 2401 529 2451 ἐπ’
556 2399 673 2452 αὐτὰ
706 2406 805 2454 ταῖς
839 2403 1096 2465 ἐπιθυμίαις
1129 2401 1373 2469 ἐρχόμεθα,
1405 2400 1710 2468 εἷσδεχόμεθα

13 2489 16 2513 ³
72 2507 118 2544 25
138 2480 186 2531 δὲ
210 2481 400 2545 πολλὴν
425 2485 499 2532 καὶ
523 2483 932 2547 ἀνανταγώνιστον
957 2489 1040 2534 τοῦ
1072 2489 1330 2537 λυποῦντος
1356 2484 1441 2547 τὴν
1467 2483 1707 2548 αἴσθησιν,

140 2563 239 2614 ’ὅταν
265 2564 419 2614 τοίνυν
445 2562 649 2623 θλιβῶσ-ι,
673 2563 776 2616 τότε
803 2566 848 2616 τὶ
876 2564 972 2633 ἐμόν
999 2566 1221 2635 ζητήσουσι
1249 2567 1492 2634 πρόσωπον.

203 2643 363 2696 ’Έοικε
414 2644 462 2696 δὲ
506 2647 530 2696 ὁ
579 2646 723 2711 λόγος
772 2647 1047 2715 εὐαφόρμως
1096 2649 1355 2716 ἀναφοιτᾶν
1402 2648 1474 2699 ἐπὶ
1524 2648 1577 2699 τὸ
1627 2655 1710 2700 τοῦ

190 2810 218 2832 1.
243 2798 420 2832 ἀνακόπτει
439 2799 485 2832 D.
718 2798 753 2832 δέ
772 2799 836 2842 μὴν
852 2811 914 2843 pro
932 2813 970 2844 γε
987 2799 1050 2843 μὴν
1069 2800 1115 2834 D.
1270 2811 1303 2846 5.
1329 2800 1348 2844 ὴ
1366 2807 1586 2846 assumptum
1603 2815 1644 2836 ex
1662 2803 1709 2837 D.

145 2855 197 2879 10.
215 2845 254 2878 οὐ
266 2845 489 2890 περιέσονται·
516 2843 661 2879 πόθεν·
633 2859 662 2889 ῃ
660 2809 739 2879 2816
754 2846 885 2879 correxi
903 2858 944 2879 ex
959 2846 1002 2879 D.
1017 2847 1055 2880 οὐ
1072 2847 1286 2891 περιέσονταί
1301 2848 1404 2882 ποθεν
1422 2848 1512 2883 Edd.
1557 2861 1609 2894 13.
1630 2849 1710 2884 Hoc

139 2893 252 2928 πόνοις
269 2893 414 2927 accessit
431 2905 471 2926 ex
491 2892 532 2926 Β.
538 2892 583 2925 D.
635 2892 796 2926 Statim“
778 2907 878 2937 ονπερ
897 2905 958 2937 pro
973 2892 1010 2927 ὃν
1024 2893 1070 2928 D.
1285 2906 1335 2937 14.
1361 2894 1492 2941 παθῶν]
1513 2898 1712 2940 νοσημάτων

142 2938 229 2972 Cod.
247 2939 353 2972 T.aur
377 2949 437 2984 137
458 2938 518 2973 ubi
538 2950 643 2984 supra
663 2947 1186 2987 77.17.
1214 2941 1413 2984 εκπέμπεται
1432 2942 1477 2976 D.
1498 2942 1586 2978 Cod.
1603 2944 1710 2977 Taur.

140 2985 263 3019 ὑπείκει
282 2985 374 3020 Edd.
641 2996 694 3019 22.
721 2986 764 3029 μὴ
783 2986 863 3030 (Sic)
881 2998 943 3031 pro
961 2987 999 3030 δὴ
1021 2987 1066 3021 D.
1323 2999 1376 3032 25.
1401 2989 1708 3036 ἀνανταγώνιστον]

140 3031 385 3077 ἀντογώνιστον
405 3031 493 3066 Edd.
685 3032 739 3067 26.
763 3032 816 3067 ὅτε
836 3045 897 3078 pro
914 3033 993 3069 ὅταν
1010 3034 1069 3069 iid.
