2021 3434
135 248 192 288 iii.
212 249 250 290 6.
519 249 591 290 IN
638 249 1019 290 MICHAEAM.
1083 249 1230 291 TOM.
1265 249 1324 289 II.
1625 252 1707 291 649

133 357 342 420 πολέμου
379 362 647 425 συμφοραῖς
681 359 908 408 ἐναλῶναι
944 356 1342 423 παρεσκευάσατε,
1377 357 1594 425 ταύτῃτοι
1633 359 1702 406 δι-

134 439 273 492 καίως
307 437 374 508 νὺξ
405 441 475 507 ἐφ’
505 444 621 506 ὑμᾶς
657 441 781 491 ἔσται
824 445 901 491 καὶ
942 441 1114 497 σκότος,
1142 439 1291 490 καίτοι
1328 441 1402 489 καὶ
1442 441 1555 505 ὁρᾶν
1587 440 1704 489 ὑπο-

134 520 436 585 κρινομένους,
475 524 551 572 καὶ
591 520 652 576 ὥς
693 546 746 588 γε
787 522 940 590 οἴεσθε
979 519 1098 572 κατὰ
1138 525 1288 589 σφᾶς,
1330 520 1502 587 ἄριστοί
1543 544 1593 571 τε
1633 524 1708 571 καὶ

133 603 351 670 ἀψευδῶς
384 604 438 654 τὸ
464 604 774 666 μαντεύεσθαι
804 601 1188 666 μεμελετηκότας.
1254 600 1432 655 &Uo-erat
1471 602 1564 668 γὰρ
1603 604 1710 666 ὑμῖν

0 671 3 751 Ι
91 689 152 735 50‘
180 685 314 744 ἥλιος,
343 687 418 735 καὶ
449 684 561 736 αὐτὸ
588 685 635 736 δὲ
668 689 749 750 τῆς
784 686 954 752 ἡμέρας
981 685 1247 736 συσκοτάσει
1278 682 1332 735 τὸ
1369 688 1487 753 φῶς.
1555 686 1630 735 καὶ
1656 685 1709 734 οὐ

133 764 283 829 δήπου
333 766 502 835 φαμὲν,
546 767 616 818 ὅτι
659 769 962 819 συνέστειλεν
1005 769 1193 831 ἀληθῶς
1233 768 1301 817 ἐπ’
1329 769 1484 820 αὐτοῖς
1526 773 1543 818 o‘
1590 768 1708 827 ἥλιος
1727 772 1753 813 b

132 846 216 901 τὰς
254 849 417 913 αὐγὰς,
444 850 591 914 η’γουν
617 853 699 914 τῆς
731 851 840 914 ἠοῦς
873 849 1220 913 κατεσκοτίσθη
1258 848 1311 899 τὸ
1352 853 1471 917 φῶς,
1502 850 1610 899 ἀλλ’
1640 848 1710 899 ὅτι

133 932 216 993 τῆς
264 935 517 999 συμφορᾶς
566 932 620 982 τὸ
670 932 864 996 μέγεθος
914 933 1048 982 οἱονεὶ
1098 930 1270 984 σκότος
1321 933 1474 983 αὐτοῖς
1517 933 1593 981 καὶ
1643 929 1711 999 ub}

132 1012 358 1080 ἀφεγγὴς,
380 1016 454 1063 καὶ
481 1014 675 1077 ἡλιακῆς
701 1015 883 1067 ἀκτῖνος
906 1011 1160 1066 κατάδυσις
1186 1014 1260 1062 καὶ
1287 1012 1444 1079 φωτὸς
1469 1011 1707 1076 συστολὴ,

38 1151 40 1153 ,
67 1112 114 1136 10
133 1096 209 1144 καὶ
243 1095 292 1145 τί
319 1094 411 1162 γὰρ
437 1096 538 1162 οὐχὶ
572 1100 666 1146 τῶν
690 1095 911 1146 τοιούτων
936 1093 1154 1159 γενέσθαι
1185 1095 1460 1158 συμβέβηκε
1481 1116 1492 1154 ;
1536 1093 1594 1144 τὰ
1619 1093 1711 1160 γάρ

132 1201 204 1229 τοι
231 1178 356 1229 δεινὰ
386 1182 460 1230 καὶ
486 1180 672 1248 ἐξαίσια
696 1185 790 1231 τῶν
815 1184 968 1230 κακῶν
994 1179 1334 1242 καταμεθύσκει
1366 1177 1448 1229 τὸν
1480 1184 1605 1241 νοῦν,
1636 1181 1712 1229 καὶ

131 1265 393 1312 καταθολοῖ
410 1261 495 1325 τὴν
519 1264 724 1328 καρδίαν,
755 1260 1020 1325 ἐμπίπλησι
1046 1260 1093 1311 δὲ
1120 1262 1194 1311 καὶ
1220 1259 1433 1314 σκότους.

207 1343 330 1407 Φαίη
369 1345 406 1394 δ’
435 1344 492 1394 ἄν
522 1367 591 1397 τις
629 1345 885 1408 ἀληθεύων,
924 1343 994 1394 ὅτι
1033 1346 1108 1394 καὶ
1145 1348 1240 1396 τοῖς
1276 1342 1514 1393 Ἰουδαίων
1549 1340 1711 1406 δήμοις

132 1425 510 1491 ἐμπαροινήσασι
548 1430 614 1495 τῷ
651 1430 851 1496 Χριστῷ
899 1422 1060 1476 κατέδυ
1101 1425 1270 1476 λοιπὸν
1312 1431 1329 1476 ὁ
1370 1423 1531 1489 νοητὸς
1572 1427 1708 1485 ἥλιος,

67 1526 113 1564 15
134 1507 284 1558 οὐκέτι
309 1511 433 1559 Θεοῦ
459 1508 863 1571 καταλάμποντος,
890 1509 1039 1559 οὐκέτι
1070 1511 1154 1572 τῆς
1179 1510 1345 1572 νοητῆς
1379 1507 1549 1572 ἡμέρας
1576 1509 1704 1557 διαυ-
1726 1532 1748 1559 c

133 1588 368 1656 γαζούσης
406 1591 574 1653 αὐτοῖς,
613 1591 722 1640 ἀλλ’
756 1590 853 1641 οἷον
892 1589 1056 1644 νυκτὸς
1093 1589 1521 1654 κατασκιδναμένης
1558 1590 1711 1640 αὐτῶν

133 1675 215 1734 τῆς
252 1671 534 1737 πωρώσεως.
597 1673 906 1739 πεπώρωνται
944 1672 1050 1738 γὰρ,
1079 1675 1140 1725 ὡς
1175 1673 1200 1722 ὁ
1240 1671 1435 1725 Παῦλός
1470 1677 1606 1740 φησι,
1634 1673 1709 1722 καὶ
1773 1676 1932 1760 {for-ffi-

134 1760 163 1783 ‘⁶
181 1754 354 1805 ‘Hvz‘xa
384 1753 442 1805 ἂν
469 1754 846 1820 ἀναγινώσκηται
874 1756 1106 1817 Μωυσῆς,
1137 1754 1362 1818 κάλυμμα
1391 1756 1465 1805 ἐπὶ
1488 1753 1574 1818 τὴν
1599 1776 1706 1820 καρ-
1772 1746 1887 1805 Ιῢῖ15-

681 1835 705 1852 θ’

136 1843 165 1865 “
191 1837 294 1886 δίαν
331 1837 484 1886 αὐτῶν
517 1841 675 1887 κεῖται.
772 1835 1090 1890 6ίΦοῖσκοντες
1127 1835 1220 1903 γὰρ
1251 1835 1364 1887 εἶναι
1401 1839 1547 1906 σοφοὶ
1583 1838 1706 1899 ἐμω-
1771 1842 1907 1874 Romi.

1773 1896 1812 1917 22
1840 1895 1890 1918 21.

66 1931 114 1956 20
136 1924 162 1948 ‘⁶
186 1917 446 1983 ράνθησαν,
471 1920 545 1969 καὶ
581 1918 837 1981 ἐσκοτίσθη
868 1918 895 1981 ἡ
929 1917 1153 1971 ἀσύνετος
1190 1918 1343 1968 αὐτῶν
1373 1919 1582 1984 καρδία.”
1635 1920 1711 1969 καὶ
1815 1909 1824 1926 '

134 1999 204 2051 ὅτι
230 2005 377 2050 ταῦτα
408 1999 711 2065 συμβήσεται
747 2004 913 2051 παθεῖν
950 2000 1118 2062 αὐτοῖς,
1144 1999 1587 2066 προκαταμεμήνυκε
1624 1999 1704 2050 λέ-

740 2080 902 2134 “”Ἐως
940 2080 994 2132 τὸ
1033 2085 1133 2149 φῶς
1173 2081 1311 2149 ἔχετε,
1337 2087 1625 2148 περιπατεῖτε
1661 2084 1710 2133 ἐν
1771 2101 1804 2132 S.
1820 2101 1919 2132 Joan.

134 2104 233 2147 γων
266 2082 406 2136 αὐτὸς
440 2083 465 2132 ὁ
496 2081 708 2148 Χριστός
1797 2145 1815 2151 ..

1771 2155 1827 2176 xu.
1847 2153 1898 2185 35.

135 2171 162 2193 ‘⁶
188 2168 254 2233 τῷ
293 2166 415 2232 φωτὶ
453 2164 528 2215 ἵνα
562 2164 626 2228 μὴ
665 2164 834 2215 σκοτία
876 2165 993 2226 ὑμᾶς
1031 2163 1324 2232 καταλάβῃ.”
1380 2163 1533 2227 ἐπειδὴ
1571 2164 1619 2215 δὲ
1654 2163 1709 2216 τὸ

134 2250 255 2298 θεῖον
292 2248 346 2298 οὐ
378 2247 630 2313 προσίεντο
668 2250 782 2313 φῶς,
821 2245 1035 2297 τουτέστι
1069 2245 1297 2312 Χριστὸν,
1337 2245 1757 2315 κατελήφθησανᾶ

67 2346 114 2384 25
135 2328 224 2380 ὑπὸ
250 2331 333 2392 τῆς
356 2329 563 2392 σκοτίας,
590 2330 665 2380 καὶ
693 2327 760 2398 VD}
786 2329 939 2382 αὐτοῖς
964 2327 1156 2394 γέγονεν
1181 2328 1226 2397 ἐξ
1253 2330 1453 2398 ὁράσεως,
1480 2327 1600 2379 κατὰ
1625 2328 1710 2393 τὴν

133 2416 215 2462 τοῦ
244 2410 505 2480 Προφήτου
531 2410 707 2480 φωνήν.

205 2497 360 2544 Τοῦτο
412 2492 460 2544 δὲ
524 2491 637 2543 αὐτὸ
690 2491 992 2556 συμβήσεται
1055 2494 1130 2543 καὶ
1182 2496 1278 2545 τοῖς
1331 2496 1425 2542 τῶν
1487 2491 1710 2558 αἱρέσεων

132 2575 347 2641 εὑρεταῖς,
390 2574 432 2625 οἳ
471 2575 665 2635 βλέπειν
707 2572 1072 2641 ὑποκρινόμενοι,
1117 2573 1445 2636 διατεινόμενοί
1491 2597 1538 2625 τε
1590 2579 1710 2626 νοεῖν

180 2733 210 2755 1.
236 2721 361 2756 ἁλῶναι
380 2721 472 2756 Edd.
623 2733 656 2766 3.
682 2723 726 2757 ὣς
742 2720 798 2767 γε]
819 2722 935 2765 ὥσπερ
955 2720 1046 2755 Edd.
1096 2718 1392 2755 οἵεσθαι-τοῖεσθε
1411 2726 1450 2754 Α.
1592 2733 1626 2764 4.
1650 2735 1708 2764 με·

131 2770 350 2811 μελετηκότες
367 2769 411 2802 A.
568 2767 601 2802 6.
628 2770 679 2802 ὅτι
697 2770 740 2802 Α.
760 2769 803 2803 ὡς
822 2767 913 2801 Edd.
965 2766 1098 2811 ἀληθῶς
1115 2779 1184 2801 om.
1203 2767 1247 2800 A.
1391 2776 1423 2812 7.
1441 2766 1706 2813 κατεσκοτίσθη]

131 2815 327 2858 σκοτισθείη
346 2817 389 2849 A.
670 2816 703 2849 8.
729 2813 800 2848 οἷον
817 2814 862 2849 εἷς
880 2814 960 2857 (sic)
979 2815 1022 2847 A.
1065 2813 1164 2848 νύκτα
1181 2813 1316 2859 ἀφεγγῆ
1335 2825 1398 2858 pro
1416 2813 1476 2856 νὺξ
1493 2814 1647 2859 ἀφεγγὴς
1663 2815 1708 2849 A.

131 2873 165 2907 9.
191 2862 374 2896 κατάδυσιν
391 2862 435 2896 Α.
484 2863 714 2897 συσκοτάσειν
730 2874 793 2906 pro
811 2861 965 2904 συστολὴ
984 2862 1028 2894 A.
1245 2871 1298 2905 13.
1324 2860 1496 2904 ἀληθεύων
1513 2861 1556 2894 A.
1575 2860 1709 2904 ἀληθῶς

132 2907 225 2942 Edd.
408 2920 460 2951 14.
487 2910 604 2952 νοητὸς
620 2909 717 2953 ἥλιος
735 2908 777 2942 Β.
796 2908 890 2951 ἥλιος
908 2910 1031 2951 νοητῶς
1049 2906 1141 2942 Edd.
1314 2917 1367 2951 17.
1392 2906 1598 2952 πωρώσεως]
1618 2910 1708 2942 πτώ-

133 2969 220 2990 σεως
253 2954 344 2989 Edd.
394 2957 412 2989 ὁ
429 2967 499 2990 om.
517 2957 562 2991 A.
612 2956 665 2989 καὶ
683 2967 752 2988 om.
772 2955 815 2988 A.
1070 2954 1122 2988 18.
1147 2952 1187 2988 ἂν
1203 2953 1468 3000 ἀναγινώσκηται
1487 2954 1529 2989 Β,
1547 2954 1707 2999 ἀναγινώ-

133 3015 250 3036 σκεται
267 3002 310 3035 A.
329 3001 421 3037 Edd.
644 3013 699 3036 21.
725 3001 844 3036 αὐτοὺς
861 3012 924 3045 pro
941 3001 1052 3036 αὐτοῖς
1069 3001 1112 3034 A.
1339 3012 1394 3035 22.
1419 3001 1518 3037 αὐτὸς
1537 3001 1578 3035 Β.
1595 3001 1708 3037 αὐτοῖς

134 3047 226 3082 Edd.
471 3060 526 3093 23.
550 3047 612 3094 μὴ]
635 3053 670 3089 -Ι-
692 3047 710 3091 ἡ
730 3048 771 3082 Β.
823 3047 943 3081 σκοτία
959 3047 1050 3082 Α.Β.
1069 3049 1190 3083 σκότος
1209 3046 1299 3082 Edd.

193 3119 285 3148 VOL.
308 3120 337 3147 1.
882 3120 910 3157 4
931 3117 956 3146 ο
