<?xml version="1.0" encoding="UTF-8"?>
<!DOCTYPE html PUBLIC "-//W3C//DTD XHTML 1.0 Transitional//EN"
    "http://www.w3.org/TR/xhtml1/DTD/xhtml1-transitional.dtd">
<html xmlns="http://www.w3.org/1999/xhtml" xml:lang="en" lang="en">
 <head>
  <title>
</title>
<meta http-equiv="Content-Type" content="text/html;charset=utf-8" />
  <meta name='ocr-system' content='tesseract 3.04.00' />
  <meta name='ocr-capabilities' content='ocr_page ocr_carea ocr_par ocr_line ocrx_word'/>
</head>
<body>
  <div class='ocr_page' id='page_1' title='image "./operacyrilli01cyriuoft_0304.png"; bbox 0 0 2021 3434; ppageno 0'>
   <div class='ocr_carea' id='block_1_1' title="bbox 312 143 1875 199">
    <p class='ocr_par' dir='ltr' id='par_1_1' title="bbox 312 143 1875 199">
     <span class='ocr_line' id='line_1_1' title="bbox 312 143 1875 199; baseline 0.003 -16"><span class='ocrx_word' id='word_1_1' title='bbox 312 143 396 183; x_wconf 79' lang='lat'>264</span> <span class='ocrx_word' id='word_1_2' title='bbox 711 145 760 185; x_wconf 89' lang='lat' dir='ltr'>B.</span> <span class='ocrx_word' id='word_1_3' title='bbox 802 144 1074 185; x_wconf 89' lang='lat' dir='ltr'>CYRILLI</span> <span class='ocrx_word' id='word_1_4' title='bbox 1114 145 1487 188; x_wconf 88' lang='lat' dir='ltr'><strong>ALEXANDR.</strong></span> <span class='ocrx_word' id='word_1_5' title='bbox 1674 147 1758 189; x_wconf 79' lang='lat' dir='ltr'><strong>xiii.</strong></span> <span class='ocrx_word' id='word_1_6' title='bbox 1779 147 1875 199; x_wconf 90' lang='lat'><strong>4-6.</strong></span> 
     </span>
    </p>
   </div>
   <div class='ocr_carea' id='block_1_2' title="bbox 96 250 1921 842">
    <p class='ocr_par' dir='ltr' id='par_1_2' title="bbox 96 250 1921 842">
     <span class='ocr_line' id='line_1_2' title="bbox 313 250 1878 322; baseline 0.003 -21"><span class='ocrx_word' id='word_1_7' title='bbox 313 250 398 314; x_wconf 90' lang='grc' dir='ltr'>τὴν</span> <span class='ocrx_word' id='word_1_8' title='bbox 417 250 716 317; x_wconf 76' lang='grc' dir='ltr'>ἐνδεχομένην</span> <span class='ocrx_word' id='word_1_9' title='bbox 741 254 822 315; x_wconf 87' lang='grc' dir='ltr'>τῆς</span> <span class='ocrx_word' id='word_1_10' title='bbox 847 257 929 302; x_wconf 87' lang='grc' dir='ltr'>τοῦ</span> <span class='ocrx_word' id='word_1_11' title='bbox 954 251 1257 317; x_wconf 80' lang='grc' dir='ltr'>πεποιηκότος</span> <span class='ocrx_word' id='word_1_12' title='bbox 1282 253 1514 317; x_wconf 84' lang='grc' dir='ltr'>δυνάμεώς</span> <span class='ocrx_word' id='word_1_13' title='bbox 1539 276 1587 305; x_wconf 86' lang='grc' dir='ltr'>τε</span> <span class='ocrx_word' id='word_1_14' title='bbox 1606 257 1680 305; x_wconf 83' lang='grc' dir='ltr'>καὶ</span> <span class='ocrx_word' id='word_1_15' title='bbox 1702 255 1878 322; x_wconf 87' lang='grc' dir='ltr'>τέχνης.</span> 
     </span>
     <span class='ocr_line' id='line_1_3' title="bbox 315 328 1881 402; baseline 0.003 -19"><span class='ocrx_word' id='word_1_16' title='bbox 315 333 480 383; x_wconf 81' lang='grc' dir='ltr'>οὐκοῦν</span> <span class='ocrx_word' id='word_1_17' title='bbox 507 335 550 382; x_wconf 81' lang='grc' dir='ltr'>οὐ</span> <span class='ocrx_word' id='word_1_18' title='bbox 576 328 800 402; x_wconf 58' lang='grc' dir='ltr'>παρέδειξε</span> <span class='ocrx_word' id='word_1_19' title='bbox 825 331 910 397; x_wconf 89' lang='grc' dir='ltr'>τὴν</span> <span class='ocrx_word' id='word_1_20' title='bbox 934 333 1088 384; x_wconf 85' lang='grc' dir='ltr'>κτίσιν</span> <span class='ocrx_word' id='word_1_21' title='bbox 1112 334 1220 399; x_wconf 82' lang='grc' dir='ltr'>ἡμῖν</span> <span class='ocrx_word' id='word_1_22' title='bbox 1246 335 1271 385; x_wconf 85' lang='grc' dir='ltr'>ὁ</span> <span class='ocrx_word' id='word_1_23' title='bbox 1297 333 1606 401; x_wconf 78' lang='grc' dir='ltr'>Δημιουργὸς,</span> <span class='ocrx_word' id='word_1_24' title='bbox 1632 335 1707 386; x_wconf 84' lang='grc' dir='ltr'>ἵνα</span> <span class='ocrx_word' id='word_1_25' title='bbox 1729 358 1881 401; x_wconf 91' lang='grc' dir='ltr'>προσ-</span> 
     </span>
     <span class='ocr_line' id='line_1_4' title="bbox 315 412 1882 483; baseline 0.002 -19"><span class='ocrx_word' id='word_1_26' title='bbox 315 416 505 477; x_wconf 81' lang='grc' dir='ltr'>κυνῆται</span> <span class='ocrx_word' id='word_1_27' title='bbox 538 412 655 479; x_wconf 80' lang='grc' dir='ltr'>πρὸς</span> <span class='ocrx_word' id='word_1_28' title='bbox 690 414 834 478; x_wconf 79' lang='grc' dir='ltr'>ἡμῶν.</span> <span class='ocrx_word' id='word_1_29' title='bbox 889 416 964 465; x_wconf 76' lang='grc' dir='ltr'>καὶ</span> <span class='ocrx_word' id='word_1_30' title='bbox 1003 420 1118 480; x_wconf 90' lang='grc' dir='ltr'>γοῦν</span> <span class='ocrx_word' id='word_1_31' title='bbox 1155 417 1230 466; x_wconf 81' lang='grc' dir='ltr'>καὶ</span> <span class='ocrx_word' id='word_1_32' title='bbox 1265 416 1692 483; x_wconf 84' lang='grc' dir='ltr'>προδιεμαρτύρατο</span> <span class='ocrx_word' id='word_1_33' title='bbox 1729 415 1882 482; x_wconf 83' lang='grc' dir='ltr'>λέγων</span> 
     </span>
     <span class='ocr_line' id='line_1_5' title="bbox 98 494 1882 566; baseline 0.003 -22"><span class='ocrx_word' id='word_1_34' title='bbox 98 508 196 538; x_wconf 76' lang='lat' dir='ltr'><strong>Dent·</strong></span> <span class='ocrx_word' id='word_1_35' title='bbox 210 507 251 539; x_wconf 84' lang='lat' dir='ltr'>iv-</span> <span class='ocrx_word' id='word_1_36' title='bbox 315 494 390 545; x_wconf 78' lang='grc' dir='ltr'>διὰ</span> <span class='ocrx_word' id='word_1_37' title='bbox 415 494 659 549; x_wconf 77' lang='grc' dir='ltr'>Μωυσέως</span> <span class='ocrx_word' id='word_1_38' title='bbox 683 502 711 524; x_wconf 81' lang='grc'><strong>“</strong></span> <span class='ocrx_word' id='word_1_39' title='bbox 733 498 825 546; x_wconf 82' lang='grc' dir='ltr'>Καὶ</span> <span class='ocrx_word' id='word_1_40' title='bbox 858 495 923 560; x_wconf 87' lang='grc' dir='ltr'>μὴ</span> <span class='ocrx_word' id='word_1_41' title='bbox 957 496 1237 566; x_wconf 78' lang='grc' dir='ltr'>ἀναβλέψας</span> <span class='ocrx_word' id='word_1_42' title='bbox 1260 501 1320 551; x_wconf 77' lang='grc' dir='ltr'>εἰς</span> <span class='ocrx_word' id='word_1_43' title='bbox 1345 496 1427 549; x_wconf 82' lang='grc' dir='ltr'>τὸν</span> <span class='ocrx_word' id='word_1_44' title='bbox 1452 497 1647 564; x_wconf 83' lang='grc' dir='ltr'>οὐρανὸν</span> <span class='ocrx_word' id='word_1_45' title='bbox 1672 500 1747 550; x_wconf 83' lang='grc' dir='ltr'>καὶ</span> <span class='ocrx_word' id='word_1_46' title='bbox 1774 496 1882 550; x_wconf 78' lang='grc' dir='ltr'>ἰδὼν</span> 
     </span>
     <span class='ocr_line' id='line_1_6' title="bbox 100 560 1921 646; baseline 0.002 -19"><span class='ocrx_word' id='word_1_47' title='bbox 100 560 149 592; x_wconf 54' lang='lat'>19⁸</span> <span class='ocrx_word' id='word_1_48' title='bbox 316 583 342 607; x_wconf 76' lang='lat'>‘⁶</span> <span class='ocrx_word' id='word_1_49' title='bbox 367 575 449 628; x_wconf 79' lang='grc' dir='ltr'>τὸν</span> <span class='ocrx_word' id='word_1_50' title='bbox 485 577 619 641; x_wconf 83' lang='grc' dir='ltr'>ἥλιον</span> <span class='ocrx_word' id='word_1_51' title='bbox 655 580 731 629; x_wconf 81' lang='grc' dir='ltr'>καὶ</span> <span class='ocrx_word' id='word_1_52' title='bbox 760 577 845 643; x_wconf 84' lang='grc' dir='ltr'>τὴν</span> <span class='ocrx_word' id='word_1_53' title='bbox 881 578 1090 643; x_wconf 85' lang='grc' dir='ltr'>σελήνην</span> <span class='ocrx_word' id='word_1_54' title='bbox 1127 581 1202 630; x_wconf 82' lang='grc' dir='ltr'>καὶ</span> <span class='ocrx_word' id='word_1_55' title='bbox 1239 579 1346 634; x_wconf 78' lang='grc' dir='ltr'>τοὺς</span> <span class='ocrx_word' id='word_1_56' title='bbox 1382 580 1582 646; x_wconf 77' lang='grc' dir='ltr'>ἀστέρας</span> <span class='ocrx_word' id='word_1_57' title='bbox 1619 581 1694 631; x_wconf 78' lang='grc' dir='ltr'>καὶ</span> <span class='ocrx_word' id='word_1_58' title='bbox 1728 578 1921 636; x_wconf 87' lang='grc' dir='ltr'>πάντα5</span> 
     </span>
     <span class='ocr_line' id='line_1_7' title="bbox 96 657 1882 730; baseline 0.004 -22"><span class='ocrx_word' id='word_1_59' title='bbox 96 669 175 703; x_wconf 88' lang='grc'>182</span> <span class='ocrx_word' id='word_1_60' title='bbox 195 668 247 702; x_wconf 90' lang='lat' dir='ltr'>A·</span> <span class='ocrx_word' id='word_1_61' title='bbox 276 665 342 702; x_wconf 69' lang='lat'>²1⁶⁶</span> <span class='ocrx_word' id='word_1_62' title='bbox 366 658 449 710; x_wconf 83' lang='grc' dir='ltr'>τὸν</span> <span class='ocrx_word' id='word_1_63' title='bbox 486 657 667 724; x_wconf 85' lang='grc' dir='ltr'>κόσμον</span> <span class='ocrx_word' id='word_1_64' title='bbox 704 665 787 711; x_wconf 87' lang='grc' dir='ltr'>τοῦ</span> <span class='ocrx_word' id='word_1_65' title='bbox 827 661 1035 726; x_wconf 80' lang='grc' dir='ltr'>οὐρανοῦ,</span> <span class='ocrx_word' id='word_1_66' title='bbox 1069 663 1321 720; x_wconf 74' lang='grc' dir='ltr'>πλανηθεὶς</span> <span class='ocrx_word' id='word_1_67' title='bbox 1357 660 1692 730; x_wconf 83' lang='grc' dir='ltr'>προσκυνήσῃς</span> <span class='ocrx_word' id='word_1_68' title='bbox 1729 662 1882 716; x_wconf 82' lang='grc' dir='ltr'>αὐτοῖς</span> 
     </span>
     <span class='ocr_line' id='line_1_8' title="bbox 314 742 1882 810; baseline 0.001 -18"><span class='ocrx_word' id='word_1_69' title='bbox 314 747 341 771; x_wconf 81' lang='grc'><strong>“</strong></span> <span class='ocrx_word' id='word_1_70' title='bbox 365 743 441 792; x_wconf 75' lang='grc' dir='ltr'>καὶ</span> <span class='ocrx_word' id='word_1_71' title='bbox 466 742 730 810; x_wconf 84' lang='grc' dir='ltr'>λατρεύσῃς</span> <span class='ocrx_word' id='word_1_72' title='bbox 755 743 921 805; x_wconf 83' lang='grc' dir='ltr'>αὐτοῖς,</span> <span class='ocrx_word' id='word_1_73' title='bbox 947 742 976 793; x_wconf 82' lang='grc' dir='ltr'><em>ἃ</em></span> <span class='ocrx_word' id='word_1_74' title='bbox 1004 742 1214 807; x_wconf 79' lang='grc' dir='ltr'>ἀπένειμε</span> <span class='ocrx_word' id='word_1_75' title='bbox 1243 743 1413 810; x_wconf 83' lang='grc' dir='ltr'>Κύριος</span> <span class='ocrx_word' id='word_1_76' title='bbox 1439 745 1463 794; x_wconf 83' lang='grc' dir='ltr'><em>ὃ</em></span> <span class='ocrx_word' id='word_1_77' title='bbox 1489 744 1608 797; x_wconf 79' lang='grc' dir='ltr'>Θεός</span> <span class='ocrx_word' id='word_1_78' title='bbox 1639 766 1729 795; x_wconf 90' lang='grc' dir='ltr'>σου</span> <span class='ocrx_word' id='word_1_79' title='bbox 1762 748 1882 795; x_wconf 81' lang='grc' dir='ltr'>πᾶσι</span> 
     </span>
     <span class='ocr_line' id='line_1_9' title="bbox 1343 826 1409 842; baseline 0.03 -2"><span class='ocrx_word' id='word_1_80' title='bbox 1343 831 1363 840; x_wconf 75' lang='grc'>,,</span> <span class='ocrx_word' id='word_1_81' title='bbox 1385 826 1409 842; x_wconf 84' lang='lat'><strong>„</strong></span> 
     </span>
    </p>
   </div>
   <div class='ocr_carea' id='block_1_3' title="bbox 313 823 1881 977">
    <p class='ocr_par' dir='ltr' id='par_1_3' title="bbox 313 823 1881 977">
     <span class='ocr_line' id='line_1_10' title="bbox 314 823 1881 892; baseline 0.001 -17"><span class='ocrx_word' id='word_1_82' title='bbox 314 831 341 854; x_wconf 79' lang='lat'>‘⁶</span> <span class='ocrx_word' id='word_1_83' title='bbox 366 828 460 877; x_wconf 85' lang='grc' dir='ltr'>τοῖς</span> <span class='ocrx_word' id='word_1_84' title='bbox 498 824 651 875; x_wconf 74' lang='grc' dir='ltr'>ε”θνεσι</span> <span class='ocrx_word' id='word_1_85' title='bbox 686 828 780 877; x_wconf 84' lang='grc' dir='ltr'>τοῖς</span> <span class='ocrx_word' id='word_1_86' title='bbox 815 823 1030 876; x_wconf 79' lang='grc' dir='ltr'>ὑποκάτω</span> <span class='ocrx_word' id='word_1_87' title='bbox 1061 830 1142 875; x_wconf 87' lang='grc' dir='ltr'>τοῦ</span> <span class='ocrx_word' id='word_1_88' title='bbox 1169 826 1380 892; x_wconf 82' lang='grc' dir='ltr'>οὐρανου.</span> <span class='ocrx_word' id='word_1_89' title='bbox 1473 829 1515 876; x_wconf 78' lang='grc' dir='ltr'>οἱ</span> <span class='ocrx_word' id='word_1_90' title='bbox 1541 824 1588 877; x_wconf 76' lang='grc' dir='ltr'>δὲ</span> <span class='ocrx_word' id='word_1_91' title='bbox 1611 824 1670 876; x_wconf 81' lang='grc' dir='ltr'>τὰ</span> <span class='ocrx_word' id='word_1_92' title='bbox 1695 826 1881 890; x_wconf 86' lang='grc' dir='ltr'>ἐκνεμη-</span> 
     </span>
     <span class='ocr_line' id='line_1_11' title="bbox 313 904 1876 977; baseline 0.001 -20"><span class='ocrx_word' id='word_1_93' title='bbox 313 905 453 957; x_wconf 87' lang='grc' dir='ltr'>θέντα</span> <span class='ocrx_word' id='word_1_94' title='bbox 485 904 603 972; x_wconf 78' lang='grc' dir='ltr'>πρὸς</span> <span class='ocrx_word' id='word_1_95' title='bbox 637 910 807 972; x_wconf 86' lang='grc' dir='ltr'>καιρῶν</span> <span class='ocrx_word' id='word_1_96' title='bbox 841 906 1058 975; x_wconf 74' lang='grc' dir='ltr'>ἐπίδειξιν</span> <span class='ocrx_word' id='word_1_97' title='bbox 1095 909 1168 958; x_wconf 77' lang='grc' dir='ltr'>καὶ</span> <span class='ocrx_word' id='word_1_98' title='bbox 1202 909 1250 958; x_wconf 89' lang='grc' dir='ltr'>ἐν</span> <span class='ocrx_word' id='word_1_99' title='bbox 1293 907 1561 976; x_wconf 87' lang='grc' dir='ltr'>φωστήρων</span> <span class='ocrx_word' id='word_1_100' title='bbox 1597 907 1727 977; x_wconf 79' lang='grc' dir='ltr'>τάξει</span> <span class='ocrx_word' id='word_1_101' title='bbox 1764 930 1876 959; x_wconf 88' lang='grc' dir='ltr'>κατ-</span> 
     </span>
    </p>
   </div>
   <div class='ocr_carea' id='block_1_4' title="bbox 313 986 2014 1059">
    <p class='ocr_par' dir='ltr' id='par_1_4' title="bbox 313 986 2014 1059">
     <span class='ocr_line' id='line_1_12' title="bbox 313 986 2014 1059; baseline 0.002 -21"><span class='ocrx_word' id='word_1_102' title='bbox 313 987 590 1053; x_wconf 87' lang='grc' dir='ltr'>ερραμμένα,</span> <span class='ocrx_word' id='word_1_103' title='bbox 623 988 752 1042; x_wconf 77' lang='grc' dir='ltr'>θεοὺς</span> <span class='ocrx_word' id='word_1_104' title='bbox 782 986 1018 1055; x_wconf 72' lang='grc' dir='ltr'>ὠνόμαζον</span> <span class='ocrx_word' id='word_1_105' title='bbox 1052 990 1127 1039; x_wconf 83' lang='grc' dir='ltr'>καὶ</span> <span class='ocrx_word' id='word_1_106' title='bbox 1159 994 1439 1055; x_wconf 86' lang='grc' dir='ltr'>προσκυνεῖν</span> <span class='ocrx_word' id='word_1_107' title='bbox 1476 988 1769 1053; x_wconf 86' lang='grc' dir='ltr'>ἀπετόλμων,</span> <span class='ocrx_word' id='word_1_108' title='bbox 1807 992 1881 1040; x_wconf 79' lang='grc' dir='ltr'>καὶ</span> <span class='ocrx_word' id='word_1_109' title='bbox 1903 1015 1950 1042; x_wconf 90' lang='lat'>10</span> <span class='ocrx_word' id='word_1_110' title='bbox 2012 1032 2014 1059; x_wconf 37' lang='grc' dir='ltr'>ἱ</span> 
     </span>
    </p>
   </div>
   <div class='ocr_carea' id='block_1_5' title="bbox 268 1068 1883 1303">
    <p class='ocr_par' dir='ltr' id='par_1_5' title="bbox 268 1068 1883 1303">
     <span class='ocr_line' id='line_1_13' title="bbox 312 1068 1881 1139; baseline 0.001 -19"><span class='ocrx_word' id='word_1_111' title='bbox 312 1068 372 1120; x_wconf 78' lang='grc' dir='ltr'>τὰ</span> <span class='ocrx_word' id='word_1_112' title='bbox 405 1069 470 1120; x_wconf 80' lang='grc' dir='ltr'>ε”τι</span> <span class='ocrx_word' id='word_1_113' title='bbox 506 1069 683 1120; x_wconf 84' lang='grc' dir='ltr'>τούτων</span> <span class='ocrx_word' id='word_1_114' title='bbox 726 1071 943 1138; x_wconf 74' lang='grc' dir='ltr'>αἰσχίονα</span> <span class='ocrx_word' id='word_1_115' title='bbox 985 1070 1222 1138; x_wconf 74' lang='grc' dir='ltr'>ζητοῦντες</span> <span class='ocrx_word' id='word_1_116' title='bbox 1262 1074 1302 1122; x_wconf 83' lang='grc' dir='ltr'>οἱ</span> <span class='ocrx_word' id='word_1_117' title='bbox 1345 1071 1546 1134; x_wconf 83' lang='grc' dir='ltr'>δείλαιοι,</span> <span class='ocrx_word' id='word_1_118' title='bbox 1581 1070 1797 1139; x_wconf 83' lang='grc' dir='ltr'>χώνευμά</span> <span class='ocrx_word' id='word_1_119' title='bbox 1833 1095 1881 1122; x_wconf 88' lang='grc' dir='ltr'>τε</span> 
     </span>
     <span class='ocr_line' id='line_1_14' title="bbox 313 1150 1883 1221; baseline 0.001 -19"><span class='ocrx_word' id='word_1_120' title='bbox 313 1152 390 1202; x_wconf 79' lang='grc' dir='ltr'>καὶ</span> <span class='ocrx_word' id='word_1_121' title='bbox 423 1151 547 1220; x_wconf 76' lang='grc' dir='ltr'>ξύλα</span> <span class='ocrx_word' id='word_1_122' title='bbox 579 1150 879 1216; x_wconf 89' lang='grc' dir='ltr'>τετιμήκασιν</span> <span class='ocrx_word' id='word_1_123' title='bbox 913 1154 975 1206; x_wconf 85' lang='grc' dir='ltr'>ὡς</span> <span class='ocrx_word' id='word_1_124' title='bbox 1009 1151 1153 1211; x_wconf 74' lang='grc' dir='ltr'>θεοὺς,</span> <span class='ocrx_word' id='word_1_125' title='bbox 1181 1151 1267 1217; x_wconf 84' lang='grc' dir='ltr'>τὴν</span> <span class='ocrx_word' id='word_1_126' title='bbox 1292 1158 1601 1221; x_wconf 83' lang='grc' dir='ltr'>χαλκουργῶν</span> <span class='ocrx_word' id='word_1_127' title='bbox 1625 1154 1700 1204; x_wconf 81' lang='grc' dir='ltr'>καὶ</span> <span class='ocrx_word' id='word_1_128' title='bbox 1726 1152 1883 1205; x_wconf 89' lang='grc' dir='ltr'>τεκτό-</span> 
     </span>
     <span class='ocr_line' id='line_1_15' title="bbox 268 1234 1006 1303; baseline 0.005 -19"><span class='ocrx_word' id='word_1_129' title='bbox 268 1240 296 1282; x_wconf 90' lang='lat' dir='ltr'>b</span> <span class='ocrx_word' id='word_1_130' title='bbox 314 1256 406 1285; x_wconf 90' lang='grc' dir='ltr'>νων</span> <span class='ocrx_word' id='word_1_131' title='bbox 428 1239 800 1301; x_wconf 86' lang='grc' dir='ltr'>προσκυνοῦντες</span> <span class='ocrx_word' id='word_1_132' title='bbox 825 1234 1006 1303; x_wconf 84' lang='grc' dir='ltr'>τέχνην.</span> 
     </span>
    </p>
   </div>
   <div class='ocr_carea' id='block_1_6' title="bbox 271 1460 1948 1603">
    <p class='ocr_par' dir='ltr' id='par_1_6' title="bbox 271 1460 1948 1603">
     <span class='ocr_line' id='line_1_16' title="bbox 316 1460 1878 1513; baseline 0.001 -11"><span class='ocrx_word' id='word_1_133' title='bbox 316 1460 390 1503; x_wconf 83' lang='grc' dir='ltr'>Καὶ</span> <span class='ocrx_word' id='word_1_134' title='bbox 427 1461 510 1509; x_wconf 65' lang='grc' dir='ltr'>ἐι-ὼ</span> <span class='ocrx_word' id='word_1_135' title='bbox 548 1461 755 1509; x_wconf 65' lang='grc' dir='ltr'>ἀνήΓαΓόν</span> <span class='ocrx_word' id='word_1_136' title='bbox 790 1477 835 1504; x_wconf 81' lang='grc' dir='ltr'>σε.</span> <span class='ocrx_word' id='word_1_137' title='bbox 871 1462 918 1503; x_wconf 80' lang='grc' dir='ltr'>ἐκ</span> <span class='ocrx_word' id='word_1_138' title='bbox 951 1467 1023 1511; x_wconf 65' lang='grc' dir='ltr'>Γῆς</span> <span class='ocrx_word' id='word_1_139' title='bbox 1058 1461 1276 1513; x_wconf 77' lang='grc' dir='ltr'>ΑἰΓύΠτου,</span> <span class='ocrx_word' id='word_1_140' title='bbox 1312 1463 1380 1504; x_wconf 78' lang='grc' dir='ltr'>καὶ</span> <span class='ocrx_word' id='word_1_141' title='bbox 1417 1463 1512 1506; x_wconf 83' lang='grc' dir='ltr'>Θεὸν</span> <span class='ocrx_word' id='word_1_142' title='bbox 1549 1462 1659 1504; x_wconf 60' lang='grc' dir='ltr'>Πλὴν</span> <span class='ocrx_word' id='word_1_143' title='bbox 1696 1463 1798 1512; x_wconf 77' lang='grc' dir='ltr'>ἐμοῦ</span> <span class='ocrx_word' id='word_1_144' title='bbox 1832 1463 1878 1504; x_wconf 86' lang='grc' dir='ltr'>οὐ</span> 
     </span>
     <span class='ocr_line' id='line_1_17' title="bbox 271 1543 1948 1603; baseline -0.001 -16"><span class='ocrx_word' id='word_1_145' title='bbox 271 1557 293 1596; x_wconf 85' lang='grc'>5</span> <span class='ocrx_word' id='word_1_146' title='bbox 380 1543 534 1603; x_wconf 74' lang='grc' dir='ltr'>Γνώσῌ,</span> <span class='ocrx_word' id='word_1_147' title='bbox 565 1544 633 1586; x_wconf 81' lang='grc' dir='ltr'>καὶ</span> <span class='ocrx_word' id='word_1_148' title='bbox 670 1544 814 1603; x_wconf 67' lang='grc' dir='ltr'>σώζων</span> <span class='ocrx_word' id='word_1_149' title='bbox 850 1546 926 1586; x_wconf 84' lang='grc' dir='ltr'>οὐκ</span> <span class='ocrx_word' id='word_1_150' title='bbox 962 1546 1050 1588; x_wconf 79' lang='grc' dir='ltr'>ἔστι</span> <span class='ocrx_word' id='word_1_151' title='bbox 1085 1547 1220 1603; x_wconf 73' lang='grc' dir='ltr'>Πάρεξ</span> <span class='ocrx_word' id='word_1_152' title='bbox 1257 1546 1374 1595; x_wconf 78' lang='grc' dir='ltr'>ἐμοῦ.</span> <span class='ocrx_word' id='word_1_153' title='bbox 1430 1546 1515 1594; x_wconf 61' lang='lat' dir='ltr'>fesci&gt;</span> <span class='ocrx_word' id='word_1_154' title='bbox 1549 1545 1796 1595; x_wconf 81' lang='grc' dir='ltr'>ἐποίμαινόν</span> <span class='ocrx_word' id='word_1_155' title='bbox 1833 1562 1879 1589; x_wconf 85' lang='grc' dir='ltr'>σε</span> <span class='ocrx_word' id='word_1_156' title='bbox 1903 1558 1948 1598; x_wconf 86' lang='lat'>15</span> 
     </span>
    </p>
   </div>
   <div class='ocr_carea' id='block_1_7' title="bbox 270 1628 1625 1688">
    <p class='ocr_par' dir='ltr' id='par_1_7' title="bbox 270 1628 1625 1688">
     <span class='ocr_line' id='line_1_18' title="bbox 270 1628 1625 1688; baseline 0.001 -18"><span class='ocrx_word' id='word_1_157' title='bbox 270 1629 293 1665; x_wconf 88' lang='lat'><strong>6</strong></span> <span class='ocrx_word' id='word_1_158' title='bbox 379 1628 423 1670; x_wconf 79' lang='grc' dir='ltr'>ὲν</span> <span class='ocrx_word' id='word_1_159' title='bbox 449 1632 500 1687; x_wconf 61' lang='grc' dir='ltr'>τῷ</span> <span class='ocrx_word' id='word_1_160' title='bbox 526 1628 685 1686; x_wconf 67' lang='grc' dir='ltr'>ἐρήμῳ,</span> <span class='ocrx_word' id='word_1_161' title='bbox 711 1629 755 1671; x_wconf 80' lang='grc' dir='ltr'>ἐν</span> <span class='ocrx_word' id='word_1_162' title='bbox 782 1633 830 1688; x_wconf 62' lang='grc' dir='ltr'>Γῇ</span> <span class='ocrx_word' id='word_1_163' title='bbox 857 1630 1053 1684; x_wconf 68' lang='grc' dir='ltr'>ἀοικήτῳ,</span> <span class='ocrx_word' id='word_1_164' title='bbox 1081 1630 1186 1672; x_wconf 82' lang='grc' dir='ltr'>κατὰ</span> <span class='ocrx_word' id='word_1_165' title='bbox 1212 1630 1288 1672; x_wconf 72' lang='grc' dir='ltr'>τὰς</span> <span class='ocrx_word' id='word_1_166' title='bbox 1313 1629 1445 1679; x_wconf 72' lang='grc' dir='ltr'>νομάς</span> <span class='ocrx_word' id='word_1_167' title='bbox 1470 1629 1625 1672; x_wconf 81' lang='grc' dir='ltr'>αὐτῶν.</span> 
     </span>
    </p>
   </div>
   <div class='ocr_carea' id='block_1_8' title="bbox 92 1753 1949 2902">
    <p class='ocr_par' dir='ltr' id='par_1_8' title="bbox 308 1753 1886 1991">
     <span class='ocr_line' id='line_1_19' title="bbox 385 1753 1882 1825; baseline 0.001 -19"><span class='ocrx_word' id='word_1_168' title='bbox 385 1753 550 1809; x_wconf 76' lang='grc' dir='ltr'>Πολὺς</span> <span class='ocrx_word' id='word_1_169' title='bbox 574 1757 623 1807; x_wconf 81' lang='grc' dir='ltr'>ἐν</span> <span class='ocrx_word' id='word_1_170' title='bbox 646 1756 824 1810; x_wconf 81' lang='grc' dir='ltr'>τούτοις</span> <span class='ocrx_word' id='word_1_171' title='bbox 847 1759 930 1821; x_wconf 83' lang='grc' dir='ltr'>τῆς</span> <span class='ocrx_word' id='word_1_172' title='bbox 955 1758 1267 1822; x_wconf 82' lang='grc' dir='ltr'>ἀναισθησίας</span> <span class='ocrx_word' id='word_1_173' title='bbox 1287 1759 1311 1808; x_wconf 85' lang='grc' dir='ltr'>ὁ</span> <span class='ocrx_word' id='word_1_174' title='bbox 1331 1757 1537 1825; x_wconf 77' lang='grc' dir='ltr'>ἔλεγχος,</span> <span class='ocrx_word' id='word_1_175' title='bbox 1558 1758 1633 1808; x_wconf 79' lang='grc' dir='ltr'>καὶ</span> <span class='ocrx_word' id='word_1_176' title='bbox 1659 1756 1882 1808; x_wconf 89' lang='grc' dir='ltr'>τέθεινται</span> 
     </span>
     <span class='ocr_line' id='line_1_20' title="bbox 308 1837 1886 1910; baseline 0.003 -22"><span class='ocrx_word' id='word_1_177' title='bbox 308 1837 562 1905; x_wconf 84' lang='grc' dir='ltr'>στοιχηδὸν</span> <span class='ocrx_word' id='word_1_178' title='bbox 598 1841 680 1902; x_wconf 85' lang='grc' dir='ltr'>τῆς</span> <span class='ocrx_word' id='word_1_179' title='bbox 713 1840 973 1906; x_wconf 85' lang='grc' dir='ltr'>ἐπικουρίας</span> <span class='ocrx_word' id='word_1_180' title='bbox 1011 1844 1053 1892; x_wconf 80' lang='grc' dir='ltr'>οἱ</span> <span class='ocrx_word' id='word_1_181' title='bbox 1090 1839 1267 1908; x_wconf 84' lang='grc' dir='ltr'>τρόποι,</span> <span class='ocrx_word' id='word_1_182' title='bbox 1294 1845 1375 1905; x_wconf 84' lang='grc' dir='ltr'>τῆς</span> <span class='ocrx_word' id='word_1_183' title='bbox 1409 1841 1686 1910; x_wconf 82' lang='grc' dir='ltr'>ἀχαριστίας</span> <span class='ocrx_word' id='word_1_184' title='bbox 1710 1845 1804 1892; x_wconf 82' lang='grc' dir='ltr'>τῶν</span> <span class='ocrx_word' id='word_1_185' title='bbox 1829 1841 1886 1910; x_wconf 76' lang='grc' dir='ltr'>ἐξ</span> 
     </span>
     <span class='ocr_line' id='line_1_21' title="bbox 309 1919 1878 1991; baseline 0.003 -21"><span class='ocrx_word' id='word_1_186' title='bbox 309 1919 509 1986; x_wconf 86' lang='grc' dir='ltr'>Ἰσραὴλ</span> <span class='ocrx_word' id='word_1_187' title='bbox 540 1921 913 1976; x_wconf 83' lang='grc' dir='ltr'>καταδεικνύντες</span> <span class='ocrx_word' id='word_1_188' title='bbox 951 1921 1005 1974; x_wconf 80' lang='grc' dir='ltr'>τὸ</span> <span class='ocrx_word' id='word_1_189' title='bbox 1034 1923 1242 1989; x_wconf 88' lang='grc' dir='ltr'>μέγεθος.</span> <span class='ocrx_word' id='word_1_190' title='bbox 1309 1923 1489 1991; x_wconf 82' lang='grc' dir='ltr'>ἐλέγχει</span> <span class='ocrx_word' id='word_1_191' title='bbox 1515 1923 1576 1986; x_wconf 79' lang='grc' dir='ltr'>δὲ,</span> <span class='ocrx_word' id='word_1_192' title='bbox 1601 1924 1682 1975; x_wconf 82' lang='grc' dir='ltr'>οὐκ</span> <span class='ocrx_word' id='word_1_193' title='bbox 1706 1924 1878 1989; x_wconf 87' lang='grc' dir='ltr'>ἠγνοη-</span> 
     </span>
    </p>

    <p class='ocr_par' dir='ltr' id='par_1_9' title="bbox 271 2000 1949 2234">
     <span class='ocr_line' id='line_1_22' title="bbox 271 2000 1949 2071; baseline 0.002 -21"><span class='ocrx_word' id='word_1_194' title='bbox 271 2023 293 2050; x_wconf 84' lang='lat' dir='ltr'>e</span> <span class='ocrx_word' id='word_1_195' title='bbox 311 2001 463 2065; x_wconf 85' lang='grc' dir='ltr'>κότας,</span> <span class='ocrx_word' id='word_1_196' title='bbox 490 2000 552 2056; x_wconf 77' lang='grc' dir='ltr'>ὥς</span> <span class='ocrx_word' id='word_1_197' title='bbox 577 2025 632 2068; x_wconf 91' lang='grc' dir='ltr'>γε</span> <span class='ocrx_word' id='word_1_198' title='bbox 658 2000 796 2066; x_wconf 75' lang='grc' dir='ltr'>οἶμαι·</span> <span class='ocrx_word' id='word_1_199' title='bbox 836 2003 980 2055; x_wconf 88' lang='grc' dir='ltr'>πόθεν</span> <span class='ocrx_word' id='word_1_200' title='bbox 1002 2026 1013 2066; x_wconf 92' lang='grc'><strong>;</strong></span> <span class='ocrx_word' id='word_1_201' title='bbox 1053 2007 1162 2055; x_wconf 88' lang='grc' dir='ltr'>ἀλλ’</span> <span class='ocrx_word' id='word_1_202' title='bbox 1191 2008 1253 2059; x_wconf 86' lang='grc' dir='ltr'>ὡς</span> <span class='ocrx_word' id='word_1_203' title='bbox 1278 2007 1327 2056; x_wconf 86' lang='grc' dir='ltr'>ἐκ</span> <span class='ocrx_word' id='word_1_204' title='bbox 1360 2008 1548 2069; x_wconf 82' lang='grc' dir='ltr'>πολλῆς</span> <span class='ocrx_word' id='word_1_205' title='bbox 1572 2005 1694 2071; x_wconf 74' lang='grc' dir='ltr'>ἄγαν</span> <span class='ocrx_word' id='word_1_206' title='bbox 1718 2005 1880 2056; x_wconf 88' lang='grc' dir='ltr'>σκαιό-</span> <span class='ocrx_word' id='word_1_207' title='bbox 1900 2028 1949 2054; x_wconf 88' lang='lat'>20</span> 
     </span>
     <span class='ocr_line' id='line_1_23' title="bbox 308 2085 1879 2156; baseline 0.003 -22"><span class='ocrx_word' id='word_1_208' title='bbox 308 2106 446 2148; x_wconf 89' lang='grc' dir='ltr'>τητος</span> <span class='ocrx_word' id='word_1_209' title='bbox 482 2085 558 2135; x_wconf 81' lang='grc' dir='ltr'>καὶ</span> <span class='ocrx_word' id='word_1_210' title='bbox 594 2090 830 2151; x_wconf 84' lang='grc' dir='ltr'>λογισμοῦ</span> <span class='ocrx_word' id='word_1_211' title='bbox 867 2086 1126 2141; x_wconf 90' lang='grc' dir='ltr'>νενευκότος</span> <span class='ocrx_word' id='word_1_212' title='bbox 1169 2091 1231 2141; x_wconf 78' lang='grc' dir='ltr'>εἷς</span> <span class='ocrx_word' id='word_1_213' title='bbox 1269 2089 1596 2152; x_wconf 86' lang='grc' dir='ltr'>ἀναισθησίαν,</span> <span class='ocrx_word' id='word_1_214' title='bbox 1634 2089 1879 2156; x_wconf 80' lang='grc' dir='ltr'>μονονουχὶ</span> 
     </span>
     <span class='ocr_line' id='line_1_24' title="bbox 309 2165 1875 2234; baseline 0.004 -19"><span class='ocrx_word' id='word_1_215' title='bbox 309 2167 385 2216; x_wconf 81' lang='grc' dir='ltr'>καὶ</span> <span class='ocrx_word' id='word_1_216' title='bbox 417 2168 479 2220; x_wconf 83' lang='grc' dir='ltr'>εἷς</span> <span class='ocrx_word' id='word_1_217' title='bbox 511 2165 665 2231; x_wconf 89' lang='grc' dir='ltr'>λήθην</span> <span class='ocrx_word' id='word_1_218' title='bbox 694 2168 1094 2234; x_wconf 85' lang='grc' dir='ltr'>ὑπενηνεγμένους,</span> <span class='ocrx_word' id='word_1_219' title='bbox 1119 2168 1183 2221; x_wconf 76' lang='grc' dir='ltr'>ὧν</span> <span class='ocrx_word' id='word_1_220' title='bbox 1209 2169 1297 2221; x_wconf 77' lang='grc' dir='ltr'>ἔδει</span> <span class='ocrx_word' id='word_1_221' title='bbox 1322 2173 1587 2234; x_wconf 80' lang='grc' dir='ltr'>μεμνῆσθαι</span> <span class='ocrx_word' id='word_1_222' title='bbox 1611 2169 1875 2224; x_wconf 85' lang='grc' dir='ltr'>διαπαντός.</span> 
     </span>
    </p>

    <p class='ocr_par' dir='ltr' id='par_1_10' title="bbox 311 2247 1880 2317">
     <span class='ocr_line' id='line_1_25' title="bbox 311 2247 1880 2317; baseline 0.003 -19"><span class='ocrx_word' id='word_1_223' title='bbox 311 2248 336 2298; x_wconf 85' lang='grc' dir='ltr'><strong>ὁ</strong></span> <span class='ocrx_word' id='word_1_224' title='bbox 375 2247 461 2312; x_wconf 77' lang='grc' dir='ltr'>μὲν</span> <span class='ocrx_word' id='word_1_225' title='bbox 499 2247 592 2315; x_wconf 78' lang='grc' dir='ltr'>γὰρ</span> <span class='ocrx_word' id='word_1_226' title='bbox 632 2249 859 2316; x_wconf 79' lang='grc' dir='ltr'>ἐπάρατος</span> <span class='ocrx_word' id='word_1_227' title='bbox 894 2250 1159 2317; x_wconf 78' lang='grc' dir='ltr'>Ἱεροβοάμ,</span> <span class='ocrx_word' id='word_1_228' title='bbox 1198 2251 1281 2306; x_wconf 78' lang='grc' dir='ltr'>τὰς</span> <span class='ocrx_word' id='word_1_229' title='bbox 1318 2251 1541 2316; x_wconf 82' lang='grc' dir='ltr'>δαμάλεις</span> <span class='ocrx_word' id='word_1_230' title='bbox 1578 2253 1731 2306; x_wconf 79' lang='grc' dir='ltr'>αὐτοῖς</span> <span class='ocrx_word' id='word_1_231' title='bbox 1768 2254 1880 2303; x_wconf 85' lang='grc' dir='ltr'>ἀνα-</span> 
     </span>
    </p>

    <p class='ocr_par' dir='ltr' id='par_1_11' title="bbox 92 2330 1946 2485">
     <span class='ocr_line' id='line_1_26' title="bbox 92 2330 1879 2403; baseline 0.006 -26"><span class='ocrx_word' id='word_1_232' title='bbox 92 2347 109 2377; x_wconf 79' lang='lat'><strong>3</strong></span> <span class='ocrx_word' id='word_1_233' title='bbox 126 2338 210 2395; x_wconf 58' lang='lat' dir='ltr'>Reg.</span> <span class='ocrx_word' id='word_1_234' title='bbox 309 2330 509 2396; x_wconf 86' lang='grc' dir='ltr'>στήσας,</span> <span class='ocrx_word' id='word_1_235' title='bbox 559 2332 766 2402; x_wconf 75' lang='grc' dir='ltr'>ἔφασκεν</span> <span class='ocrx_word' id='word_1_236' title='bbox 817 2341 843 2364; x_wconf 81' lang='grc'><strong>“</strong></span> <span class='ocrx_word' id='word_1_237' title='bbox 869 2335 1017 2385; x_wconf 82' lang='grc' dir='ltr'>Οῦτοι</span> <span class='ocrx_word' id='word_1_238' title='bbox 1072 2339 1114 2387; x_wconf 81' lang='grc' dir='ltr'>οἱ</span> <span class='ocrx_word' id='word_1_239' title='bbox 1169 2336 1269 2387; x_wconf 89' lang='grc' dir='ltr'>θεοί</span> <span class='ocrx_word' id='word_1_240' title='bbox 1322 2359 1413 2387; x_wconf 94' lang='grc' dir='ltr'>σου</span> <span class='ocrx_word' id='word_1_241' title='bbox 1461 2335 1664 2403; x_wconf 87' lang='grc' dir='ltr'>Ἰσραὴλ</span> <span class='ocrx_word' id='word_1_242' title='bbox 1718 2336 1879 2391; x_wconf 83' lang='grc' dir='ltr'>οἵτινες</span> 
     </span>
     <span class='ocr_line' id='line_1_27' title="bbox 205 2406 1946 2485; baseline 0.003 -20"><span class='ocrx_word' id='word_1_243' title='bbox 205 2406 212 2414; x_wconf 51' lang='grc'><strong>’</strong></span> <span class='ocrx_word' id='word_1_244' title='bbox 309 2421 337 2444; x_wconf 82' lang='grc'><strong>“</strong></span> <span class='ocrx_word' id='word_1_245' title='bbox 363 2414 603 2481; x_wconf 87' lang='grc' dir='ltr'>ἀνήγαγόν</span> <span class='ocrx_word' id='word_1_246' title='bbox 653 2439 710 2466; x_wconf 93' lang='grc' dir='ltr'>σε</span> <span class='ocrx_word' id='word_1_247' title='bbox 760 2416 810 2467; x_wconf 86' lang='grc' dir='ltr'>ἐκ</span> <span class='ocrx_word' id='word_1_248' title='bbox 857 2419 944 2483; x_wconf 85' lang='grc' dir='ltr'>γῆς</span> <span class='ocrx_word' id='word_1_249' title='bbox 989 2417 1277 2484; x_wconf 78' lang='grc' dir='ltr'>Αἰγύπτου·”</span> <span class='ocrx_word' id='word_1_250' title='bbox 1337 2422 1379 2470; x_wconf 81' lang='grc' dir='ltr'>οἱ</span> <span class='ocrx_word' id='word_1_251' title='bbox 1428 2418 1491 2481; x_wconf 78' lang='grc' dir='ltr'>δὲ,</span> <span class='ocrx_word' id='word_1_252' title='bbox 1540 2419 1686 2470; x_wconf 87' lang='grc' dir='ltr'>καίτοι</span> <span class='ocrx_word' id='word_1_253' title='bbox 1733 2418 1874 2485; x_wconf 81' lang='grc' dir='ltr'>γινώ-</span> <span class='ocrx_word' id='word_1_254' title='bbox 1899 2433 1946 2472; x_wconf 88' lang='lat'>25</span> 
     </span>
    </p>

    <p class='ocr_par' dir='ltr' id='par_1_12' title="bbox 307 2497 1878 2568">
     <span class='ocr_line' id='line_1_28' title="bbox 307 2497 1878 2568; baseline 0.003 -21"><span class='ocrx_word' id='word_1_255' title='bbox 307 2519 500 2551; x_wconf 88' lang='grc' dir='ltr'>σκοντες</span> <span class='ocrx_word' id='word_1_256' title='bbox 534 2497 604 2549; x_wconf 76' lang='grc' dir='ltr'>ὅτι</span> <span class='ocrx_word' id='word_1_257' title='bbox 637 2498 702 2563; x_wconf 86' lang='grc' dir='ltr'>μὴ</span> <span class='ocrx_word' id='word_1_258' title='bbox 736 2498 891 2565; x_wconf 87' lang='grc' dir='ltr'>ἑτέρου</span> <span class='ocrx_word' id='word_1_259' title='bbox 923 2499 1059 2563; x_wconf 82' lang='grc' dir='ltr'>τινὸς,</span> <span class='ocrx_word' id='word_1_260' title='bbox 1095 2499 1225 2551; x_wconf 81' lang='grc' dir='ltr'>ἀλλὰ</span> <span class='ocrx_word' id='word_1_261' title='bbox 1248 2504 1385 2565; x_wconf 74' lang='grc' dir='ltr'>Θεοῦ,</span> <span class='ocrx_word' id='word_1_262' title='bbox 1413 2499 1704 2568; x_wconf 87' lang='grc' dir='ltr'>κατόρθωσις</span> <span class='ocrx_word' id='word_1_263' title='bbox 1733 2499 1792 2565; x_wconf 81' lang='grc' dir='ltr'>ἧν</span> <span class='ocrx_word' id='word_1_264' title='bbox 1824 2499 1878 2552; x_wconf 81' lang='grc' dir='ltr'>τὸ</span> 
     </span>
    </p>

    <p class='ocr_par' dir='ltr' id='par_1_13' title="bbox 307 2580 1879 2650">
     <span class='ocr_line' id='line_1_29' title="bbox 307 2580 1879 2650; baseline 0.003 -21"><span class='ocrx_word' id='word_1_265' title='bbox 307 2581 466 2645; x_wconf 83' lang='grc' dir='ltr'>χρῆμα</span> <span class='ocrx_word' id='word_1_266' title='bbox 499 2580 666 2643; x_wconf 82' lang='grc' dir='ltr'>αὐτοῖς,</span> <span class='ocrx_word' id='word_1_267' title='bbox 705 2580 1024 2648; x_wconf 87' lang='grc' dir='ltr'>χειροκμήτοις</span> <span class='ocrx_word' id='word_1_268' title='bbox 1057 2581 1292 2646; x_wconf 79' lang='grc' dir='ltr'>δαμάλεσι</span> <span class='ocrx_word' id='word_1_269' title='bbox 1328 2586 1576 2650; x_wconf 83' lang='grc' dir='ltr'>προσῆγον</span> <span class='ocrx_word' id='word_1_270' title='bbox 1612 2580 1672 2634; x_wconf 78' lang='grc' dir='ltr'>τὰ</span> <span class='ocrx_word' id='word_1_271' title='bbox 1707 2605 1879 2650; x_wconf 90' lang='grc' dir='ltr'>χαρισ-</span> 
     </span>
    </p>

    <p class='ocr_par' dir='ltr' id='par_1_14' title="bbox 264 2659 1877 2730">
     <span class='ocr_line' id='line_1_30' title="bbox 264 2659 1877 2730; baseline 0.003 -20"><span class='ocrx_word' id='word_1_272' title='bbox 264 2669 292 2710; x_wconf 83' lang='lat' dir='ltr'>d</span> <span class='ocrx_word' id='word_1_273' title='bbox 309 2659 456 2726; x_wconf 90' lang='grc' dir='ltr'>τήρια,</span> <span class='ocrx_word' id='word_1_274' title='bbox 483 2663 557 2712; x_wconf 81' lang='grc' dir='ltr'>καὶ</span> <span class='ocrx_word' id='word_1_275' title='bbox 591 2662 749 2716; x_wconf 84' lang='grc' dir='ltr'>αὐταῖς</span> <span class='ocrx_word' id='word_1_276' title='bbox 779 2662 1012 2727; x_wconf 83' lang='grc' dir='ltr'>ἀνάπτειν,</span> <span class='ocrx_word' id='word_1_277' title='bbox 1037 2665 1120 2715; x_wconf 83' lang='grc' dir='ltr'>οὐκ</span> <span class='ocrx_word' id='word_1_278' title='bbox 1153 2663 1240 2715; x_wconf 78' lang='grc' dir='ltr'>οἶδ’</span> <span class='ocrx_word' id='word_1_279' title='bbox 1269 2663 1407 2729; x_wconf 80' lang='grc' dir='ltr'>ὅπως,</span> <span class='ocrx_word' id='word_1_280' title='bbox 1433 2663 1675 2730; x_wconf 87' lang='grc' dir='ltr'>ἀλλήλους</span> <span class='ocrx_word' id='word_1_281' title='bbox 1700 2664 1877 2716; x_wconf 82' lang='grc' dir='ltr'>ἀνέπει-</span> 
     </span>
    </p>

    <p class='ocr_par' dir='ltr' id='par_1_15' title="bbox 308 2803 1876 2902">
     <span class='ocr_line' id='line_1_31' title="bbox 358 2803 1875 2855; baseline 0.004 -18"><span class='ocrx_word' id='word_1_282' title='bbox 358 2814 388 2837; x_wconf 91' lang='lat'>1.</span> <span class='ocrx_word' id='word_1_283' title='bbox 413 2803 546 2851; x_wconf 81' lang='grc' dir='ltr'>τέχνης]</span> <span class='ocrx_word' id='word_1_284' title='bbox 566 2806 667 2850; x_wconf 81' lang='grc' dir='ltr'>δόξης</span> <span class='ocrx_word' id='word_1_285' title='bbox 683 2807 717 2842; x_wconf 87' lang='lat' dir='ltr'>b.</span> <span class='ocrx_word' id='word_1_286' title='bbox 935 2819 967 2843; x_wconf 87' lang='lat'>2.</span> <span class='ocrx_word' id='word_1_287' title='bbox 993 2808 1061 2854; x_wconf 78' lang='grc' dir='ltr'>ἵνα]</span> <span class='ocrx_word' id='word_1_288' title='bbox 1081 2813 1118 2850; x_wconf 76' lang='grc' dir='ltr'>-Ι-</span> <span class='ocrx_word' id='word_1_289' title='bbox 1131 2809 1175 2853; x_wconf 90' lang='grc' dir='ltr'>μὴ</span> <span class='ocrx_word' id='word_1_290' title='bbox 1193 2809 1233 2844; x_wconf 88' lang='grc' dir='ltr'>Β.</span> <span class='ocrx_word' id='word_1_291' title='bbox 1452 2822 1487 2855; x_wconf 87' lang='lat'>9.</span> <span class='ocrx_word' id='word_1_292' title='bbox 1512 2809 1762 2855; x_wconf 85' lang='grc' dir='ltr'>κατερραμμένα</span> <span class='ocrx_word' id='word_1_293' title='bbox 1779 2809 1875 2844; x_wconf 90' lang='lat' dir='ltr'><strong>B.D.</strong></span> 
     </span>
     <span class='ocr_line' id='line_1_32' title="bbox 308 2851 1876 2902; baseline 0.006 -20"><span class='ocrx_word' id='word_1_294' title='bbox 308 2851 534 2893; x_wconf 82' lang='grc' dir='ltr'>κατεσταμένα</span> <span class='ocrx_word' id='word_1_295' title='bbox 552 2852 630 2897; x_wconf 84' lang='lat' dir='ltr'>(sic)</span> <span class='ocrx_word' id='word_1_296' title='bbox 650 2853 740 2888; x_wconf 90' lang='lat' dir='ltr'>Edd.</span> <span class='ocrx_word' id='word_1_297' title='bbox 759 2854 989 2900; x_wconf 84' lang='grc' dir='ltr'>καθεσταμένα</span> <span class='ocrx_word' id='word_1_298' title='bbox 1007 2868 1024 2890; x_wconf 85' lang='lat' dir='ltr'>e</span> <span class='ocrx_word' id='word_1_299' title='bbox 1042 2868 1106 2890; x_wconf 86' lang='lat' dir='ltr'>suo</span> <span class='ocrx_word' id='word_1_300' title='bbox 1125 2856 1258 2902; x_wconf 84' lang='lat' dir='ltr'><strong>Migne.</strong></span> <span class='ocrx_word' id='word_1_301' title='bbox 1634 2866 1688 2901; x_wconf 86' lang='lat'>15.</span> <span class='ocrx_word' id='word_1_302' title='bbox 1712 2857 1876 2900; x_wconf 77' lang='grc' dir='ltr'>παρεκτὸς</span> 
     </span>
    </p>
   </div>
   <div class='ocr_carea' id='block_1_9' title="bbox 307 2897 1873 2994">
    <p class='ocr_par' dir='ltr' id='par_1_16' title="bbox 307 2897 1873 2994">
     <span class='ocr_line' id='line_1_33' title="bbox 307 2897 1873 2949; baseline 0.005 -21"><span class='ocrx_word' id='word_1_303' title='bbox 307 2906 371 2939; x_wconf 88' lang='lat' dir='ltr'>pro</span> <span class='ocrx_word' id='word_1_304' title='bbox 394 2897 501 2941; x_wconf 79' lang='grc' dir='ltr'>πάρεξ</span> <span class='ocrx_word' id='word_1_305' title='bbox 524 2898 560 2932; x_wconf 88' lang='lat' dir='ltr'>F.</span> <span class='ocrx_word' id='word_1_306' title='bbox 609 2900 799 2945; x_wconf 85' lang='grc' dir='ltr'>ἐποίμαινόν</span> <span class='ocrx_word' id='word_1_307' title='bbox 817 2902 909 2936; x_wconf 85' lang='grc' dir='ltr'><strong>Β.Ι).</strong></span> <span class='ocrx_word' id='word_1_308' title='bbox 928 2902 1052 2947; x_wconf 90' lang='lat' dir='ltr'><strong>(A.V.)</strong></span> <span class='ocrx_word' id='word_1_309' title='bbox 1070 2903 1232 2948; x_wconf 85' lang='grc' dir='ltr'>ἐποίμανά</span> <span class='ocrx_word' id='word_1_310' title='bbox 1257 2903 1294 2938; x_wconf 88' lang='lat' dir='ltr'>F.</span> <span class='ocrx_word' id='word_1_311' title='bbox 1314 2903 1492 2949; x_wconf 86' lang='grc' dir='ltr'>ἐποίμανόν</span> <span class='ocrx_word' id='word_1_312' title='bbox 1517 2902 1609 2937; x_wconf 90' lang='lat' dir='ltr'><strong>Edd.</strong></span> <span class='ocrx_word' id='word_1_313' title='bbox 1635 2909 1714 2937; x_wconf 85' lang='lat' dir='ltr'>ante</span> <span class='ocrx_word' id='word_1_314' title='bbox 1739 2902 1873 2948; x_wconf 86' lang='lat' dir='ltr'><strong>Migne.</strong></span> 
     </span>
     <span class='ocr_line' id='line_1_34' title="bbox 312 2942 1779 2994; baseline 0.005 -19"><span class='ocrx_word' id='word_1_315' title='bbox 312 2950 364 2986; x_wconf 83' lang='lat'>17.</span> <span class='ocrx_word' id='word_1_316' title='bbox 389 2942 539 2986; x_wconf 86' lang='grc' dir='ltr'>τέθηνται</span> <span class='ocrx_word' id='word_1_317' title='bbox 558 2944 603 2979; x_wconf 83' lang='lat' dir='ltr'>D.</span> <span class='ocrx_word' id='word_1_318' title='bbox 747 2958 801 2982; x_wconf 90' lang='lat'>20.</span> <span class='ocrx_word' id='word_1_319' title='bbox 827 2947 975 2994; x_wconf 84' lang='grc' dir='ltr'>πολλῆς]</span> <span class='ocrx_word' id='word_1_320' title='bbox 994 2951 1133 2985; x_wconf 84' lang='grc' dir='ltr'>πολλῶν</span> <span class='ocrx_word' id='word_1_321' title='bbox 1150 2949 1242 2985; x_wconf 84' lang='lat' dir='ltr'><strong>Edd.</strong></span> <span class='ocrx_word' id='word_1_322' title='bbox 1433 2961 1486 2985; x_wconf 89' lang='lat'>21.</span> <span class='ocrx_word' id='word_1_323' title='bbox 1514 2951 1704 2985; x_wconf 83' lang='grc' dir='ltr'>νενευκότας</span> <span class='ocrx_word' id='word_1_324' title='bbox 1719 2948 1779 2983; x_wconf 87' lang='lat' dir='ltr'><strong>iid.</strong></span> 
     </span>
    </p>
   </div>
   <div class='ocr_carea' id='block_1_10' title="bbox 2001 0 2021 1552">
    <p class='ocr_par' dir='ltr' id='par_1_17' title="bbox 2001 0 2021 1552">
     <span class='ocr_line' id='line_1_35' title="bbox 2001 0 2021 1552; baseline 0 0"><span class='ocrx_word' id='word_1_325' title='bbox 2001 0 2021 1552; x_wconf 95' lang='lat' dir='ltr'> </span> 
     </span>
    </p>
   </div>
   <div class='ocr_carea' id='block_1_11' title="bbox 2019 1161 2021 1923">
    <p class='ocr_par' dir='ltr' id='par_1_18' title="bbox 2019 1161 2021 1923">
     <span class='ocr_line' id='line_1_36' title="bbox 2019 1161 2021 1923; baseline 0 0"><span class='ocrx_word' id='word_1_326' title='bbox 2019 1161 2021 1923; x_wconf 95' lang='lat' dir='ltr'> </span> 
     </span>
    </p>
   </div>
   <div class='ocr_carea' id='block_1_12' title="bbox 2019 2535 2021 3242">
    <p class='ocr_par' dir='ltr' id='par_1_19' title="bbox 2019 2535 2021 3242">
     <span class='ocr_line' id='line_1_37' title="bbox 2019 2535 2021 3242; baseline 0 0"><span class='ocrx_word' id='word_1_327' title='bbox 2019 2535 2021 3242; x_wconf 95' lang='lat' dir='ltr'> </span> 
     </span>
    </p>
   </div>
  </div>
 </body>
</html>
