2021 3434
330 206 411 246 712
701 207 750 246 Β.
795 206 1073 247 CYRILLI
1125 207 1509 249 ALEXANDR.
1712 210 1782 250 vii.
1810 223 1903 265 1-3.
2009 182 2013 275 ξ

2009 282 2012 311 Ι

327 313 727 380 κατακεκραγότος
765 317 848 379 τῆς
885 315 1160 385 πλεονεξίας
1183 317 1241 368 ‘O
1268 316 1413 386 ἄρχων
1446 319 1561 368 αἰτεῖ
1586 322 1662 368 καὶ
1700 323 1719 369 ὁ
1761 317 1902 388 κριτὴς

328 395 547 466 εἰρηνικῶς
572 399 735 463 λόγους
761 396 990 457 ἐλάλησεν.

392 475 501 544 ³Ap’
530 479 610 530 οὖν
637 478 899 530 αἰτιάσαιτό
933 503 1002 534 τις
1036 479 1120 531 τὸν
1153 485 1215 535 εἰς
1249 480 1432 547 εἰρήνην
1462 479 1767 545 συλλέγοντα
1799 480 1905 535 τοὺς
2008 504 2012 542 1

327 561 691 625 μεμερισμένους
727 563 788 615 εἰς
826 562 1088 631 διαφοράνς
1128 560 1226 613 εἶτα
1262 568 1363 616 πῶς
1402 561 1459 613 ἂν
1497 560 1668 626 ἀληθὲς
1706 562 1793 626 ε’ίη,
1835 562 1905 613 ὅτι

110 706 140 726 V.
157 705 186 737 9·
387 724 400 740 Ι
594 723 605 741 κ
722 730 741 738 Α
831 729 850 739 a.
938 731 947 745 ⁹
994 726 1006 743 Ι
1373 733 1392 741 Α
1476 726 1488 743 x
1533 729 1543 743 ‚
1626 732 1646 742 ex
1798 727 1809 742 5
1861 726 1873 742 Ι

328 723 524 790 σωζεται
550 748 634 788 μεν
666 749 761 780 τοις
796 749 878 790 της
913 750 1092 793 ειρηνης
1127 732 1411 794 βραβευταις
1436 751 1495 778 τα
1521 731 1729 778 εντευθεν
1755 750 1905 794 αυχη-

326 829 468 869 ματα.
510 806 639 871 πλὴν
665 809 690 858 ὁ
717 809 884 874 κρίνων
910 810 1078 875 ὀρθῶς,
1111 808 1165 860 τὸ
1200 814 1266 878 τῷ
1299 809 1405 878 θείῳ
1439 812 1605 860 δοκοῦν
1631 809 1907 875 διερμηνεύει

284 887 473 957 ἀνόμῳ,
519 891 592 940 καὶ
643 889 749 944 τοὺς
799 890 884 953 μὲν
925 894 1196 945 ἀδικοῦντας
1235 892 1431 960 ἐλεγξει,
1475 891 1815 958 συναγορεύσει
1859 890 1907 942 δὲ

326 970 512 1025 πάντως
549 977 644 1025 τοῖς
684 973 988 1038 ἠδικημένοις.
1057 973 1169 1024 ὅταν
1211 973 1259 1024 δὲ
1303 979 1399 1028 τοῖς
1442 975 1655 1025 ἀδικοῦσι
1697 973 1908 1039 λέγωμεν

327 1053 487 1119 λόγους
531 1054 763 1124 εἰρηνικῶς,
810 1057 892 1107 οὐκ
935 1056 1206 1123 ἐλέγχοντες
1250 1056 1415 1110 αὐτοὺς
1465 1059 1526 1110 ὡς
1570 1055 1906 1122 ἡμαρτηκότας,
1930 1087 1977 1112 10

327 1134 432 1186 τότε
458 1134 514 1200 δὴ
539 1135 644 1188 τότε
677 1139 1022 1203 παραλύσομεν
1047 1141 1253 1205 ἐναργῶς
1278 1138 1332 1190 τὸ
1357 1142 1423 1208 τῷ
1451 1138 1701 1206 Νομοθέτῃ
1728 1142 1906 1191 δοκοῦν.

109 1229 266 1270 Mamm.
327 1216 417 1285 ἔφη
461 1218 554 1285 γὰρ
594 1219 664 1270 ὅτι
709 1228 735 1250 “
757 1220 920 1285 Στόμα
959 1220 1108 1288 ἱερέως
1146 1220 1409 1290 φυλάξεται
1449 1220 1616 1286 κρίσιν,
1653 1224 1727 1272 καὶ
1767 1220 1909 1285 νόμον

328 1306 355 1328 “
379 1299 716 1366 ἐκζητήσουσιν
742 1304 791 1353 ἐκ
823 1302 1061 1366 στόματος
1093 1304 1279 1354 αὑτοῦ.”
1344 1304 1597 1370 παρέπεται
1631 1303 1684 1354 δέ
1708 1327 1809 1358 πως
1841 1307 1909 1355 ἀεὶ

326 1387 421 1436 τοῖς
448 1386 721 1449 δωροδοκεῖν
741 1384 928 1436 εἰωθόσι
953 1384 1006 1437 τὸ
1026 1384 1142 1450 μήτε
1170 1386 1400 1437 δύνασθαι
1421 1387 1588 1452 κρίνειν
1608 1387 1774 1452 ὀρθῶς,
1793 1386 1909 1451 μήτε

328 1463 421 1529 μὴν
462 1466 512 1515 ἐκ
561 1467 828 1533 παῤῥησίας
882 1467 1091 1535 ἐλέγχειν
1140 1467 1246 1522 τοὺς
1299 1468 1636 1535 ἡμαρτηκότας,
1686 1474 1901 1532 συμβου-
1930 1491 1977 1531 15

291 1546 481 1597 θλεύειν
518 1546 566 1598 δὲ
603 1554 792 1613 μᾶλλον
833 1548 892 1600 τὰ
929 1549 1047 1616 πρὸς
1081 1549 1279 1617 εἰρήνην,
1317 1550 1404 1601 κᾶν
1442 1554 1480 1601 εἰ
1517 1552 1749 1616 πλείστην
1788 1550 1908 1616 ὅσην

328 1630 591 1698 ἐπιφέρωσι
625 1655 722 1682 τισι
759 1630 845 1696 τὴν
882 1634 1172 1702 πλεονεξίαν.
1237 1657 1312 1683 και
1347 1636 1430 1697 τῆς
1468 1633 1612 1684 νόσου
1645 1632 1910 1697 τὴνάἰτίαν

327 1717 466 1783 σαφῆ
501 1714 783 1769 καθιστας
764 1739 788 1766 ο
817 1715 1089 1785 Προφήτης,
1119 1717 1247 1784 φησι
1272 1714 1549 1785 Καταθυμισν
1579 1713 1742 1786 ψυχῆς
1780 1718 1910 1767 αὐτου

330 1796 457 1848 ἐστιν·
500 1797 685 1863 ἀρέσκει
712 1821 805 1865 γαρ
839 1797 955 1852 ’ίσως
982 1799 1121 1869 αὐτῷ,
1149 1801 1285 1868 φησι,
1313 1821 1387 1849 και
1412 1821 1466 1849 το
1493 1798 1698 1852 ἐκτόπως
1720 1820 1909 1864 γεγενη-

328 1878 482 1941 με’.νον
543 1877 640 1930 εἶτα
670 1884 769 1933 πῶς
803 1879 1068 1946 ἐπιτιμήσει
1105 1886 1200 1935 τοῖς
1239 1880 1543 1946 ἠδικηκόσιν
1531 1922 1544 1942 ,
1592 1905 1617 1932 ο
1653 1879 1746 1948 γὰρ
1783 1882 1909 1932 ἐπαι-
1930 1906 1978 1932 20

330 1984 470 2015 νεσας
515 1961 622 2030 ἔχει,
662 1967 762 2016 πῶς
806 1961 863 2013 ἂν
914 1963 978 2014 ἐτι
1025 1962 1457 2028 καταμωμήσαιτο;
1515 1966 1674 2031 χρῆμα
1723 1961 1780 2027 δὴ
1830 1963 1911 2014 οὖν

328 2044 523 2095 ἀνόσιόν
572 2068 622 2096 τε
685 2047 761 2096 καὶ
820 2045 1056 2113 ἐπιζήμιον
1107 2049 1297 2112 ἀληθῶς
1347 2046 1374 2110 ἡ
1435 2045 1683 2114 πλεονεξία
1732 2047 1808 2097 καὶ
1857 2046 1911 2097 τὸ

328 2127 631 2187 καταθλίβειν
669 2126 863 2194 ἑτέρους.

399 2208 671 2276 Ἐπάρατον
701 2208 750 2260 δὲ
784 2209 901 2277 πρὸς
933 2210 1081 2282 τούτῳ
1113 2214 1188 2263 καὶ
1213 2210 1267 2263 τὸ
1295 2214 1506 2279 αἰσχρῶν
1532 2212 1764 2276 ἡττῆσθαι
1790 2221 1910 2276 λημ-

108 2303 194 2338 456
212 2303 259 2338 A.
288 2313 310 2337 a
327 2290 508 2355 μάτων,
539 2292 664 2357 ἥκειν
695 2291 743 2343 δὲ
782 2296 844 2346 εἰς
881 2299 1020 2345 τοῦτο
1059 2294 1361 2357 δυσβουλίας,
1390 2297 1451 2348 ὡς
1477 2296 1716 2361 ἀλογῆσαι
1743 2291 1910 2345 λοιπὸν
1928 2313 1975 2354 25

327 2376 401 2424 καὶ
443 2378 538 2425 τῶν
580 2377 642 2429 εἷς
687 2374 916 2442 ὀρθότητα
960 2376 1161 2444 τρόπων,
1206 2379 1282 2428 καὶ
1322 2376 1376 2428 τὸ
1416 2377 1584 2444 κρίνειν
1624 2375 1906 2435 ἀδεκάστως,

375 2543 406 2567 2.
431 2534 556 2578 λόγους
572 2533 754 2577 εἰρηνικοὺς
771 2534 909 2569 inverso
927 2535 1047 2570 Ordine
1065 2535 1124 2581 (ut
1142 2535 1266 2581 supra)
1284 2536 1327 2570 A.
1595 2547 1629 2581 3.
1654 2535 1843 2570 αἰτιάσαιτό
1860 2534 1903 2570 Α.
1996 2559 2000 2588 1

327 2579 516 2613 αἰτιάσεταί
533 2580 626 2614 Edd.
675 2584 714 2624 τῇ
733 2581 844 2625 εἰρήνῃ
863 2594 925 2626 pro
944 2583 990 2618 εἷς
1007 2582 1138 2628 εἰρήνην
1155 2584 1198 2617 Α.
1490 2595 1523 2625 4.
1550 2581 1734 2628 διαφοράν]
1755 2582 1813 2617 Sic
1829 2593 1903 2616 cor·
1995 2589 1999 2614 1

327 2627 398 2660 rexi
417 2638 458 2660 ex
479 2627 520 2660 B.
539 2627 730 2671 διαφθοράν
746 2629 790 2662 A.
811 2628 902 2663 Edd.
951 2628 990 2663 ἂν
1007 2637 1040 2664 et
1057 2629 1106 2674 εἵη
1125 2630 1277 2664 desunt
1270 2642 1305 2663 ln
1324 2630 1367 2664 A.
1641 2630 1673 2664 6.
1699 2632 1757 2674 τῆς
1773 2641 1842 2663 0111.
1860 2629 1903 2662 A.
1995 2654 1999 2672 ,

329 2683 360 2717 7.
387 2673 609 2719 διερμηνεύει]
643 2674 700 2708 Slc
730 2675 833 2709 edidi.
861 2645 1106 2721 διερμηνιεὺεινη
1115 2677 1194 2720 (Sic)
1224 2678 1268 2710 A.
1300 2675 1529 2720 διερμηνεύσει
1553 2676 1588 2710 b.
1619 2675 1788 2722 ερμηνεύει
1814 2674 1904 2710 Edd.
1994 2690 1998 2706 ¹

328 2720 360 2753 8.
387 2720 581 2757 ἀδικοῦντας
599 2722 642 2755 Α.
646 2721 680 2756 b.
698 2721 833 2757 ἀδίκους
851 2722 943 2757 Edd.
1071 2735 1104 2769 9.
1130 2723 1282 2769 λεγωμεν
1301 2724 1344 2757 Β.
1349 2723 1381 2757 b.
1400 2723 1529 2769 λέγωσι
1548 2722 1640 2758 Edd.
1772 2733 1824 2757 10.
1848 2737 1905 2756 av·
1995 2710 1998 2742 1

327 2767 404 2801 τοὺς
420 2774 643 2812 assumptum
661 2780 701 2802 ex
720 2768 760 2802 B.
780 2769 857 2805 τοὺς
874 2782 937 2815 pro
954 2770 1073 2806 αὐτοὺς
1090 2771 1133 2806 ὡς
1150 2770 1184 2805 1).
1480 2782 1493 2804 1
1505 2782 1533 2804 1.
1559 2769 1801 2814 παραλύσομεν
1818 2770 1860 2803 A.
1866 2768 1906 2802 B.
1993 2745 1998 2828 1

327 2813 577 2858 παραλύσωμεν
594 2815 629 2849 1).
646 2816 862 2860 παραλύουσι
880 2817 972 2851 Edd.
1282 2828 1335 2863 13.
1361 2817 1555 2861 ἐκζητοῦσιν
1573 2816 1663 2851 Edd.
1683 2817 1799 2851 invitis
1817 2817 1859 2849 A.
1864 2815 1905 2849 B.
1996 2859 1997 2863 Ἰ

332 2870 384 2902 14.
410 2861 626 2907 δωροδοκεῖν]
646 2862 877 2906 δωροληπτεῖν
895 2864 937 2898 Β.
956 2864 1065 2898 invito
1083 2864 1118 2899 b.
1491 2875 1543 2909 17.
1570 2865 1628 2908 τῆς
1645 2865 1750 2898 νόσου
1766 2863 1826 2905 τὴν
1842 2861 1907 2895 hoc

328 2906 447 2941 Ordine
465 2908 508 2941 A.
520 2908 554 2942 b.
603 2909 662 2952 τὴν
679 2910 736 2943 alt.
755 2922 825 2944 om.
846 2910 887 2944 Β.
1174 2922 1228 2945 21.
1255 2912 1325 2957 ἕχει
1345 2911 1386 2945 Β.
1406 2911 1495 2956 ἔχειν
1512 2911 1556 2945 A.
1574 2911 1634 2956 ἔχῃ
1654 2909 1745 2944 Edd.
1763 2909 1907 2944 verbum
1991 2873 1997 2987 ἒ

328 2951 394 2986 hoc
411 2965 479 2987 orn.
500 2954 533 2988 b.
584 2955 864 3001 καταμωμὴσεται
882 2957 973 2992 Edd.
993 2957 1109 2991 invitis
1128 2957 1171 2992 A.
1177 2958 1218 2993 B.
1232 2958 1265 2992 b.
1453 2969 1507 2992 22.
1533 2957 1551 3001 ἡ
1569 2962 1790 3001 assumptum
1807 2967 1846 2989 ex
1864 2955 1906 2988 A.
1991 2988 1996 3012 ι

331 3009 384 3041 24.
410 2999 573 3042 ἡττᾶσθαι
590 3003 633 3037 A.
826 3014 879 3049 25.
906 3019 941 3039 τε
961 3016 1023 3050 pro
1041 3005 1076 3039 δὲ
1093 3005 1137 3039 A.
1328 3004 1382 3039 26.
1408 3004 1527 3040 ἀδίκως
1543 3016 1607 3050 pro
1623 3003 1815 3039 ἀδεκάστως
1832 3002 1875 3036 A.

507 641 519 655 s
665 647 674 659 τ
729 647 738 660 ’
964 647 978 663 x
996 646 1020 661 ‘2
1109 647 1123 663 x
1217 650 1235 658 Α
1348 646 1358 660 ³
1406 649 1426 658 Α
1492 645 1502 658 e
1668 644 1678 658 1
1793 646 1803 660 )
1887 644 1898 659 ⁸

109 650 269 683 S-Matth-
330 645 608 708 αΜακαριοι
635 667 677 694 οι
703 666 993 709 ειρηνοποιοι,
1049 668 1125 696 και
1151 668 1281 699 ποιος
1305 668 1458 696 αυτων
1484 668 1508 695 ο
1534 648 1706 708 μισθος
1727 666 1739 707 ;
1777 651 1906 695 αλλα
1924 662 1946 701 5
2008 630 2021 702 1;

2011 1618 2017 1690 -ὴ-ῌῖ.
2010 1596 2017 1613 »τ
2010 1449 2019 1591 uin-2>
2014 1435 2017 1441 .
