2021 3434
142 218 203 261 iii.
228 220 266 260 8.
530 219 605 260 IN
645 218 1038 260 MICHAEAM.
1098 218 1238 260 TOM.
1271 218 1332 259 II.
1633 219 1710 259 651

215 330 466 381 Δείκνυσιν
492 329 563 381 ὅτι
595 329 749 395 πάντη
774 353 822 381 τε
848 331 923 381 καὶ
947 329 1134 383 πάντως
1157 332 1433 395 ψευδοεπεῖν
1464 328 1719 393 ἀναγκαῖον

139 410 247 465 τοῦς
285 412 626 465 κατάπλαστον
651 413 842 480 ε”χοντας
867 411 952 476 τὴν
976 415 1058 475 τῆς
1084 411 1370 479 προφητειάς
1397 409 1557 479 δόξαν.
1616 414 1717 463 πῶς

139 491 233 558 γὰρ
272 492 330 544 ἂν
366 494 667 558 ἀληθεύσειεν
694 496 718 544 ὁ
749 494 814 558 μὴ
842 496 889 544 ἐν
914 497 1021 562 Θεῷ
1048 498 1212 543 λαλῶν
1243 492 1291 546 ὅς
1325 494 1455 543 ἐστιν
1487 490 1711 556 ἀλήθεια,

139 577 243 641 περὶ
273 575 357 637 μὲν
387 575 480 642 γὰρ
506 581 587 626 τοῦ
617 575 739 626 Κάιν
765 576 854 643 ἔφη
881 599 973 626 που
994 544 1210 641 ιΧριστός
1249 582 1275 604 “
1300 575 1503 628 Ἐκεῖνος
1530 576 1713 640 ἀνθρω-
1737 592 1757 619 0
1779 578 1927 662 {32¹²

97 671 119 709 5
141 663 168 685 ‘⁶
191 658 418 711 ποκτόνος
454 656 512 721 ἧν
546 659 624 709 ἀπ’
659 660 818 724 ἀρχῆς,
860 681 934 708 και
972 659 1020 708 ἐν
1053 661 1110 725 τῇ
1149 658 1346 725 ἀληθείᾳ
1384 658 1470 724 οὐχ
1508 656 1716 719 ἔστηκεν,

141 745 168 768 “
194 738 264 789 ὅτι
314 739 531 808 ψεύστης
575 741 678 790 ἐστὶ
717 739 871 793 καθὼς
919 742 993 790 καὶ
1034 741 1059 789 ὁ
1100 738 1254 804 πατὴρ
1296 739 1483 789 αὐτοῦ·”
1538 739 1717 804 πατέρα

139 819 291 874 διδοῦς’
329 822 453 890 αὐτῷ
490 819 575 872 τὸν
611 824 686 872 καὶ
724 819 779 872 τὸ
818 821 995 890 ψεῦδὸς
1033 821 1329 889 ἐξευρηκότα,
1369 819 1597 882 τουτέστι,
1635 818 1718 869 τὸν

138 906 365 953 σατανᾶν.
435 902 505 953 ὅτι
553 904 602 954 δὲ
652 902 833 969 ἀνάγκη
877 901 984 957 τοῦς
1033 905 1083 953 ἐκ
1133 906 1405 963 διαβολικοῦ
1451 907 1718 954 λαλοῦντας

137 984 400 1047 πνεύματος
433 984 493 1035 τὰ
527 985 699 1036 ἐκείνου
731 985 957 1051 λε’γοντας
983 985 1256 1052 ψεύδεσθαι,
1283 987 1383 1036 πῶς
1408 983 1537 1033 ε”στιν
1563 984 1712 1050 ἀμφι-

71 1082 120 1107 10
138 1065 369 1127 βάλλεινς
409 1069 451 1117 οἱ
477 1067 625 1132 γεμὴν
651 1067 725 1118 διὰ
744 1071 879 1128 Θεοῦ,
901 1067 1053 1130 πάντη
1078 1089 1127 1117 τε
1153 1068 1228 1117 καὶ
1253 1065 1440 1118 πάντως
1466 1066 1718 1130 ἀριστοεπ-

138 1149 251 1199 οῦσί
270 1171 320 1199 τε
347 1151 420 1199 καὶ
446 1149 776 1213 ἀληθεύουσιν·
814 1148 976 1216 ἔχουσι
995 1147 1088 1213 γὰρ
1112 1149 1160 1198 ἐν
1179 1149 1357 1201 ἑαυτοῖς
1370 1145 1456 1211 τὴν
1471 1145 1712 1209 ἀλήθειαν.

138 1231 304 1281 οὐκοῦν
337 1235 438 1285 πῶς
475 1229 533 1281 ἂν
563 1231 757 1296 γε’νοιτο,
785 1232 950 1298 φησὶν,
986 1231 1042 1280 οὐ
1079 1228 1414 1298 διεψευσμένος
1446 1228 1575 1294 παρά
1618 1251 1716 1279 τισι
1736 1240 1764 1281 d

136 1315 219 1376 τῆς
267 1313 556 1382 προφητείας
593 1314 617 1363 ὁ
656 1313 815 1377 λόγος,
854 1316 891 1363 εἱ
930 1311 994 1376 μὴ
1034 1313 1332 1381 ε’,ιιπλῆσ-αιμι,
1370 1310 1445 1362 διὰ
1486 1317 1568 1361 τοῦ
1606 1312 1718 1374 ἐμοῦ

138 1393 412 1463 Πνεόματος,
445 1395 681 1458 δυνάμεώς
718 1418 847 1449 τινας
885 1397 959 1445 καὶ
999 1393 1308 1457 δικαιοσύνης,
1340 1393 1441 1457 ἤτοι
1482 1392 1714 1461 κρίματος,

70 1498 116 1536 15
136 1474 259 1528 ὥστε
301 1479 377 1527 καὶ
427 1479 573 1531 ἀδεῶς
621 1479 696 1527 καὶ
749 1475 1096 1543 τεθαῤῥηκότως
1145 1476 1574 1544 κατεξανίστασθαι
1622 1480 1717 1526 τῶν

135 1558 484 1625 ἡμαρτηκότων,
527 1561 603 1610 καὶ
646 1559 901 1626 διελέγχειν
949 1557 1147 1619 αὐτούςς
1204 1560 1275 1608 δεῖ
1315 1557 1407 1623 γὰρ
1451 1555 1576 1619 οἶμαι
1620 1562 1717 1611 τοῖς

135 1647 345 1692 λαλοῦσι
367 1641 427 1692 τὰ
451 1641 579 1707 παρὰ
607 1645 744 1703 Θεοῦ,
770 1641 999 1705 πλείστης
1024 1663 1074 1691 τε
1106 1640 1223 1705 ὅσης
1249 1643 1324 1690 καὶ
1350 1642 1530 1705 ἀγαθῆς
1555 1640 1717 1690 εὐτολ-

135 1725 259 1788 μίας.
322 1723 573 1791 ἐλέγχουσι
611 1723 704 1790 γάρ
741 1722 847 1773 ἔσθ’
877 1722 952 1773 ὅτε
977 1722 1150 1786 δήμους
1187 1745 1237 1773 τε
1270 1722 1423 1784 ὅλους,
1449 1723 1523 1772 καὶ
1561 1721 1717 1783 μέντοι

137 1808 213 1857 καὶ
251 1810 484 1868 βασιλεῖς,
521 1808 598 1857 καὶ
634 1804 740 1858 τοὺς
779 1805 916 1859 ὄντας
953 1806 1000 1855 ἐν
1037 1807 1296 1872 ὑπεροχαῖς,
1333 1804 1376 1854 οἳ
1411 1803 1467 1868 δὴ
1501 1804 1717 1868 μάλιστα

69 1915 119 1939 20
136 1893 230 1942 τοῖς
294 1890 581 1953 ἐπανορθοῦν
626 1886 872 1938 ἐθέλουσιν
928 1886 1220 1952 ε’πιτρίζῖωσι,
1270 1888 1345 1937 καὶ
1408 1887 1490 1937 οὐκ
1553 1885 1718 1937 οἰστὸν

135 1978 375 2024 ποιοῦνται
412 1971 495 2023 τὸν
532 1976 625 2022 τῶν
664 1971 977 2039 ὠφελούντων
1015 1971 1178 2037 λόγον.
1246 1969 1505 2034 κεκμήκασι
1543 1969 1636 2037 γὰρ
1672 1974 1755 2022 oie

135 2054 353 2120 μακάριοι
390 2056 646 2121 προφῆται,
675 2057 864 2116 μᾶλλον
891 2052 938 2103 δὲ
971 2052 1362 2114 κεκινδυνεύκασι,
1392 2055 1467 2102 καὶ
1507 2052 1709 2120 ἀνῄρην-

135 2159 212 2188 ται
242 2135 553 2202 πολυτρόπως
587 2139 686 2188 ταῖς
719 2139 813 2185 τῶν
838 2134 1292 2200 παιδαγωγουμένων
1317 2135 1523 2187 ἀνοσίοις
1554 2136 1715 2200 ὀργαῖς

137 2217 255 2269 κατὰ
281 2216 464 2284 καιροὺς
489 2218 858 2283 περιπίπτοντες.
916 2217 1218 2283 ἐμαστίζοντο
1239 2216 1286 2267 δὲ
1307 2219 1380 2267 καὶ
1407 2220 1448 2267 οἱ
1473 2216 1716 2267 θεσπέσιοι

70 2318 118 2357 25
136 2300 354 2365 μαθηταί.
422 2299 617 2365 πλήρεις
662 2298 755 2365 γὰρ
801 2297 929 2352 ὅντες
970 2299 1204 2361 δυνάμεως
1253 2300 1328 2349 καὶ
1379 2301 1591 2367 κρίματος
1640 2301 1716 2350 καὶ

137 2382 433 2447 δικαιοσύνης
455 2380 796 2448 προσεκόμιζον
822 2385 887 2450 τῷ
916 2384 1022 2450 Θεῷ
1049 2379 1123 2431 διὰ
1156 2380 1359 2434 πίστεως
1394 2383 1476 2445 τῆς
1506 2385 1566 2434 εἰς
1593 2385 1714 2447 Χρι-

186 2574 218 2598 2.
243 2565 300 2607 τῆς
315 2564 425 2610 προφ.
442 2564 501 2608 τὴν
518 2564 656 2598 inverso
674 2563 793 2598 ordine
814 2563 855 2597 A.
1127 2574 1161 2607 3.
1185 2560 1225 2596 ἂν
1242 2569 1463 2607 assumptum
1481 2575 1523 2596 ex
1541 2564 1583 2596 A.
1633 2563 1716 2607 ἀλη-

137 2609 253 2644 θεύσει
272 2610 314 2645 Β.
565 2624 598 2653 4.
624 2626 684 2654 μεν
701 2610 820 2644 deest
815 2622 849 2644 ln
868 2611 912 2643 A.
1168 2620 1200 2654 5.
1227 2611 1290 2654 οὐχ
1308 2609 1462 2654 ἕστηκεν]
1483 2610 1541 2643 οὐκ
1558 2611 1652 2644 ἔστιν
1671 2611 1712 2644 Β.

138 2656 172 2691 6.
199 2657 306 2692 καθὼς
322 2658 375 2691 καὶ
393 2656 546 2691 desunt
538 2670 575 2691 ln
592 2658 636 2691 A.
867 2656 1012 2691 ,διδοὺς
1032 2655 1073 2690 Β.
1091 2656 1230 2690 διδωσιν
1250 2656 1339 2689 Edd.
1359 2657 1395 2690 δε
1413 2658 1552 2690 διδωσιν
1569 2658 1612 2691 A.
1662 2659 1715 2691 καὶ

139 2715 210 2738 om.
231 2704 273 2738 Β.
322 2705 360 2738 τὸ
377 2716 448 2738 om.
467 2704 658 2739 AubertuS.
887 2715 920 2748 9.
946 2702 1125 2747 λέγοντας]
1145 2705 1333 2738 λαλοῦντας
1350 2703 1393 2737 A.
1442 2703 1652 2747 ἀμφιβαλεῖν
1670 2705 1713 2737 A.

141 2761 198 2784 11.
222 2751 334 2786 αὐτοῖς
354 2751 444 2785 Edd.
626 2762 679 2785 12.
705 2750 821 2803 γένους
839 2749 927 2794 (Sic)
946 2761 1009 2794 pro
1025 2764 1157 2794 γενοιτο
1175 2750 1219 2783 A.
1408 2761 1460 2795 1.3
1487 2751 1540 2783 διὰ
1557 2753 1616 2783 τοῦ
1634 2751 1715 2793 ἐμοῦ

138 2796 349 2843 Πνευματος]
371 2797 411 2831 δι’
430 2797 549 2833 αὐτους
565 2800 695 2840 πνεῦμα
715 2797 794 2841 (SIC)
814 2797 857 2830 A.
956 2807 1008 2838 14.
1030 2811 1121 2831 τινας
1138 2798 1182 2830 A.
1199 2811 1288 2831 τινος
1307 2796 1397 2830 Edd.
1475 2808 1527 2840 15.
1547 2798 1599 2830 καὶ
1617 2797 1714 2841 prius

0 2857 10 3116 ι
138 2851 362 2888 assumptum
379 2856 419 2878 ex
436 2845 481 2878 A.
520 2845 645 2878 Statlm
663 2844 802 2878 ἀναιδῶς
820 2855 883 2887 pro
899 2842 1003 2877 ἀδεῶς
1021 2843 1064 2876 A.
1116 2843 1199 2876 Post
1217 2843 1249 2876 h.
1268 2855 1299 2877 V.
1319 2843 1535 2887 κατεθαρρηκ.
1554 2844 1632 2886 (sic)
1653 2856 1714 2888 plo

141 2947 199 2971 21.
222 2936 306 2982 γὰρ]
325 2940 408 2983 γοῦν
424 2938 468 2971 -.A
691 2947 746 2981 25.
772 2937 823 2970 καὶ
842 2935 1014 2981 κρίματος]
1036 2936 1192 2980 κρίματός
1209 2951 1245 2971 τε
1263 2937 1306 2971 A.
1527 2937 1582 2971 26.
1609 2937 1714 2971 δικαι-

138 2982 279 3029 οσύνης]
304 2988 338 3025 -1-
361 2986 417 3028 τῆς
435 2985 480 3019 εἷς
497 2986 647 3029 Χριστὸν
665 2983 755 3017 Edd
773 2983 889 3017 invitis
906 2983 949 3015 A.
956 2983 997 3015 B.

12 2909 17 3015 l
139 2890 194 2924 καὶ
210 2891 278 2924 τεθ.
297 2891 343 2925 A.
488 2902 541 2936 17.
566 2889 673 2936 παρὰ]
693 2891 770 2934 περὶ
789 2889 880 2924 Edd.
1023 2900 1077 2923 20.
1105 2890 1313 2934 ἐπιτρίζουσι
1330 2891 1373 2925 Α.
1391 2890 1604 2936 επιτριβουσι
1623 2890 1713 2924 Edd.

14 3019 19 3075 A
867 3055 893 3092 4
914 3054 937 3079 O
963 3054 983 3082 2
