2021 3434
96 219 180 260 i.1.
566 218 638 259 IN
679 218 921 261 OSEAM.
981 219 1130 261 TOM.
1176 219 1211 260 Ι.
1618 217 1667 254 Π

98 330 311 394 Μαναῒμ,
338 331 386 381 ἐν
419 330 506 381 ε”τει
546 330 714 382 λοιπὸν
748 334 1053 400 πεντηκοστῷ
1079 332 1154 381 καὶ
1189 326 1382 397 δευτέρῳ
1413 327 1496 389 τῆς
1521 330 1668 386 βασι-

95 413 223 466 λειάς
245 412 411 479 Ὀζίου
447 414 624 481 χρίεται
661 412 808 465 πάλιν
843 415 915 464 ἐπὶ
949 411 1035 477 μὲν
1069 411 1151 464 τὸν
1175 411 1358 463 Ἰούδαν
1389 410 1437 460 ἐν
1461 408 1666 474 Ἱεροσο-

96 495 261 557 λύμοις
298 495 505 559 Ἰωάθαμ
544 495 660 558 μετὰ
701 494 787 560 τὴν
830 502 912 547 τοῦ
963 495 1140 563 πατρὸς
1191 493 1426 557 τελευτὴν,
1470 494 1573 558 περὶ
1619 491 1672 542 οῦ

94 600 370 644 γεγραπται,
408 578 478 630 ὅτι
521 586 548 608 “
564 579 790 677 ΗΕποιησε
833 601 886 629 το
927 577 1052 632 εὐθες
1090 580 1138 629 ἐν
1175 579 1442 674 ὀφθαλμοῖς
1483 575 1671 641 Κυριου,
1690 587 1716 626 b
1731 581 1856 664 1301:

54 667 123 717 5⁶⁶
151 659 269 711 κατὰ
302 660 456 712 πάντα
496 661 589 712 ὅσα
627 661 843 725 ἐποίησεν
873 660 1038 727 Ὀζίας
1077 661 1101 711 ὁ
1139 659 1295 725 πατὴρ
1334 659 1490 710 αὐτοῦ·
1542 656 1672 721 πλὴν
1734 678 1783 708 35-

96 750 124 773 “
148 742 208 794 τὰ
239 743 407 813 ὑψηλὰ
438 745 518 795 οὐκ
552 743 732 812 ἐξῇρεν·
785 742 850 793 ε”τι
875 744 899 793 ὁ
926 742 1041 796 λαὸς
1073 742 1283 809 ε’θυσίαζε
1322 743 1397 792 καὶ
1430 740 1592 804 ἐθυμία
1624 742 1672 790 ἐν

98 833 125 855 “
149 831 244 880 τοῖς
285 827 534 895 ὑψηλοῖςΡ
580 827 654 877 ἐπι
688 825 741 876 δέ
780 848 834 891 γε
876 823 959 876 τὸν
989 824 1191 892 Ἰσραὴλ
1234 824 1417 878 Φακέας
1458 823 1552 877 υἱὸς
1589 828 1672 874 τοῦ

97 908 309 971 Μαναῒμ.
387 908 748 969 αΒεβασίλευκε
795 907 857 970 δὲ,
900 911 1063 976 φησὶν,
1101 907 1180 971 ε”τη
1226 906 1322 969 δύο,
1366 929 1440 957 και
1480 907 1672 968 ἐποίησε
1735 918 1786 993 {b
1805 928 1857 957 23.

93 991 200 1042 “rb
259 988 464 1088 πονηρὸν
513 992 560 1041 ἐν
610 991 877 1059 ὀφθαλμοῖς
931 991 1121 1056 Κυριου.
1203 988 1300 1040 εἶτα
1348 988 1671 1055 συνεστράφη,
1734 972 1854 1080 11Ξ,25,

29 1094 75 1120 10
95 1080 121 1103 ‘⁶
147 1075 310 1142 φησιν,
352 1074 419 1124 ἐπ’
457 1072 597 1124 αὐτὸν
639 1072 789 1124 Φακεὲ
827 1072 921 1126 υἱὸς
956 1079 1038 1124 τοῦ
1064 1073 1311 1135 Ρομελίου
1358 1072 1382 1121 ὁ
1418 1071 1673 1137 τριστάτης
1738 1074 1750 1079 ”
1778 1059 1854 1089 ’²9'

95 1157 302 1216 “αὐτοῦ,
332 1157 407 1206 καὶ
442 1155 672 1224 ἐπάταξεν
704 1155 843 1207 αὐτον
866 1157 913 1206 ἐν
941 1155 1194 1224 Σαμαρείᾳ,
1219 1178 1294 1206 και
1326 1155 1672 1215 βεβασίλευκεν

94 1246 120 1267 “
146 1239 242 1289 ἀντ’
270 1239 410 1289 αὐτοῦ
445 1240 519 1289 ἐπὶ
558 1237 638 1289 τὸν
673 1237 887 1304 Ἰσραὴλ,
928 1240 1003 1289 καὶ
1045 1239 1234 1303 ἐποίησε
1279 1236 1333 1289 τὸ
1373 1237 1580 1303 πονηρὸν
1623 1239 1671 1287 ἐν

94 1328 121 1350 “
144 1321 409 1389 ὀφθαλμοῖς
453 1322 643 1388 Κυρίου,
685 1322 767 1371 οὐκ
805 1320 988 1385 ἀπέστη
1032 1319 1126 1372 ἀπὸ
1167 1325 1340 1372 πασῶν
1378 1324 1472 1371 τῶν
1513 1321 1663 1384 ἁμαρ·
1689 1337 1709 1363 0

94 1411 119 1433 ‘⁶
143 1409 253 1455 τιῶν
286 1402 532 1469 Ἱεροβοᾶμ
573 1408 671 1455 υἱοῦ
715 1403 904 1467 Ναβὰτ,
946 1403 995 1457 ὃς
1039 1404 1269 1472 ἐξήμαρτε
1308 1402 1389 1455 τὸν
1422 1403 1670 1468 Ἰσραὴλ.”

28 1505 73 1543 15
94 1487 249 1537 Αὐτοῦ
272 1485 611 1547 βασιλεύοντος
637 1487 780 1551 ἀνέβη
809 1485 1213 1555 Θεγλαφαλασάρ
1239 1484 1470 1547 βασιλεὺς
1486 1485 1672 1537 Ἀσσυ-

91 1568 215 1635 ρίων,
244 1567 293 1623 ὃς
326 1574 489 1621 πᾶσαν
523 1568 644 1620 ἑλὼν
680 1569 799 1621 κατὰ
833 1569 1002 1636 κράτος
1032 1569 1118 1634 τὴν
1151 1568 1431 1636 Σαμάρειαν,
1460 1569 1671 1639 ἀπῴκισε

92 1650 175 1703 τὸν
205 1651 407 1718 Ἰσραὴλ
448 1657 510 1706 εἷς
552 1653 857 1719 Ἀσσυρίους.
929 1652 1224 1717 τετελεύτηκε
1257 1652 1305 1704 δὲ
1336 1655 1409 1703 καὶ
1443 1653 1467 1702 ὁ
1507 1653 1669 1716 Φακεέ,

92 1734 377 1803 συστροφὴν
413 1735 482 1785 ἐπ’
519 1734 662 1786 αὐτὸν
698 1734 985 1800 ποιήσαντος
1009 1734 1158 1800 Ὠσηὲ
1196 1741 1278 1786 τοῦ
1318 1737 1415 1786 υἱοῦ
1440 1733 1587 1798 Ἠλά,
1621 1734 1671 1789 ὃς
1734 1752 1854 1790 11230.

93 1819 167 1868 καὶ
206 1818 516 1878 ἐβασίλευσεν
554 1819 650 1868 ἀντ’
686 1819 841 1881 αὐτοῦ,
882 1820 930 1868 ἐν
968 1818 1055 1868 ἔτει
1093 1822 1294 1888 εἰκοστῷ
1326 1816 1533 1880 Ἰωάθαμ
1573 1822 1670 1870 υἱοῦ

27 1923 75 1948 20
92 1898 321 1966 Ἀζαρίου.
403 1899 513 1950 ἀλλ’
541 1902 669 1951 “Ἐν
702 1905 801 1953 ταῖς
836 1901 1024 1967 ἡμεραις
1067 1902 1269 1962 ἐκείναις,
1303 1903 1466 1970 φησὶν,
1492 1901 1670 1971 ἤρξατο
1734 1915 1854 1953 11)·37-

94 1988 121 2011 ⁶⁶
149 1981 319 2048 Κύριος
367 1982 739 2051 ἐξαποστέλλειν
788 1985 836 2034 ἐν
877 1983 1032 2034 Ἰούδα
1081 1981 1165 2034 τὸν
1200 1983 1423 2035 εΡαασὼν
1464 1985 1671 2045 βασιλέα

95 2071 122 2094 “
147 2066 330 2131 Συρίας,
366 2067 441 2115 καὶ
478 2063 561 2115 τὸν
601 2066 749 2116 Φακεὲ
788 2065 885 2117 υἱὸν
917 2066 1201 2130 (Ρομελίουῗ
1265 2065 1431 2117 ἀνόπιν
1470 2067 1578 2130 ἡμῖν
1622 2068 1714 2117 ε’νᾶ

93 2152 271 2200 τοῦτοις
312 2148 337 2197 ὃ
379 2147 522 2214 λόγος
563 2148 758 2216 ἔρχεται·
801 2149 980 2217 ἔφαμεν
1021 2147 1128 2215 γὰρ,
1172 2148 1241 2199 ὅτι
1282 2148 1603 2213 τετελεύτηκεν
1644 2152 1669 2200 ὁ

96 2227 259 2292 Φακεὲ,
282 2230 431 2294 Ὠσηὲ
469 2237 551 2281 τοῦ
589 2234 688 2282 υἱοῦ
712 2229 847 2282 Ἠλά
883 2231 1169 2296 σύστρεμμα
1199 2233 1274 2282 καὶ
1312 2232 1569 2295 ἐπιβουλὴν
1599 2232 1667 2284 ἐπ’

29 2335 75 2373 25
96 2310 235 2361 αὐτόν
271 2334 374 2363 τινα
409 2313 740 2377 ποιησαμένου·
798 2313 927 2377 πλὴν
965 2315 1013 2364 ἐν
1051 2313 1234 2381 χρόνοις
1284 2314 1425 2363 αὐτοῦ
1476 2314 1669 2380 γεγονὸς

96 2395 156 2446 εἶς
192 2393 340 2453 μέσον
377 2394 478 2460 ἄγει
516 2395 735 2461 διήγημα.
802 2396 1060 2465 ἐς’Ί-Ιρξατο
1097 2394 1204 2461 γὰρ,
1243 2397 1379 2462 φησὶ,
1417 2396 1588 2462 Κύριος
1621 2400 1669 2448 ἐν

98 2481 124 2503 “
149 2480 248 2529 ταῖς
270 2475 457 2542 ἡμέραις
480 2478 668 2532 ἐκείναις
691 2479 1059 2547 ἐξαποστέλλειν
1093 2480 1141 2528 ἐν
1167 2477 1321 2528 Ἰούδα
1345 2477 1428 2528 τὸν
1446 2479 1668 2531 Ῥαασὼν

99 2563 125 2586 “
150 2559 356 2618 βασιλέα
381 2561 564 2625 Συρίας,
590 2563 664 2611 καὶ
691 2560 774 2612 τὸν
798 2560 946 2612 Φακεὲ
972 2559 1069 2611 υἱὸν
1093 2561 1384 2621 Ῥομελίου.”

173 2639 321 2691 Φακεὲ
354 2639 439 2703 μὲν
472 2640 566 2708 γὰρ
597 2644 621 2692 ὁ
647 2649 729 2695 τοῦ
754 2644 1000 2706 Ῥομελίου
1034 2642 1357 2707 πεπολέμηκεν
1384 2647 1446 2699 ὡς
1471 2645 1668 2713 ὁμόρους

31 2749 80 2785 30
98 2720 235 2775 ὄντας
269 2720 375 2776 τοὺς
397 2724 789 2790 Ἱεροσολυμίτας.
837 2724 991 2788 ἐπειδὴ
1023 2723 1071 2775 δὲ
1105 2724 1256 2789 δεινὴν
1290 2728 1364 2777 καὶ
1396 2727 1666 2794 ἄθραυστον

97 2805 256 2855 ἐθεᾶτο
289 2803 375 2868 τὴν
411 2806 704 2870 ἀντίστασιν,
731 2809 961 2859 ἀναπείθει
992 2805 1075 2857 τὸν
1099 2807 1320 2859 Ῥαασὼν
1351 2809 1433 2861 τὸν
1458 2811 1702 2870 βασιλέαθ

148 2984 177 3008 2.
203 2971 348 3020 Ἰούδαν]
374 2980 406 3015 -†-
430 2975 481 3008 καὶ
503 2974 591 3009 Edd.
796 2986 847 3020 13.
876 2974 1016 3021 Κυρίου]
1037 2980 1073 3015 -ᾇ-
1090 2978 1142 3010 καὶ
1162 2976 1388 3011 i1d.⁷.-a‹r<5w
1406 2980 1547 3013 accessit
1566 2991 1606 3012 ex
1627 2979 1666 3012 B.

104 3031 154 3064 15·
180 3020 447 3067 θεγλαβαλασὰρ
466 3023 594 3066 passim
613 3022 670 3056 nd.
908 3034 960 3068 29
986 3023 1046 3065 μὲν
1063 3032 1282 3068 assumptum
1301 3037 1340 3058 ex
1363 3025 1402 3058 B.

847 3092 913 3121 C2
