2021 3434
270 201 351 240 180
652 201 700 240 Β.
745 199 1019 239 CYRILLI
1060 199 1439 240 ALEXANDR.
1656 198 1835 248 viii.14.

270 308 327 377 ἐξ
355 307 567 375 Ἰσραὴλ,
610 311 965 376 εἰδωλολατρεῖν
1008 310 1284 372 ἑλομένους;
1323 308 1440 375 πρὸς
1480 306 1626 358 ταῦτά
1671 312 1838 376 φαμεν,

228 400 255 440 d
272 390 342 441 ὅτι
383 390 704 455 πεπλάνηνται
753 391 837 455 μὲν
877 392 1277 457 ὁμολογουμένως,
1323 392 1431 441 ἀλλ’
1471 389 1528 454 ἧν
1577 412 1646 443 τις
1690 390 1842 444 αὐτοῖς

270 471 388 522 κατὰ
423 476 529 522 νοῦν
564 473 629 524 ε”τι
661 473 802 540 μικρὰ
834 479 917 524 τοῦ
953 472 1095 538 νόμου
1127 475 1331 543 φροντὶς,
1359 473 1434 523 καὶ
1460 476 1553 523 τῶν
1576 472 1842 522 Ἰουδαϊκῶν

268 554 386 604 ἐθῶν
411 554 492 604 οὐκ
518 554 796 606 ἀπώλισθον
820 560 1079 618 παντελῶς,
1105 556 1252 606 καίτοι
1282 559 1652 622 προσκυνοῦντες
1677 554 1726 603 ἐν
1750 557 1844 606 τοῖς

269 640 363 686 τῶν
411 636 617 688 εἰδώλων
669 642 806 691 ναοῖς.
883 637 1100 706 ταύτῃτοι
1150 640 1226 688 καὶ
1267 639 1291 688 ὁ
1333 635 1556 703 μακάριος
1597 634 1844 704 προφήτης
1864 662 1885 699 5

53 743 69 773 3
87 733 169 782 Effig-
269 717 454 781 Ἠλιοῦ,
500 720 561 772 ὡς
610 721 745 770 δυσὶν
787 721 961 786 ἰγνύαις
1008 719 1376 788 ἐπιχωλεύοντας
1426 717 1673 787 κατῃτιᾶτο
1717 739 1845 780 ποτε,

52 787 140 808 xxm.
160 786 210 806 η
269 801 345 851 καὶ
371 799 486 865 μήτε
512 805 578 870 τῷ
605 801 743 852 Βάαλ
770 802 1052 869 ὀλοτρόπως,
1079 801 1194 867 μήτε
1227 801 1319 866 μὴν
1354 804 1462 870 Θεῷ
1486 801 1671 854 τελείως
1694 821 1847 865 προσ-

270 887 452 934 κεῖσθαι
485 884 871 949 βεβουλημένους.
935 886 1099 936 οὐκοῦν
1132 884 1336 951 γεγονὼς
1370 882 1667 952 αἰχμάλωτος
1694 883 1719 933 ὁ
1744 881 1843 932 Ἰσ-

270 963 409 1032 ραὴλ,
427 965 730 1030 ἀποβέβληκε
754 972 997 1022 παντελῶς
1022 967 1107 1032 τὴν
1126 971 1188 1021 εἷς
1212 967 1294 1019 τὸν
1320 966 1462 1031 νόμον
1482 963 1609 1028 αἰδὼ,
1629 969 1724 1018 τοῖς
1749 968 1843 1014 τῶν

234 1048 565 1114 θκρατούντων
601 1048 732 1100 ε”θεσί
761 1072 810 1100 τε
851 1051 925 1100 καὶ
967 1047 1135 1114 νόμοις,
1173 1052 1234 1103 ὡς
1278 1049 1334 1118 ἐξ
1368 1049 1572 1114 ἀνάγκης
1609 1047 1842 1109 ἑπόμενος.
1873 1078 1919 1103 10

52 1146 211 1178 SMatth.
272 1131 348 1180 καὶ
381 1135 518 1181 τοῦτο
552 1128 681 1195 οἶμαί
711 1133 840 1182 ἐστιν
867 1131 891 1183 ὃ
919 1135 993 1182 καὶ
1020 1131 1156 1185 αὐτὸς
1183 1132 1273 1200 ἔφη
1299 1130 1523 1198 Χριστὸς,
1551 1129 1620 1181 ὅτι
1645 1136 1672 1158 “
1693 1129 1846 1180 Παντὶ

52 1200 212 1265 Ξῖἷηῖοὼ
272 1221 299 1244 “
324 1217 391 1284 τῷ
435 1214 586 1282 ἔχοντι
631 1214 880 1280 δοθήσεται
929 1217 1004 1267 καὶ
1047 1215 1486 1283 περισσευθήσεται,
1527 1212 1619 1265 ἀπὸ
1667 1212 1715 1264 δὲ
1763 1217 1847 1263 τοῦ

51 1289 118 1310 vm.
141 1278 189 1308 ¹8'
273 1303 300 1326 ‘⁶
323 1295 388 1360 μὴ
420 1296 620 1363 ἔχοντος,
655 1299 731 1348 καὶ
768 1296 793 1348 ὃ
828 1300 952 1349 δοκεῖ
981 1298 1113 1366 ἔχειν,
1146 1299 1401 1364 ἀρθήσεται
1435 1298 1512 1349 ἀπ’
1540 1294 1720 1347 αὐτοῦ.”

346 1383 438 1429 Δεῖ
469 1378 525 1443 δὴ
564 1379 645 1430 οὖν
679 1379 770 1446 ἄρα
803 1384 897 1431 τῶν
933 1381 1067 1431 θείων
1105 1381 1224 1444 ἡμᾶς
1257 1379 1565 1448 χαρισμάτων
1602 1378 1667 1442 μὴ
1705 1399 1847 1428 κατα-

272 1464 476 1529 φρονεῖν·
544 1463 652 1511 ἀλλ’
693 1460 758 1512 ῶν
802 1460 860 1512 ἂν
899 1462 1080 1530 ἔχοιμεν
1117 1461 1245 1529 παρὰ
1283 1466 1419 1524 Θεοῦ,
1463 1466 1692 1514 πλεῖστον
1730 1459 1847 1512 ὅσον
1875 1488 1920 1526 15

271 1547 507 1594 ποιεῖσθαι
547 1542 709 1609 λόγον·
763 1544 1101 1612 πεφροντικόσι
1140 1544 1224 1608 μὲν
1257 1544 1349 1611 γὰρ
1385 1542 1763 1613 ἐμφιλοχωρήσει
1793 1541 1847 1593 τὸ

272 1624 501 1692 χάρισμα·
555 1631 592 1676 εἰ
630 1626 678 1677 δὲ
721 1625 921 1696 ῥᾴθυμοι
955 1629 1030 1677 καὶ
1071 1625 1452 1680 ἀναπεπτωκότες
1485 1629 1589 1693 περὶ
1629 1625 1740 1676 αὐτὸ
1776 1649 1848 1691 γι-

274 1706 476 1773 νοίμεθα,
517 1710 591 1758 καὶ
631 1708 743 1759 αὐτὸ
783 1708 839 1772 δὴ
878 1708 1063 1763 πάντως
1102 1709 1441 1774 ἀποπτήσεται.

58 1924 134 1958 126
162 1922 353 2010 A·13}<01i
391 1934 627 1976 ἐπελάθετο
664 1935 838 1992 Ἰσραὴλ
878 1938 950 1976 τοῦ
986 1936 1243 1978 Ποιήσαντος
1283 1937 1424 1987 αὐτόν,
1463 1936 1531 1977 καὶ
1568 1935 1847 1990 ᾠκοδόμΗσαν

235 1990 256 2021 4
340 2021 505 2068 τεμενι-ι·
557 2020 625 2061 καὶ
661 2019 827 2061 Ἰούδας
874 2019 1049 2062 ἐΠοίΗσε
1099 2022 1245 2063 Πόλεις
1294 2022 1617 2076 τετειχισμένας·
1669 2021 1738 2062 καὶ
1785 2022 1850 2062 ἐξ·
1877 2044 1925 2069 20

340 2104 568 2146 αποστελώ
615 2107 693 2161 Πῦρ
742 2103 801 2145 εἰς
849 2104 923 2146 τὰς
972 2106 1119 2148 Πόλεις
1163 2106 1300 2156 αὐτοῦ,
1345 2106 1413 2146 καὶ
1461 2107 1752 2162 καταφάτεται
1799 2106 1850 2147 τὰ

341 2189 511 2234 θεμέλια
550 2187 704 2228 αὐτῶν.

332 2316 649 2385 Ἀμφοτέραις
669 2317 941 2382 ἐπιπλήττει
964 2323 1063 2372 ταῖς
1087 2319 1366 2381 βασιλείαις,
1387 2322 1444 2386 τῇ
1471 2341 1521 2369 τε
1545 2321 1593 2369 ἐν
1614 2320 1850 2388 Σαμαρείᾳ

274 2401 408 2466 φημὶ,
436 2401 510 2450 καὶ
542 2404 600 2467 τῇ
625 2405 708 2451 τοῦ
731 2398 902 2463 Ἰούδα,
931 2401 1158 2463 τουτέστι,
1184 2403 1241 2468 τῇ
1268 2402 1388 2469 οὔσῃ
1422 2400 1540 2451 κατὰ
1574 2400 1659 2466 τὴν
1683 2402 1851 2467 Ἰερου-

274 2479 454 2544 σαλήμ.
517 2482 566 2532 τί
599 2480 692 2548 γὰρ
729 2481 873 2552 ἄμφω
912 2482 1177 2548 δεδράκασι,
1222 2484 1521 2549 καταθρῆσαί
1555 2507 1605 2534 τε
1644 2484 1740 2547 ἅμα
1775 2486 1850 2535 καὶ
1876 2518 1924 2557 25

233 2574 259 2614 b
277 2565 415 2612 εἰπεῖν
440 2564 706 2629 ἀναγκαῖον.
765 2564 1157 2630 προσδοκωμένου
1183 2564 1275 2631 γὰρ
1302 2565 1496 2616 ε”σεσθαι
1521 2571 1603 2616 τοῦ
1626 2567 1850 2630 πολέμου,

275 2647 520 2712 μονονουχὶ
555 2644 603 2696 δὲ
637 2647 711 2696 καὶ
745 2647 814 2698 ἐπ’
843 2647 1001 2701 αὐταῖς
1036 2647 1123 2712 ἤδη
1162 2645 1409 2713 γεγονότος
1447 2653 1547 2702 ταῖς
1578 2648 1738 2715 θύραις
1771 2654 1854 2700 τοῦ

326 2846 359 2878 9.
385 2836 555 2871 παντελῶς
575 2836 620 2871 D.
640 2836 776 2874 τελείως
794 2838 885 2872 Edd.
1015 2839 1068 2873 16.
1096 2839 1382 2885 ἐμφυλοχωρήσει
1400 2839 1459 2875 iid.
1582 2850 1633 2886 17.
1660 2841 1849 2888 γινοίμεθο]

279 2896 437 2952 γινόμεθα
453 2897 512 2932 nd.
832 2913 884 2948 19.
912 2902 1107 2948 ᾠκοδόμησε
1128 2904 1209 2938 B.F.
1230 2905 1300 2947 (22.
1320 2904 1378 2948 al.)
1396 2904 1486 2938 infra
1505 2904 1569 2947 164
1586 2905 1621 2939 b.
1639 2895 1788 2950 ᾠκοδόβκ
1803 2906 1850 2941 D.

279 2943 499 2989 ῳκοδόμησαν
518 2944 608 2979 Edd.
628 2946 758 2991 (A.Y.)
996 2961 1050 2984 20.
1077 2951 1213 2994 ἐποίησε
1234 2951 1327 2985 Β.Ι).
1345 2950 1508 2994 ἐπλήθυνε
1527 2951 1618 2986 Edd.
1637 2952 1749 2998 (A.V.
1763 2954 1848 2997 etc.)

280 2989 323 3023 cf.
343 2989 430 3024 infra
452 2991 514 3033 164
532 2991 566 3026 b.
587 3003 649 3037 294
673 3006 703 3027 a.
925 3007 977 3041 27.
1005 2999 1106 3040 μόνον
1124 2998 1158 3032 δὲ
1177 2998 1251 3043 οὐχὶ
1271 2997 1317 3032 D.
1367 3000 1437 3033 ταῖς
1455 3010 1522 3033 om.
1543 2998 1586 3033 D.
