2021 3434
115 237 166 276 ix.
196 252 258 289 ιι,
289 253 348 281 12.
572 240 644 281 IN
686 240 919 281 OSEAM.
979 240 1129 280 TOM.
1163 240 1214 279 V.
1606 237 1686 276 197

501 443 693 502 Ἐφραὶμ
730 446 789 487 ὡς
826 445 974 503 ὄρνεον
1010 445 1285 486 ἐξεπετάοθιι.
1714 446 1754 469 11

182 549 319 601 ”Οσα
352 555 446 601 τῶν
481 554 611 621 ὀρνέων
645 552 710 617 μή
745 555 847 603 ἐστι
881 551 1056 604 τιθασά
1083 574 1131 602 τε
1163 552 1237 602 καὶ
1268 549 1533 610 κατοικίδια,
1559 554 1685 597 συλ-

115 633 357 701 ληφθέντα
395 633 695 703 φυλάττεται,
737 637 811 686 καὶ
850 635 1121 700 κατατέρπει
1159 631 1265 685 τοὺς
1303 632 1507 699 ἔχοντας.
1568 633 1605 680 εἰ
1643 629 1690 680 δὲ
1709 653 1730 679 c

116 714 172 778 δὴ
199 714 376 780 γένοιτό
408 738 476 769 τις
509 721 592 766 τοῦ
623 717 860 783 διαδράναι
892 716 1060 781 καιρὸς,
1088 713 1405 779 ἀνυπερθέτως
1441 715 1692 781 ἀποφοιτᾷ,

74 812 97 850 5
119 798 191 846 καὶ
215 796 343 865 ὀξείᾳ
367 797 552 865 φέρεται
577 797 747 863 πτήσει
772 798 890 863 πρὸς
920 797 974 849 τὸ
1005 798 1159 849 αὐτοῖς
1185 795 1384 859 σύνηθες
1410 795 1690 858 ἐνδιαίτημα.

117 879 282 929 οὐκοῦν
306 878 552 945 τεθήρευτο
578 879 662 942 μὲν
687 879 862 946 τρόπον
896 878 999 930 τινὰ
1033 878 1107 928 διὰ
1136 878 1383 931 Μωυσέως
1413 875 1537 948 ὀρνέου
1564 877 1694 940 δίκην

117 962 141 1010 ὁ
166 958 381 1026 Ἰσραὴλ,
405 963 480 1012 καὶ
513 961 894 1028 προσκεκόμιστο
928 964 993 1029 τῷ
1018 964 1138 1029 Θεῷ,
1166 961 1241 1010 καὶ
1277 957 1335 1023 ἦν
1365 960 1414 1009 ἐν
1448 963 1579 1027 καλῷ
1613 961 1695 1022 τῆς

118 1043 367 1108 εὐημερίας,
409 1041 535 1112 νόμῳ
572 1044 1014 1110 παιδαγωγούμενος
1039 1044 1115 1093 καὶ
1154 1042 1403 1108 φροντίδος
1440 1040 1695 1092 ἀπολαύων

118 1127 192 1175 καὶ
227 1127 411 1193 φειδοῦς
445 1128 526 1188 τῆς
564 1126 754 1177 ἄνωθεν.
821 1126 998 1186 ἀπέπτη
1031 1125 1078 1176 δὲ
1119 1123 1266 1176 πάλιν
1300 1124 1372 1190 ἐφ’
1408 1122 1522 1190 ὅπερ
1554 1120 1612 1186 ἦν
1648 1124 1696 1173 ἐν

54 1228 100 1252 10
119 1208 293 1275 ἀρχαῖς,
336 1210 583 1276 μονονουχὶ
626 1209 711 1273 τὴν
754 1214 837 1259 τοῦ
881 1207 1114 1270 λαβόντος
1157 1212 1288 1274 χεῖρα
1326 1204 1603 1273 διεκφυγών.
1666 1204 1695 1270 ἢ

119 1292 192 1340 καὶ
219 1291 324 1340 καθ’
353 1291 509 1356 ἕτερον
542 1288 719 1356 τρόπον
752 1290 972 1355 συνήσεις
1005 1289 1059 1341 τὸ
1093 1288 1344 1355 εἰρημένον.
1411 1286 1575 1340 πολλὰ
1601 1292 1696 1339 τῶν

119 1371 289 1436 ὀρνέων
321 1372 428 1426 τοὺς
463 1374 734 1440 ἐπιχωρίους
774 1377 1003 1441 χειμῶνας
1041 1373 1094 1423 οὐ
1133 1371 1350 1440 φέροντα,
1385 1369 1503 1436 πρὸς
1541 1371 1742 1438 ἑτέραςεί

120 1455 421 1516 μεθίστανται
447 1454 618 1524 χώρας,
648 1455 903 1509 ἀδιδάκτως
929 1455 1095 1523 ἔχοντα
1128 1453 1213 1518 τὴν
1249 1460 1332 1504 τοῦ
1370 1452 1698 1521 συμφέροντος

121 1541 312 1600 γνῶσιν,
338 1537 456 1589 κατὰ
481 1538 535 1589 τὸ
560 1542 724 1589 δοκοῦν
758 1543 824 1608 τῷ
857 1537 1142 1602 πεποιηκότι.
1210 1537 1319 1587 ἀλλ’
1347 1537 1395 1586 ἐν
1420 1535 1512 1605 ἴσῳ
1537 1533 1695 1605 τρόπῳ

58 1637 102 1674 15
124 1620 197 1668 καὶ
223 1620 248 1669 ὁ
272 1620 482 1688 Ἐφραὶμ
507 1620 590 1675 τὰς
622 1623 671 1671 ἐκ
704 1626 786 1672 τοῦ
821 1621 1032 1684 πολέμου
1058 1619 1216 1673 δεδιὼς
1241 1617 1494 1687 συμφορὰς
1519 1618 1696 1678 ἀπέπτη

122 1699 238 1766 πρὸς
267 1704 561 1768 Αἰγυπτίους,

125 1925 169 1967 Αἱ
197 1926 316 1969 ὃόΞοιι
348 1927 487 1968 αὐτῶν
513 1929 560 1968 ἐκ
597 1929 735 1970 τόκων
775 1929 841 1969 καὶ
876 1929 1044 1970 ὠδίνων
1080 1932 1146 1968 καί
1179 1929 1447 1976 συλλήψεων·
1489 1926 1594 1967 ὃιότι
1629 1927 1696 1967 καὶ
1721 1945 1763 1968 12

190 2010 264 2051 ἐὰν
290 2010 529 2067 ἐκθρέψο)σι
556 2011 606 2052 τὰ
633 2014 756 2052 τέκνα
790 2012 943 2062 αὐτῶν,
971 2012 1343 2053 ἀτεκνωθέιοοντοιι
1369 2010 1414 2053 ἐξ
1441 2008 1694 2066 ἀνθρώπων·

194 2094 299 2135 διότι
326 2095 393 2135 καὶ
419 2095 514 2136 οὐαὶ
541 2093 682 2136 αὐτοῖς
709 2095 809 2137 ἐστί.
1716 2104 1736 2129 θ

62 2242 109 2267 20
200 2213 405 2279 Ἀπέδρα
447 2214 563 2281 πρὸς
603 2218 885 2281 Αἰγυπτίους
924 2216 1009 2281 τὴν
1049 2218 1331 2281 ἐνεγκοῦσαν
1375 2216 1506 2281 ἀφεὶς
1545 2215 1569 2263 ὁ
1605 2216 1699 2262 Ἰσ-

127 2295 265 2362 ραὴλ,
303 2296 530 2358 ἐπαμῦναι
563 2321 611 2348 τε
646 2302 686 2349 οἱ
719 2297 972 2364 παρεκάλει
1005 2298 1087 2348 τὸν
1119 2301 1200 2361 τῆς
1237 2297 1393 2364 χώρας
1431 2294 1698 2361 ἡγούμενον.

128 2377 197 2443 ἆρ’
245 2380 305 2431 ὡς
343 2380 615 2434 ἀτονοῦντος
660 2385 800 2443 Θεοῦ,
841 2383 915 2431 καὶ
953 2379 1117 2446 σώζειν
1150 2378 1314 2432 αὐτοὺς
1354 2379 1440 2445 οὐχ
1477 2377 1575 2428 οἵου
1612 2399 1695 2439 τε;

129 2463 366 2522 οὐμενοῦν·
409 2462 644 2516 παναλκές
682 2463 775 2528 γὰρ
812 2462 866 2514 τὸ
913 2466 1047 2525 θεῖον,
1084 2464 1159 2512 καὶ
1197 2462 1279 2512 οὐκ
1317 2459 1541 2513 ἀνικάνως
1580 2459 1700 2526 ἕχον,

129 2542 209 2592 τὸν
249 2546 342 2592 τῶν
383 2543 658 2609 Ἀσσυρίων
701 2547 1008 2608 ἀποσοβῆσαι
1046 2543 1271 2605 πόλεμον.
1338 2541 1611 2606 συμβέβηκε
1654 2540 1701 2592 δὲ

64 2646 109 2683 25
129 2624 187 2675 τὰ
225 2623 376 2674 τοιάδε
419 2629 584 2676 παθεῖν
621 2626 726 2679 τοὺς
767 2627 822 2694 ἐξ
855 2625 1078 2694 Ἐφραὶμ,
1117 2625 1218 2688 ἤτοι
1260 2623 1342 2675 τὸν
1374 2622 1588 2690 Ἰσραὴλ,
1632 2623 1702 2674 ὅτι

130 2705 253 2757 Θεὸν
288 2706 479 2776 ἀφέντες
515 2706 597 2758 τὸν
634 2707 859 2774 σώζοντα,
894 2710 969 2758 καὶ
1003 2707 1056 2758 τὸ
1099 2707 1166 2758 ἐπ’
1206 2707 1329 2775 αὐτῷ
1368 2706 1424 2770 δὴ
1462 2707 1538 2757 καὶ
1574 2705 1702 2776 μόνῳ

129 2789 314 2855 μεγάλα
352 2795 539 2857 φρονεῖν
575 2794 875 2855 διαγελῶντες
915 2792 976 2843 ὡς
1020 2790 1180 2852 ἕωλον,
1225 2786 1371 2858 ᾤοντο
1417 2787 1534 2840 κατὰ
1570 2793 1741 2858 σφᾶςει
1770 2807 1847 2841 138
1870 2805 1919 2839 A.

176 2947 210 2981 6.
236 2946 428 2990 τεθήρευται
448 2948 490 2981 D.
772 2958 823 2981 12.
851 2947 1066 2988 μεθίστανται
1083 2949 1166 2991 πρὸς
1183 2947 1296 2992 ἑτέρας
1315 2947 1492 2990 (omittens
1509 2948 1636 2993 χώρας)
1656 2948 1701 2981 D.

136 2995 188 3028 18.
214 2994 406 3038 ἐκτρέψωσι
427 2994 516 3029 Edd.
709 3005 762 3028 21.
789 2992 861 3039 τὸν]
880 3001 914 3035 -1-
931 2994 1016 3028 Θεὸν
1034 2994 1092 3028 iid.
1294 3004 1348 3039 27.
1369 2995 1589 3040 διαγελῶντες
1608 2995 1702 3030 Β.Ι).

134 3041 347 3076 διατελῶντες
365 3041 422 3075 iid.
