2021 3434
296 225 351 263 98
697 224 745 263 B.
789 222 1058 262 CYRILLI
1101 222 1474 263 ALEXANDR.
1753 222 1806 262 iv.
1829 221 1869 261 6.

76 347 152 394 Ley-
296 337 628 398 ἀντιλεγόμενος
679 331 840 398 ἱερεύς;
885 331 910 380 ὁ
946 334 1109 392 μῶμον
1146 330 1281 396 ἔχων,
1320 331 1394 379 καὶ
1428 330 1718 396 ἀρρώστημα
1747 352 1867 395 σαρ-

74 399 141 463 ἶῗι
165 396 223 429 ¹⁷—
297 412 438 464 κικόν·
478 412 694 480 ταύτῃτοι
729 413 804 462 καὶ
839 414 920 474 τῆς
945 413 1235 477 λειτουργίας
1261 411 1537 477 εἰργόμενος.
1602 410 1631 475 ἢ
1670 410 1761 476 γὰρ
1793 410 1869 461 διὰ

296 496 510 557 σκέλους,
543 492 572 557 ἦ
611 494 879 562 ὀφθαλμῶν
916 491 1144 558 ἐπήρειαν,
1171 491 1200 557 ἢ
1240 492 1315 544 διὰ
1352 493 1621 558 σύντριμμα
1650 490 1807 553 ποδὸς,
1840 491 1870 556 ἢ

297 576 398 628 καθ’
444 575 605 642 ἑτέραν
649 575 798 626 αἰτίαν
849 574 1165 644 ἐξεπέμποντό
1209 597 1328 628 τινες
1375 579 1458 625 τοῦ
1509 577 1721 641 ἱερᾶσθαι
1765 576 1872 636 δεῖν,

296 659 442 708 καίτοι
485 656 729 723 γεγονότες
772 658 821 707 ἐκ
865 660 1021 725 φυλῆς
1062 680 1111 708 τε
1155 658 1230 708 καὶ
1269 657 1461 720 αἵματος
1498 655 1624 708 Λευί.
1702 678 1868 723 κεχρη-
1893 671 1915 710 5

295 738 517 809 σμῴδηκε
561 738 655 806 γὰρ
697 739 841 793 οὕτως
885 741 910 790 ὁ
955 738 1030 790 διὰ
1082 740 1328 793 Μωυσέως
1379 738 1532 802 νόμος.
1601 739 1747 792 οὕτως
1794 737 1875 788 οὖν

74 826 232 899 {If-lgm·
297 821 430 872 ε”σται
471 824 622 890 φησὶν
665 828 682 874 ὁ
734 823 849 876 λαός
899 846 998 890 μου.
1066 822 1212 873 καίτοι
1253 820 1347 887 γὰρ
1389 819 1611 888 ὑπάρχων
1650 818 1769 886 ἱερὸς
1801 818 1876 870 διὰ

88 919 145 952 69
167 917 216 950 Α.
262 903 404 958 ambs*
429 904 645 970 πατέρας,
673 907 748 954 καὶ
781 908 864 954 τοῦ
898 904 1023 955 θύειν
1053 903 1321 972 ἠξιωμένος,
1349 903 1439 972 ἔξω
1475 906 1558 967 τῆς
1594 902 1729 967 ἁγίας
1755 905 1871 952 καθ-

296 989 462 1037 εδεῖται
487 989 679 1050 σκηνῆς,
700 986 789 1055 ἔξω
817 988 1107 1052 λειτουργίας
1134 988 1209 1037 καὶ
1236 989 1383 1052 ἱερῶν.
1434 986 1487 1035 οὐ
1511 985 1605 1051 γὰρ
1625 984 1876 1050 προσοίσει

296 1070 479 1131 θυσίας,
517 1070 621 1119 οὔτε
655 1066 748 1132 μὴν
786 1067 942 1133 ὀσμὴν
977 1070 1165 1122 εὐωδίας
1205 1068 1383 1119 ἀνοίσει
1420 1071 1486 1137 τῷ
1526 1071 1649 1136 Θεῷ·
1699 1068 1872 1134 κατηρ-
1898 1089 1945 1116 10
2000 1079 2003 1120 i

295 1151 519 1218 ῥώστησε
562 1149 655 1217 γὰρ
699 1150 846 1202 οὐκέτι
889 1152 1084 1217 μετρίως
1128 1150 1213 1215 τὴν
1261 1155 1323 1204 εἰς
1367 1154 1476 1201 νοῦν
1520 1148 1757 1216 ἐπήρειαν,
1801 1150 1877 1199 καὶ

296 1232 687 1298 καταλελώβηται
723 1232 809 1297 τὴν
844 1233 1049 1300 καρδίαν,
1074 1233 1242 1299 γέγονέ
1274 1256 1324 1284 τε
1363 1233 1548 1285 δικαίως
1573 1231 1878 1294 ἀπόπεμπτος

296 1317 401 1381 ἤδη,
449 1317 523 1367 καὶ
560 1314 901 1383 ἀπηχθημένος.
966 1315 1036 1366 ὅτι
1075 1316 1122 1367 δὲ
1158 1320 1254 1368 τοῖς
1294 1315 1351 1384 ἐξ
1377 1313 1579 1381 Ἰσραὴλ
1619 1313 1875 1377 συμβήσε-

295 1422 371 1450 ται
418 1400 493 1449 καὶ
544 1397 598 1449 τὸ
645 1402 847 1463 σιγῆσαι
902 1396 1163 1467 προφήτας,
1213 1396 1545 1462 διαμεμήνυκεν
1594 1394 1736 1447 εἰπών
1788 1399 1876 1446 Ka}

296 1479 512 1542 ἀσθενήσει
567 1482 645 1532 καὶ
698 1481 918 1550 προφήτης
966 1479 1087 1549 puer&
1135 1482 1226 1539 σοῦ,
1283 1479 1380 1531 κατ’
1424 1476 1567 1530 ἐκεῖνό
1613 1501 1706 1530 που
1737 1477 1874 1548 πάν·
1901 1492 1948 1532 15
2002 1482 2003 1496 ’

253 1570 388 1617 ὺτως
427 1561 481 1614 τὸ
515 1561 752 1629 εἰρημένον
786 1562 915 1629 παρὰ
950 1566 1075 1614 Θεοῦ
1110 1561 1227 1629 πρὸς
1266 1561 1348 1613 τὸν
1385 1560 1612 1628 μακάριον
1643 1557 1876 1626 Ἰεζεκιήλ“
2002 1553 2004 1562 ⁸

75 1652 193 1726 {3265}
297 1652 325 1675 ‘⁶
354 1647 446 1696 Καὶ
480 1643 565 1709 τὴν
598 1644 838 1710 γλῶσσάν
870 1667 962 1695 σου
992 1643 1233 1709 συνδήσω,
1264 1645 1340 1695 καὶ
1379 1640 1764 1712 ἀποκωφωθήσῃ,
1803 1643 1879 1692 καὶ

112 1721 117 1727 ’
184 1719 191 1726 ’
296 1735 323 1757 “
350 1729 433 1778 οὐκ
464 1727 552 1795 ε”σῃ
577 1728 732 1781 αὐτοῖς
765 1731 827 1781 εἷς
859 1727 1008 1792 ἄνδρα
1039 1726 1304 1789 εὐθύνοντα,
1330 1726 1475 1791 ἤγουν
1501 1725 1778 1792 ἐλέγχοντα,
1807 1722 1880 1774 ὅτι

296 1817 323 1840 “
349 1807 473 1863 οἶκος
504 1810 890 1877 παραπικραίνων
926 1809 1074 1860 ἐστί.”
1137 1814 1285 1860 ταῦτα
1315 1807 1363 1859 δὲ
1393 1806 1549 1859 πάντα
1575 1805 1878 1871 συμβήσεται

296 1891 372 1944 διὰ
402 1891 487 1957 τὴν
521 1896 583 1945 εἷς
612 1890 831 1958 Χριστὸν
862 1890 1098 1954 ἀσέβειαν,
1125 1893 1200 1942 καὶ
1230 1889 1291 1942 τὰ
1328 1894 1390 1944 εὶς
1426 1888 1676 1958 προφήτας
1700 1886 1876 1954 ἐγκλή-
1901 1909 1950 1935 20

296 1997 440 2039 ματα.
505 1972 635 2038 πλὴν
673 1974 756 2025 οὐκ
794 1978 856 2027 εἷς
895 1972 1023 2025 ἅπαν
1060 1972 1298 2035 ἀσθενήσειν
1328 1971 1411 2025 τὸν
1435 1971 1652 2039 Ἰσραὴλ,
1677 1970 1788 2022 ἀλλ’
1816 1974 1879 2024 εἰς

297 2056 461 2128 ἡμέρας
493 2057 630 2125 φησί·
670 2055 916 2123 τετήρηται
941 2056 1035 2123 γὰρ
1059 2057 1184 2126 αὐτῷ
1211 2056 1447 2123 σωτηρίας
1479 2057 1554 2106 καὶ
1585 2055 1880 2122 ἐπιστροφῆς

296 2143 379 2204 τῆς
406 2141 468 2193 ὡς
494 2140 542 2189 ἐν
567 2139 725 2190 πίστει
751 2137 924 2204 καιρός.

256 2334 277 2367 6
304 2323 429 2364 Νυκτὶ
465 2322 671 2371 ὡμοίωσα
706 2323 782 2364 τὴν
819 2324 981 2379 μΗτέρα
1020 2337 1106 2372 σου,
1146 2320 1352 2370 ὡμοιώΘΗ
1390 2322 1412 2363 ὀ
1451 2322 1553 2363 λαός
1591 2335 1669 2369 μου
1706 2320 1767 2362 ὡς
1804 2320 1879 2362 οὐκ

262 2417 282 2441 C
367 2409 476 2464 ἔχων
519 2408 682 2455 Γνῶσιν·
722 2408 786 2449 ὅτι
827 2407 874 2449 σὺ
913 2406 1138 2454 ἐΠίΓνωσιν
1179 2406 1358 2457 ἀπώσω,
1403 2406 1520 2454 κάΓὼ
1561 2404 1792 2454 &admonui
1833 2420 1878 2448 σε
1902 2419 1950 2458 25
2005 2408 2007 2433 3

367 2495 439 2532 τοῦ
486 2490 718 2549 ἱερατεύειν
767 2507 849 2540 μοι·
911 2493 979 2532 καὶ
1026 2492 1238 2533 ἐπελάθου
1294 2492 1423 2539 νόμου
1472 2490 1580 2531 Θεοῦ
1626 2505 1714 2541 σου,
1762 2489 1881 2537 κάΓὼ

366 2575 623 2624 ἐπιλήσομαι
660 2577 823 2617 τέκνων
862 2590 949 2618 σου.

367 2675 514 2729 ’Έστι
562 2678 646 2742 μὲν
696 2679 777 2730 οὖν
825 2680 851 2729 ὁ
901 2676 1046 2743 λόγος
1103 2680 1165 2732 ὡς
1216 2678 1334 2745 πρὸς
1380 2677 1466 2741 τὴν
1515 2680 1609 2728 τῶν
1645 2675 1882 2728 Ἰουδαίων

303 2760 561 2825 ἀμετροεπῆ
600 2784 650 2812 τε
692 2763 767 2812 καὶ
811 2763 1007 2812 ἀνοσίαν
1044 2761 1246 2826 πληθύν.
1309 2759 1475 2830 μητέρα
1516 2782 1571 2826 γε
1608 2758 1702 2824 μὴν
1739 2759 1882 2822 αὐτῆς

350 2896 383 2930 5.
408 2886 561 2934 αἵματος]
586 2893 622 2930 -ἱ-
643 2891 702 2923 τοῦ
721 2889 768 2923 D.
912 2898 944 2935 7.
969 2904 1021 2924 τοι
1037 2890 1102 2935 γὰρ
1120 2888 1187 2923 hoc
1205 2887 1326 2922 ordine
1346 2888 1392 2922 D.
1550 2898 1583 2932 9.
1608 2888 1816 2932 λειτουργῶν
1832 2885 1880 2920 D.

304 2934 412 2968 invito
431 2934 508 2979 Syr.
643 2947 696 2969 10.
721 2938 767 2970 τῶ
786 2947 856 2970 om.
877 2936 923 2971 D.
1056 2948 1109 2981 13.
1135 2936 1195 2980 μὲν
1213 2947 1275 2980 pro
1293 2935 1328 2969 δὲ
1349 2935 1395 2968 D.
1517 2944 1569 2976 14.
1596 2934 1649 2968 καὶ
1667 2934 1725 2967 alt.
1744 2944 1813 2967 om.
1833 2932 1881 2966 D.

305 2982 358 3014 26.
386 2982 488 3023 νόμου
507 2981 542 3015 F.
564 2981 652 3016 Edd.
673 2971 814 3026 (Αιέκ.)
832 2984 942 3026 νόμων
961 2983 1002 3017 Β.
1017 2984 1090 3028 (49,
1108 2992 1164 3028 97,
1185 2982 1279 3023 228.)
1295 2983 1395 3026 νόμον
1411 2979 1590 3025 D.(vat.)
1683 2981 1738 3015 28.
1757 2977 1880 3024 Ἔστι]

296 3029 373 3061 ’Ἔτι
394 3027 483 3062 Edd.
629 3039 682 3073 29.
710 3029 898 3074 ἀμετροεπῆ
919 3030 963 3064 D.
983 3030 1174 3074 ἁμαρτοεπῆ
1196 3028 1285 3063 Edd.
