2021 3434
296 189 379 228 212
680 189 727 228 Β.
770 187 1046 228 CYRILLI
1088 187 1466 228 ALEXANDR.
1702 201 1741 227 x.
1765 196 1803 238 7,
1827 186 1863 225 8.

295 301 471 364 τροπῆς
497 302 591 351 τοῖς
616 297 963 348 συντεθεικόσιν
988 298 1117 360 αὐτὰ,
1142 300 1217 349 καὶ
1248 299 1447 350 ἀνοσίως
1472 296 1766 366 ἐξηυρηκόσι,
1792 297 1867 346 καὶ

297 379 596 441 ἀβουλότατα
620 378 880 446 δεχομένοις
905 384 966 433 εἰς
990 386 1098 431 νοῦν
1123 382 1198 431 καὶ
1223 380 1429 446 καρδίαν.

258 596 527 653 γἈΠὲῤῥιψε
559 596 780 653 Σαμάρεια
816 598 990 646 βασιλέα
1024 597 1152 639 αὐτῆς
1188 597 1249 638 ὡς
1286 599 1500 655 φρύΓανον
1536 597 1606 639 ἐπὶ
1638 593 1870 653 Προσώπου

257 685 279 720 8
366 678 532 729 ὕδατος,
559 679 628 720 καὶ
658 680 966 736 ὲΞαρθύσονται
1004 680 1138 730 βωμοὶ
1175 680 1248 731 ὢν,
1273 681 1558 738 ἁμαρτήματα
1595 677 1872 736 τοῦἸσραιὶλ,

261 778 283 805 c
367 762 549 804 ἄκανθαι
576 763 644 804 καὶ
669 763 857 821 τρίβολοι
882 764 1168 814 ἀναβήσονται
1193 765 1263 806 ἐπὶ
1288 764 1339 806 τὰ
1367 764 1642 820 θυσιαστήρια
1668 761 1824 804 αὐτῶν.
1894 775 1916 815 5

373 890 444 942 Τὸ
472 891 749 960 ἀνασφαλές
786 915 835 943 τε
869 891 965 956 ἅμα
1000 895 1075 944 καὶ
1107 892 1161 944 τὸ
1196 891 1442 946 ἀνεπιεικὲς
1468 897 1550 943 τοῦ
1582 890 1758 957 τρόπου
1781 893 1875 940 τῶν

300 972 356 1041 ἐξ
391 972 606 1039 Ἰσραὴλ,
648 974 750 1038 ἤτοι
800 979 895 1025 τῶν
937 977 985 1026 ἐν
1030 975 1284 1044 Σαμαρείᾳ,
1332 977 1405 1026 καὶ
1452 976 1555 1040 περὶ
1596 972 1760 1026 αὐτοῦς
1800 971 1878 1026 οῦς

302 1053 449 1124 ᾤοντο
476 1054 620 1118 θεοὺς,
645 1056 907 1125 ἐπιδείξειεν
942 1055 998 1107 ἂν
1036 1057 1237 1111 εὐκόλως
1268 1060 1342 1108 καὶ
1373 1056 1477 1108 τόδε
1505 1055 1561 1120 δὴ
1584 1056 1745 1106 πάλιν.
1803 1056 1878 1106 καὶ

303 1138 578 1202 θαυμαστὸν
621 1140 767 1192 οὐδέν.
835 1145 877 1192 οἱ
913 1141 1006 1207 γὰρ
1048 1140 1130 1192 τὸν
1173 1141 1252 1192 ἕνα
1294 1144 1369 1192 καὶ
1409 1144 1582 1205 ἀληθῆ,
1623 1142 1698 1191 καὶ
1738 1139 1879 1210 φύσει

304 1219 427 1272 Θεὸν
460 1226 560 1276 ταῖς
594 1224 910 1277 ἀποστασίαις
945 1226 1020 1274 καὶ
1050 1229 1150 1277 ταῖς
1176 1228 1238 1278 εἰς
1268 1228 1363 1275 πᾶν
1390 1225 1543 1275 ὁτιοῦν
1568 1228 1662 1274 τῶν
1687 1223 1878 1290 αἱσχίσ-
1903 1247 1950 1272 ιο

303 1327 398 1355 των
431 1305 718 1371 ἀποδρομαῖς
759 1307 960 1360 ἀνοσίως
999 1307 1397 1372 περιυβρίσαντες,
1435 1311 1535 1360 πῶς
1573 1304 1631 1356 ἂν
1669 1305 1881 1371 ἐγένοντο

304 1385 490 1453 γνήσιοι
515 1388 620 1452 περὶ
645 1388 857 1442 πολλούς
882 1411 931 1439 τε
958 1391 1033 1439 καὶ
1058 1389 1391 1457 ψευδωνύμους
1417 1390 1490 1438 καὶ
1518 1389 1664 1439 λίθων
1689 1410 1882 1451 πεποιη-

261 1482 287 1523 d
305 1469 469 1532 μένους
503 1467 532 1533 ἣ
564 1468 724 1538 ξύλων
755 1470 918 1533 θεούς,
960 1470 1221 1541 ἀπερῥὶφθοιι
1261 1471 1317 1535 δὴ
1356 1472 1436 1522 οὖν
1472 1472 1593 1539 φησὶ
1627 1469 1757 1536 παρὰ
1789 1474 1883 1521 τῶν

306 1553 354 1602 ἐν
378 1554 616 1622 Σαμαρείᾳ
652 1550 734 1602 τὸν
768 1551 967 1620 μόσχον,
995 1552 1077 1604 τὸν
1114 1554 1162 1603 ἐν
1200 1551 1316 1622 δόξῃ
1344 1557 1401 1620 τῇ
1439 1553 1547 1618 παρ’
1575 1553 1728 1607 αὐτοῖς
1758 1555 1882 1603 Θεοῦ

306 1657 357 1684 τε
394 1635 468 1684 καὶ
506 1633 758 1694 βασιλέως·
798 1633 1061 1706 ἀπερῥίφθαι
1097 1634 1144 1686 δὲ
1182 1637 1342 1694 οὕτως,
1377 1637 1546 1686 ὡσανεὶ
1584 1636 1657 1686 καὶ
1704 1634 1883 1702 κάρφος
1907 1652 1954 1691 15

306 1721 406 1769 ταῖς
454 1719 548 1766 τῶν
599 1715 780 1767 ὑδάτων
830 1717 974 1770 δίναις
1022 1717 1335 1780 ἐμπεπτωκὸς,
1382 1717 1666 1786 ἀποφέροιτο
1716 1714 1885 1768 λοιπὸν

305 1797 423 1864 πρὸς
457 1797 511 1849 τὸ
548 1803 644 1853 τοῖς
679 1801 902 1850 διωθοῦσι
945 1801 1125 1851 δοκοῦν.
1192 1799 1262 1850 ὅτι
1296 1799 1344 1851 δὲ
1379 1800 1532 1853 αὐτοῖς
1569 1803 1663 1853 τοῖς
1701 1797 1886 1859 σεβάσ-

306 1902 427 1944 μασι
472 1878 530 1930 τὰ
579 1881 742 1945 τεμένη
787 1879 1132 1949 συνοιχήσεται,
1177 1883 1328 1950 βωμοί
1369 1904 1419 1932 τε
1467 1880 1772 1946 λυθήσονται,
1811 1882 1886 1932 καὶ

307 1960 498 2022 ἀκάνθης
538 1961 726 2013 ε”σονται
763 1962 912 2026 τόποι,
957 1964 1334 2032 καταδῃωθείσης
1384 1964 1538 2017 αὐτοῖς
1578 1964 1767 2028 ἀπάσης
1805 1966 1888 2028 τῆς

308 2043 477 2111 χώρας,
501 2048 600 2097 πῶς
625 2043 682 2108 ἧν
708 2045 1010 2112 ἀμφίβολον;
1051 2046 1364 2114 ἁμαρτήματα
1393 2045 1440 2096 δὲ
1478 2047 1548 2097 τοῦ
1572 2044 1750 2116 Ἰσραὴλ
1782 2044 1889 2100 τοὺς
1910 2071 1958 2097 20

311 2125 490 2192 βωμοῦς
521 2127 760 2190 ἀποκαλεῖ,
786 2128 861 2177 καὶ
895 2125 1026 2190 μάλα
1061 2127 1257 2189 εἰκότως,
1291 2126 1386 2178 οἷον
1421 2127 1671 2191 ὑπόμνημα
1708 2131 1790 2192 τῆς
1827 2131 1889 2182 εἰς

275 2232 296 2257 e
315 2207 438 2260 Θεὸν
463 2208 744 2270 δυσσεβείας
774 2209 927 2259 αὐτῶν
953 2210 1153 2263 ἀνοσίως
1185 2209 1533 2275 ἐγηγερμένους·
1578 2207 1629 2261 ὢν
1656 2209 1704 2261 δὲ
1729 2209 1888 2272 πάλιν,

312 2289 395 2342 τὸν
411 2289 563 2342 ”Απιν
601 2289 857 2354 ὠνόμασεν,
893 2290 993 2355 ἤτοι
1032 2290 1116 2344 τὰς
1157 2289 1381 2355 δαμάλεις
1417 2291 1501 2345 τὰς
1539 2293 1586 2342 ἐν
1624 2291 1810 2357 Βαιθήλ
1840 2314 1890 2343 τε

313 2375 389 2423 καὶ
417 2371 537 2435 Δάν,
564 2370 628 2423 ὧν
654 2377 716 2426 εἰς
751 2371 895 2442 δόξαν
926 2375 1000 2424 καὶ
1038 2376 1080 2424 οἱ
1117 2375 1280 2440 βωμοί.
1348 2375 1526 2438 οὐκοῦν,
1560 2372 1585 2425 ὃ
1622 2373 1687 2439 μὴ
1725 2374 1891 2438 ἵστησι

316 2453 450 2518 Θεὸς,
476 2460 614 2506 τοῦτο
643 2453 796 2520 πάντη
830 2478 880 2505 τε
910 2458 985 2506 καὶ
1013 2454 1199 2510 πάντως
1233 2455 1506 2521 λυθήσεται.
1573 2458 1652 2508 καί
1673 2479 1717 2508 τι
1742 2462 1891 2508 τοιοῦ-
1913 2475 1961 2515 25

318 2559 399 2588 τον
425 2538 692 2601 ὑποδηλοῦν
726 2537 1050 2601 ὑπολαμβάνω
1081 2536 1135 2589 τὸ
1170 2539 1224 2589 δι’
1253 2539 1408 2605 ἑτέρου
1438 2537 1684 2607 προφήτου
1721 2543 1893 2608 σαφῶς

99 2630 180 2662 Mal·
199 2630 259 2667 i-4·
320 2619 554 2685 εἰρημένον
580 2627 606 2650 “
627 2621 771 2671 Αὐτοὶ
795 2620 1160 2685 οἰκοδομήσουσι
1186 2623 1260 2672 καὶ
1285 2621 1378 2687 ἐγὼ
1405 2621 1764 2691 καταστρέψω.”

373 2809 422 2832 10.
441 2799 494 2832 καὶ
511 2806 589 2844 post
607 2802 693 2834 Θεὸν
709 2801 791 2836 add.
811 2801 902 2836 Edd.
1002 2812 1055 2847 17.
1073 2804 1142 2838 τοῖς
1159 2803 1216 2836 alt.
1235 2807 1455 2847 assumptum
1473 2814 1514 2835 ex
1533 2801 1626 2836 B.D.
1725 2813 1778 2847 19.
1796 2802 1895 2836 ἅκαν-

323 2843 391 2879 θεῖς
409 2844 497 2889 (Sic)
516 2846 607 2880 Edd.
742 2859 796 2892 23.
822 2851 861 2892 τῇ
879 2854 959 2893 post
977 2849 1012 2883 ἐν
1028 2849 1107 2883 add.
1126 2849 1185 2883 iid.
1329 2858 1383 2893 25.
1411 2848 1515 2882 καίτοι
1532 2849 1682 2882 τοιοῦτόν
1698 2862 1730 2882 τι
1748 2849 1827 2893 (Sic)
1846 2849 1894 2883 D.

325 2890 450 2924 Statim
466 2892 656 2935 ὑποδηλοῦν
673 2894 720 2928 D.
739 2895 862 2938 δηλοῦν
879 2895 970 2930 Edd.
1115 2905 1169 2941 27.
1195 2894 1441 2941 καταστρέφω]
1459 2899 1496 2936 -Ι-
1513 2895 1680 2938 εὐδοκιμεῖ
1694 2895 1731 2929 δέ
1747 2895 1826 2930 λίαν
1841 2896 1895 2929 καὶ

324 2938 342 2970 ὁ
361 2938 560 2981 σοφώτατος
584 2939 697 2974 δαυεὶδ
722 2941 952 2987 ἀνακεκραγώς
975 2957 1011 2976 τε
1037 2942 1090 2976 καὶ
1111 2942 1222 2988 λέγων
1237 2941 1318 2977 Ἐὰν
1340 2943 1385 2987 μὴ
1411 2942 1533 2988 Κύριος
1560 2941 1765 2986 οἷκοδομὴσῃ
1792 2939 1893 2983 οἶκον,

324 2983 369 3018 εἷς
386 2984 492 3027 μάτην
509 2985 692 3020 ἐκοπίασαν
710 2988 740 3021 οἱ
757 2987 1009 3033 οἰκοδομοῦντες
1026 2990 1138 3024 αὐτόν.
