2021 3434
314 183 396 222 442
706 186 753 225 B.
799 185 1074 226 CYRILLI
1113 185 1501 226 ALEXANDR.
1712 183 1767 223 iv.
1789 198 1830 234 4,
1854 193 1892 235 5.

313 292 430 358 αὐτῇ
463 314 513 342 τε
547 295 623 343 καὶ
655 292 775 362 μόνῃ
807 295 1213 359 πρεπωδεστάτων
1251 295 1553 346 κατασείουσι
1592 291 1784 359 θρόνων,
1820 294 1894 342 καὶ

312 377 407 423 τῶν
441 376 573 439 ἱερῶν
615 375 906 439 ἐκπέμπουσι
945 377 1122 440 θώκων,
1156 376 1416 444 ἐνιδρύουσι
1455 376 1503 427 δὲ
1541 374 1704 441 ὥσπερ
1742 375 1896 426 αὐτοῖς

312 454 419 508 τοὺς
445 455 735 523 ἀκαθάρτους
759 458 993 521 δαίμονας.

389 540 501 590 Τοῖς
540 539 621 589 οῦν
660 541 781 591 οὕτω
826 546 1038 608 φρικτοΐς
1080 541 1377 606 ἐγκλήμασιν
1415 539 1719 607 ἐνισχημένον
1757 538 1890 604 εὖρή·

268 627 293 667 b
313 641 462 681 σομεν
487 618 569 671 τὸν
593 621 902 686 ἀπόπληκτον
926 623 1141 689 Ἰσραήλ.
1207 625 1232 674 ὁ
1259 624 1343 686 μὲν
1373 622 1466 689 γὰρ
1500 627 1594 673 τῶν
1625 621 1751 672 ὅλων
1776 618 1896 673 Θεὸς
1916 631 1937 669 5

90 709 214 792 ἓξὲξ-3
241 772 249 781 .
312 702 604 764 ἐθεσμοθέτει
639 702 713 754 διὰ
751 705 997 760 Μωυσέως
1030 709 1097 770 πῆ
1132 705 1216 768 μὲν
1244 705 1314 757 ὅτι
1347 705 1428 756 δύο
1456 704 1699 756 καταθύειν
1725 700 1898 766 ἀμνοῦς

173 777 178 783 ’
219 762 237 793 9
311 786 551 850 προσῆκεν
586 785 752 840 αὐτοὺς
781 786 900 838 κατὰ
932 792 1097 840 πᾶσαν
1123 788 1297 855 ἡμέραν
1322 789 1371 838 ἐν
1395 792 1452 856 τῇ
1485 787 1597 856 ἁγίᾳ
1627 789 1793 854 σκηνῇ,
1821 786 1897 835 καὶ

311 865 422 936 πρωῗ
460 867 544 931 μὲν
582 868 675 932 ἕνα,
715 871 790 920 καὶ
829 871 983 935 δείλης
1026 871 1074 922 δὲ
1111 869 1194 922 τὸν
1236 871 1404 937 ἕτερον,
1437 869 1491 922 τὸ
1531 870 1666 921 οἱονεὶ
1704 866 1897 935 συνεχὲς

311 950 386 1000 καὶ
420 949 721 1002 ἀδιάλειπτον
752 955 814 1007 εἷς
847 953 1085 1017 εὐοσμίαν,
1110 956 1257 1018 δῆλον
1283 953 1331 1005 δὲ
1363 953 1434 1004 ὅτι
1460 951 1546 1017 τὴν
1570 949 1897 1015 πνευματικὴν,

311 1034 395 1095 τῆς
428 1031 721 1098 Ἐκκλησίας
758 1036 1008 1099 ὑποδηλῶν
1049 1038 1112 1091 ὡς
1148 1038 1196 1087 ἐν
1232 1036 1481 1101 αἰνίγμασί
1514 1057 1564 1086 τε
1601 1035 1677 1085 καὶ
1715 1032 1892 1086 τύποις·

91 1127 252 1158 Ib-xxiii-
311 1117 702 1182 προσενομοθέτει
741 1119 788 1169 δὲ
822 1119 969 1171 πάλιν
1005 1128 1031 1150 ‘⁶
1047 1124 1185 1187 Τρεῖς
1219 1118 1404 1188 καιροὺς
1442 1125 1524 1171 τοῦ
1562 1121 1768 1170 ἐνιαυτοῦ
1808 1118 1898 1185 ὀφ-

95 1180 143 1211 17'
316 1203 343 1227 ‘⁶
368 1196 565 1262 θήσεται
602 1205 696 1251 πᾶν
736 1201 983 1267 ἀρσενικόν
1017 1225 1109 1253 σου
1149 1202 1346 1254 ἐνώπιόν
1387 1203 1520 1266 μου.”
1586 1203 1661 1252 καὶ
1701 1202 1748 1251 ἐν
1787 1199 1894 1251 τού-

313 1302 409 1333 τοις
447 1285 543 1334 τοῖς
588 1284 715 1347 τρισὶ
755 1285 829 1334 καὶ
870 1285 1189 1351 διωρισμένοις
1232 1284 1351 1336 κατὰ
1393 1283 1475 1335 τὸν
1514 1282 1657 1347 νόμον
1700 1287 1893 1348 καιροῖς,

275 1365 563 1428 Οπροσῆγον
602 1364 814 1426 δεκάτας,
856 1365 1073 1435 ἀπαρχὰς
1112 1369 1283 1432 ἀγρῶν,
1326 1367 1507 1429 θυσίας,
1543 1364 1892 1433 εὐχαριστήρια.

91 1465 214 1505 Ib.15.
312 1444 574 1511 γέγραπται
627 1444 719 1512 γὰρ
770 1446 838 1497 ὅτι
892 1454 918 1476 ‘⁶
940 1449 1044 1499 Οὐκ
1094 1448 1290 1517 ὀφθήσῃ
1340 1447 1536 1500 ἐνώπιόν
1584 1471 1675 1511 μου
1723 1446 1894 1500 κενός.”

311 1525 444 1576 ἀλλά
492 1525 551 1577 τά
603 1529 748 1582 οὕτως
790 1531 941 1595 ὀρθῶς
987 1530 1062 1581 διὰ
1105 1537 1186 1582 τοῦ
1230 1530 1487 1599 πανσόφου
1527 1530 1773 1584 Μωυσέως
1816 1552 1893 1580 τε-

312 1610 612 1672 θεσπισμένα
647 1611 954 1674 μεθιστάντες
989 1614 1118 1664 αὐτοὶ
1152 1614 1270 1681 πρὸς
1306 1612 1450 1682 δόξαν
1480 1613 1702 1676 εἰδώλων,
1731 1614 1777 1663 ’ἐν
1803 1618 1898 1667 τοῖς

311 1691 495 1742 ἐκείνων
533 1693 776 1755 τεμένεσιν
810 1693 1035 1764 ἀνέφερον
1074 1701 1134 1752 εἰς
1171 1696 1216 1748 τὶ
1256 1695 1368 1767 πρωῒ
1405 1694 1490 1751 τας
1525 1695 1692 1758 θυσίας,
1738 1718 1892 1762 προσ-

312 1772 518 1838 εκόμιζον
551 1775 597 1826 δὲ
626 1779 701 1826 καὶ
738 1781 795 1832 εἰς
828 1775 896 1838 τὴν
928 1781 1167 1849 τριημερῖαν
1198 1777 1256 1830 r&
1288 1775 1535 1830 ἑπιάέκσιτα
1561 1779 1725 1830 αὐτῶν.
1791 1804 1897 1848 τριη-

311 1860 462 1923 μερίοιν
494 1857 542 1908 δὲ
574 1858 700 1923 λέγει
738 1858 822 1912 τάς
854 1865 973 1927 τρεῖς
1011 1860 1183 1927 ἡμέρας
1216 1867 1300 1912 τοῦ
1339 1863 1562 1924 ἐνιαυτοῦ,
1594 1862 1700 1912 καθ’
1738 1859 1805 1924 ἃς,
1837 1863 1898 1914 ὡς

311 1939 447 2008 ἔφην,
485 1940 574 1990 ἔδει
615 1946 710 1992 πᾶν
744 1941 990 2008 ἀρσενικὸν
1026 1943 1222 1994 ἐνώπιον
1263 1943 1484 2011 ἔρχεσθαι
1522 1948 1662 1996 Θεοῦ.
1731 1949 1806 1995 καὶ
1844 1946 1898 1994 οὐ

312 2021 449 2089 μέχρι
489 2022 668 2074 τούτων
708 2023 761 2074 τὸ
804 2025 1091 2090 δυσσέβημα
1134 2030 1228 2077 τῶν
1279 2027 1331 2095 ἐξ
1375 2025 1589 2093 Ἰσραὴλ,
1630 2026 1761 2077 ἀλλὰ
1803 2025 1899 2093 γὰρ

269 2113 296 2154 (1
317 2109 394 2155 καὶ
449 2103 698 2171 ἀνέγνωσαν
749 2106 827 2176 ἔξω
887 2110 1019 2176 νόμον,
1069 2109 1300 2167 τουτέστι,
1350 2109 1626 2173 τετιμήκασι
1670 2107 1754 2160 τὸν
1804 2113 1899 2160 τῶν

315 2187 583 2253 ἀλλοτρίων
633 2186 790 2252 νόμον,
839 2189 1005 2256 ὀλίγου
1048 2195 1293 2244 παντελῶς
1344 2191 1581 2260 ἀξιοῦντες
1625 2189 1773 2256 λόγου
1816 2190 1898 2241 τὸν

313 2267 443 2334 παρὰ
485 2271 625 2320 Θεοῦ.
699 2270 1039 2338 προσεκόμιζον
1090 2271 1183 2339 γὰρ
1231 2271 1314 2327 τὰς
1361 2272 1530 2327 θυσίας
1575 2274 1623 2324 ἐν
1666 2278 1761 2327 τοῖς
1804 2277 1898 2324 τῶν

367 2437 396 2460 1.
422 2441 458 2460 τε
476 2434 699 2472 assumptum
718 2439 758 2462 ex
777 2428 868 2462 A.B.
923 2429 1418 2474 κατασείουσα-ἐκπέμπουσα
1435 2431 1479 2464 Α.
1670 2441 1702 2465 2.
1728 2430 1836 2466 θάκων
1853 2431 1897 2466 Α.

315 2472 507 2517 ἐνιδρύουσι
527 2474 568 2508 Β.
587 2474 787 2518 ἐνιδρὺουσα
804 2477 847 2509 A.
867 2475 1074 2520 ἐνιδρεύουσι
1094 2476 1185 2511 Edd.
1421 2490 1454 2520 4.
1480 2476 1538 2511 οῦν
1555 2485 1776 2523 assumptum
1794 2490 1836 2512 ex
1855 2478 1897 2513 Β.

315 2521 493 2564 φορτικοῖς
510 2532 572 2565 pro
589 2523 744 2566 φρικτοῖς
763 2522 804 2556 Β.
857 2522 981 2556 Statim
999 2522 1212 2567 ἀτοπήμασιν
1229 2535 1292 2568 pro
1311 2524 1403 2570 ἐγκλ.
1423 2525 1466 2558 Α.
1517 2524 1736 2569 ἐνισχυμένον
1750 2524 1838 2570 (Sic)
1852 2525 1896 2560 A.

317 2566 349 2600 6.
378 2567 593 2610 ἐθεσμοθέτει
610 2569 654 2602 A.
668 2569 700 2602 b.
720 2568 920 2611 θεσμοθετεῖ
937 2569 1030 2604 Edd.
1278 2581 1308 2615 7.
1334 2570 1498 2615 προσήκει
1517 2571 1608 2606 Edd.
1625 2572 1742 2606 invitis
1759 2572 1850 2606 A.B.
1862 2572 1895 2607 b.

315 2614 368 2647 καὶ
386 2622 608 2659 assumptum
627 2627 667 2649 ex
685 2615 776 2649 AB.
790 2616 824 2650 b.
1023 2617 1056 2651 8.
1083 2617 1137 2651 καὶ
1154 2625 1378 2663 assumptum
1395 2631 1436 2652 ex
1455 2619 1498 2652 A.
1691 2629 1744 2652 11.
1769 2633 1897 2663 προσε-

316 2661 488 2704 νομοθέτει
505 2661 596 2695 A.B.
610 2661 644 2696 b.
662 2662 983 2707 προσενομοθέτησε
1002 2663 1093 2697 Edd.
1239 2675 1292 2698 12.
1319 2679 1384 2699 σου
1398 2677 1467 2699 orn.
1480 2665 1561 2699 A.b.
1577 2665 1718 2710 (AleX.)
1729 2666 1838 2700 invito
1853 2665 1896 2700 Β.

319 2718 372 2751 13.
399 2709 457 2741 τὸν
475 2719 544 2742 om.
563 2708 597 2742 b.
830 2720 882 2752 14.
909 2709 945 2743 δέ
963 2710 1017 2743 καὶ
1031 2712 1093 2746 τὰς
1110 2722 1173 2755 pro
1192 2711 1328 2746 δεκάτας
1346 2712 1389 2746 A.
1439 2712 1656 2757 εὐχαριστίας
1673 2712 1707 2746 b.
1725 2713 1834 2746 invito
1851 2713 1896 2747 A.

320 2764 372 2797 15.
399 2754 540 2788 ἐνώπιόν
556 2770 620 2798 μου
638 2757 730 2791 κενός
750 2755 838 2789 Α.Β.
853 2756 887 2791 b.
906 2757 998 2792 κενὸς
1015 2756 1163 2792 ἐναντίον
1177 2772 1241 2802 μου
1259 2758 1351 2792 Edd.
1642 2758 1694 2793 16.
1724 2758 1819 2793 Haec
1837 2762 1897 2794 τοῦ

314 2802 498 2845 πανσόφου
516 2810 696 2846 assumpta
713 2815 752 2836 ex
771 2803 861 2836 A.B.
1203 2815 1255 2848 17.
1280 2805 1505 2849 μεθιστῶντες
1523 2804 1614 2839 Edd.
1632 2806 1749 2840 invitis
1766 2805 1895 2840 A.B.b.

321 2857 373 2890 19.
400 2848 610 2891 τριημέρειαν
628 2850 682 2892 (ut
700 2852 820 2894 supra)
840 2850 881 2884 B.
1141 2862 1195 2885 20.
1226 2851 1321 2885 Haec
1339 2853 1382 2887 ὡς
1399 2853 1486 2897 ἔφην
1502 2859 1682 2898 assumpta
1699 2865 1740 2887 ex
1757 2853 1847 2888 Α,Β.
1859 2853 1895 2887 b.

318 2902 373 2926 21.
404 2894 470 2927 ἔδει
488 2902 567 2939 post
585 2896 761 2939 ἀρσενικὸν
778 2903 820 2930 tr.
840 2897 874 2931 b.
925 2897 1064 2932 ἐνώπιον
1081 2898 1244 2943 ἔρχεσθαι
1261 2898 1327 2933 hoc
1345 2898 1466 2933 ordine
1483 2900 1524 2933 A.
1538 2899 1572 2933 b.
1749 2910 1804 2933 22.
1829 2900 1895 2944 γὰρ

316 2947 537 2984 assumptum
556 2954 597 2975 ex
615 2943 696 2976 A.b.
1095 2956 1148 2990 23.
1175 2945 1386 2991 ἀνέγνωσαν]
1411 2951 1447 2987 -f-
1468 2950 1534 2980 τῶν
1554 2945 1644 2980 Edd.
1665 2946 1734 2980 inv.
1753 2945 1843 2979 A.B.
1859 2945 1894 2980 b.

318 2986 419 3027 νόμου
437 2987 480 3020 Α.
498 2995 537 3021 ut
555 3001 672 3033 supra.
910 3002 964 3035 25.
992 2991 1027 3024 δέ
1046 3003 1107 3036 pro
1124 2992 1190 3037 γὰρ
1209 2991 1242 3026 b.

1921 1052 1967 1077 10

1920 1881 1968 1907 20
