2021 3434
139 193 194 235 ix.
219 196 341 238 8-10.
614 202 688 260 IN
728 203 924 245 AMOS.
984 204 1132 245 TOM.
1168 206 1245 246 IV.
1629 208 1713 248 539

138 306 332 370 θήσεται
370 310 418 361 δὲ
455 312 581 379 με’ρει
618 319 683 383 τῷ
714 316 967 386 ἠλεημένῳ·
1007 317 1388 381 ἀνεκομίσθησαν
1424 316 1508 381 μὲν
1538 315 1630 382 γὰρ
1665 318 1714 367 ἐκ

135 392 218 452 τῆς
262 394 592 459 αἰχμαλωσίας
635 397 902 461 τοτηνικάδε
946 399 1078 452 τινές·
1133 399 1380 450 σέσωσται
1429 398 1477 450 δὲ
1525 400 1599 449 καὶ
1638 398 1714 449 διὰ

135 474 366 536 Χριστοῦ·
413 476 754 528 πεπιστεύκασι
796 478 888 545 γὰρ
930 480 987 548 ἐξ
1022 481 1258 531 Ἰουδαίων
1303 482 1384 532 οὐκ
1427 481 1581 546 ὀλίγοι
1631 479 1714 531 τὸν

136 554 348 619 ἀριθμόν·
387 557 658 622 σωθήσεται
697 560 744 610 δὲ
789 563 864 611 καὶ
907 562 955 611 ἐν
998 561 1216 629 ἐσχάτοις
1256 567 1428 628 καιροῖς
1472 562 1525 613 τὸ
1565 561 1708 613 κατοί-

94 641 323 699 5λειμμα,
375 641 457 701 τῆς
507 644 600 690 τῶν
661 642 806 692 ἐθνῶν
856 643 1030 707 ἀγέλης
1077 643 1541 710 προεισκεκλημένης.
1617 641 1715 694 εἶτα

135 714 299 783 ὥσπερ
340 718 463 773 τινος
507 720 725 787 λέγοντος
770 728 827 774 Ei
870 725 1067 791 σώζεται
1110 725 1255 777 πάλιν
1303 727 1328 776 ὁ
1368 725 1557 788 Ἰακὼβ,
1595 724 1759 776 κατὰὶ)

135 797 273 849 τίνων
324 804 370 851 αἱ
415 803 607 853 ἀπειλαί
620 826 632 864 ;
689 805 934 872 χρησίμως
974 808 1289 872 ἀπολογεῖται,
1332 808 1412 858 καί
1448 812 1611 876 φησιν,
1653 809 1714 861 ὡς

135 880 218 931 οὐκ
249 880 435 948 ἄκριτος
468 884 603 935 ἔσται
638 885 757 937 κατὰ
793 886 982 938 πάντων
1021 889 1187 943 ἁπλῶς
1226 890 1250 939 ὁ
1291 888 1449 951 θυμὸς,
1481 891 1583 940 οὔτε
1621 889 1715 953 μὴν

135 964 445 1032 ἀδιαφορήσει
472 965 530 1016 τὰ
556 967 612 1035 ἐξ
639 968 794 1033 ὀργῆς,
822 969 1063 1037 ε’φαλεῖται
1089 969 1137 1020 δὲ
1162 974 1353 1033 μᾶλλον
1379 976 1472 1024 τοῖς
1499 970 1716 1040 ἀφόρητα

70 1068 116 1093 10
135 1047 579 1111 πεπλημμεληκόσι.
649 1049 785 1100 τοῦτό
824 1053 926 1101 ἐστι
963 1050 1017 1101 τὸ
1054 1055 1124 1102 Ἐν
1169 1056 1375 1124 ῥομφαία
1415 1054 1714 1114 τελευτήσωσι

135 1130 300 1184 πάντες
337 1134 595 1198 ἁμαρτωλοὶ
635 1133 706 1183 τοῧ
747 1134 860 1184 λαοῦ
900 1158 984 1200 μου
1027 1141 1062 1185 οἱ
1100 1134 1302 1201 λέγοντες
1339 1139 1408 1187 Οὐ
1446 1134 1507 1203 μὴ
1544 1136 1716 1210 {Tylo-37,

137 1207 223 1261 οὐδ’
267 1215 309 1261 οὐ
349 1211 410 1278 μὴ
457 1211 552 1286 ἔλθῃ
595 1215 663 1282 ἐφ’
708 1217 828 1283 ἡμᾶς
871 1213 930 1266 τι),
973 1217 1118 1267 κακοί.
1182 1217 1294 1282 ἧκον
1337 1217 1429 1285 γὰρ
1475 1223 1535 1272 εἷς
1578 1224 1716 1269 τοῦτο

136 1294 511 1360 φρενοβλαβείας
545 1293 679 1359 τινὲς,
708 1298 770 1350 ὡς
804 1296 985 1348 οἴεσθαι
1020 1302 1093 1349 καὶ
1121 1302 1397 1368 ψευδοεπεῖν
1423 1300 1529 1355 τοὺς
1555 1301 1716 1366 ἁγίους

134 1372 397 1442 προφήτας,
431 1377 507 1426 καὶ
540 1376 596 1441 δὴ
628 1380 704 1429 καὶ
742 1378 970 1448 ἔφασκον,
1001 1383 1063 1434 ὡς
1105 1383 1187 1432 οὐκ
1229 1382 1287 1433 ἂν
1324 1382 1503 1448 γένοιτό
1541 1406 1585 1434 τι
1621 1387 1715 1434 τῶν

70 1478 116 1517 15
135 1458 549 1522 προηγγελμένων.
618 1461 906 1526 μαρτυρήσει
942 1462 989 1514 δὲ
1031 1469 1168 1515 τοῦτο
1203 1467 1278 1516 καὶ
1318 1467 1343 1516 ὁ
1383 1465 1537 1534 σόφος
1571 1467 1709 1531 Ἱερε-

135 1538 244 1602 μίας
268 1538 423 1604 λέγων
456 1539 573 1606 πρὸς
606 1541 729 1593 Θεόν
762 1542 930 1594 ((Ἰδοὺ
968 1545 1094 1596 οὗτοι
1132 1546 1329 1611 λέγουσι
1367 1546 1484 1613 πρὸς
1515 1547 1578 1611 με’
1611 1551 1911 1636 Ποῦοξῗίξῗὶὸ.

136 1627 164 1649 “
188 1621 320 1671 ἐστιν
360 1622 385 1671 ὁ
428 1621 573 1688 λόγος
617 1624 824 1691 Κυρίου;
876 1627 1090 1679 ε’λθε’τω.”
1157 1627 1312 1680 διττὸν
1355 1631 1436 1680 οὖν
1485 1630 1576 1696 ἄρα
1622 1634 1717 1681 τῶν

135 1703 256 1753 οὕτω
305 1705 600 1766 διακειμένων
642 1705 697 1756 τὸ
741 1709 1082 1773 πλημμέλημα·
1144 1711 1448 1777 παρώτρυνον
1491 1712 1576 1776 μὲν
1623 1714 1716 1779 γὰρ

137 1782 256 1834 κατὰ
311 1785 523 1840 πολλοὺς
579 1786 793 1853 τρόπους,
844 1788 991 1859 ᾤοντο
1041 1791 1088 1842 δὲ
1137 1795 1212 1843 καὶ
1273 1797 1583 1862 ψευδομυθεῖν
1631 1795 1716 1860 τὴν

70 1890 120 1914 20
138 1865 377 1929 ἀλήθειαν.

213 1947 493 2014 Εὑρήσομεν
543 1950 591 2001 δὲ
641 1953 716 2002 καὶ
767 1954 816 2003 ἐν
863 1959 1006 2024 καιρῷ
1053 1958 1135 2019 τῆς
1183 1958 1423 2021 ἐπιδημίας
1468 1957 1574 2012 τοὺς
1623 1963 1718 2010 τῶν

136 2028 374 2081 Ἰουδαίων
415 2032 683 2098 καθηγητὰς
727 2039 820 2085 τῶν
860 2042 942 2087 τοῦ
989 2041 1206 2104 Σωτῆρος
1244 2040 1376 2103 ἡμῶν
1414 2042 1466 2091 οὐ
1503 2045 1711 2110 πεφρον-

137 2110 323 2165 τικότας
363 2111 539 2178 λόγων.
605 2115 843 2182 τοιγάρτοι
887 2120 961 2169 καὶ
999 2118 1167 2182 ἤκουον
1206 2128 1233 2149 “
1254 2123 1375 2172 Οὐαὶ
1416 2124 1520 2185 ὑμῖν
1557 2146 1711 2189 γραμ-
1777 2135 1907 2210 8:1⁴1?-

139 2200 166 2222 ‘⁶
190 2198 349 2256 ματεῖς
374 2199 449 2245 καὶ
476 2199 727 2262 Φαρισαῖοι
762 2200 1019 2265 ὑποκριταὶ,
1050 2201 1120 2252 ὅτι
1150 2200 1294 2269 ἤρατε
1326 2203 1411 2267 τὴν
1445 2208 1604 2255 κλεῖδα
1635 2208 1715 2270 τῆς
1735 2190 1821 2263 dm.
1842 2189 1859 2219 ⁵
1887 2203 1894 2210 ²

72 2301 120 2340 25
140 2282 167 2305 ‘⁶
189 2275 424 2341 γνώσεως,
459 2280 561 2329 οὔτε
603 2280 726 2342 ὑμεῖς
767 2282 1048 2349 εἰσέρχεσθε,
1089 2285 1190 2334 οὔτε
1229 2285 1335 2338 τοὺς
1370 2287 1717 2353 εἰσερχομένους

140 2364 167 2387 “
192 2359 352 2426 ἀφίετε
411 2363 681 2412 εἰσελθεῖν·”
732 2366 807 2414 καὶ
857 2365 1004 2415 πάλιν
1056 2373 1082 2394 “
1104 2367 1226 2417 Οὐαὶ
1276 2369 1381 2431 ὑμῖν
1430 2375 1716 2434 γραμματεῖς
1777 2389 1938 2440 διξξειιιιι.

140 2446 168 2469 “
195 2441 269 2490 καὶ
314 2444 565 2506 Φαρισαῖοι
615 2445 870 2510 ὑποκριταὶ,
914 2446 984 2497 ὅτι
1031 2449 1273 2513 περιάγετε
1322 2448 1408 2513 τὴν
1458 2450 1717 2503 θάλασσαν
1777 2442 1937 2473 xxn1.15.

143 2529 170 2551 ⁴⁶
196 2523 271 2572 καὶ
297 2521 382 2586 τὴν
409 2523 558 2592 ξηρὰν
584 2528 779 2589 ποιῆσαι
805 2526 884 2577 ἕνα
908 2528 1227 2593 προσήλυτον·
1267 2533 1342 2581 καὶ
1373 2531 1486 2582 ὅταν
1517 2533 1717 2598 γένηται,

192 2690 222 2712 1.
246 2678 312 2712 ἀπὸ
330 2691 392 2723 pro
410 2680 446 2713 ἐκ
465 2680 556 2714 Edd.
574 2682 691 2716 invitis
709 2683 799 2717 A.B.
814 2683 849 2718 b.
1154 2699 1184 2721 2.
1212 2689 1264 2722 καὶ
1281 2696 1501 2734 assumptum
1519 2702 1560 2724 ex
1579 2691 1666 2726 A.B.
1681 2692 1717 2726 b.

141 2734 175 2769 5.
199 2726 524 2771 προεισκεκλημένης
541 2727 631 2762 A.B.
646 2729 681 2763 b.
698 2731 991 2775 προσκεκλημένης
1009 2732 1101 2767 Edd.
1441 2737 1474 2770 8.
1500 2739 1607 2772 πάντα
1625 2738 1717 2773 Edd.

141 2772 261 2805 invitis
279 2772 370 2806 A.B.
385 2773 419 2806 b.
639 2786 691 2809 10.
717 2778 815 2810 τοῦτό
832 2777 906 2811 ἐστι
926 2778 967 2812 Β.
980 2778 1014 2812 b.
1033 2780 1187 2815 τουτέστι
1205 2781 1248 2815 Α.
1269 2781 1360 2816 Edd.
1576 2796 1588 2818 1
1600 2796 1628 2819 Ι.
1653 2801 1718 2828 μου

143 2825 362 2862 assumptum
382 2831 422 2852 ex
440 2819 474 2853 b.
491 2820 585 2854 deest
603 2821 638 2854 in
656 2822 699 2856 A.
871 2835 923 2858 12.
948 2825 1025 2859 οὐδὲ
1043 2838 1106 2871 pro
1123 2827 1192 2861 οὐδ’
1211 2828 1249 2861 οὐ
1267 2829 1301 2863 b.
1349 2829 1482 2874 γένηται
1501 2842 1563 2875 pro
1579 2832 1663 2875 ἔλθῃ
1682 2832 1717 2867 b.

143 2865 184 2899 τὰ
202 2872 422 2909 assumptum
441 2878 481 2899 ex
500 2867 589 2901 A.B.
601 2867 636 2901 b.
910 2881 962 2913 15.
988 2872 1094 2919 τούτῳ
1112 2874 1155 2908 Α.
1206 2877 1223 2908 ὁ
1241 2877 1354 2920 σόφος
1371 2883 1550 2922 assumpta
1567 2890 1608 2912 ex
1626 2879 1716 2913 A.B.

148 2922 202 2955 19.
228 2909 334 2957 ᾤοντο
352 2912 386 2946 δέ
409 2912 447 2946 Β.
466 2912 560 2948 Aub.
578 2912 683 2960 ᾤοντο
701 2915 803 2950 Pont.
821 2914 926 2962 ᾤοντο
942 2919 1007 2963 γὰρ
1026 2920 1068 2953 A.
1444 2934 1499 2957 22.
1528 2925 1568 2958 οὐ
1585 2937 1654 2960 om.
1673 2926 1718 2960 A.

147 2967 202 3002 25.
228 2960 302 2992 οὔτε
321 2958 397 3004 alt.]
418 2960 493 2993 οὐδὲ
514 2960 555 2994 Β.
737 2962 792 2997 26.
820 2963 916 2998 Haec
933 2979 988 3009 γρ.
1007 2967 1060 3000 καὶ
1076 2968 1160 3012 φορ.
1180 2968 1354 3014 ὑποκριταὶ
1371 2978 1551 3016 aSSumpta
1568 2984 1608 3006 ex
1627 2973 1717 3007 A.B.

147 3006 202 3039 28.
226 3007 365 3050 ποιῆσαι
382 3005 685 3051 ἕνα-διπλότερον
702 3008 792 3052 ὑμῶν
808 3010 899 3045 A.B.
917 3012 970 3045 καὶ
987 3013 1027 3047 τὰ
1045 3014 1120 3058 ἑξῆς
1139 3014 1230 3050 Edd.

882 3080 901 3120 3
925 3079 945 3105 z
969 3080 991 3109 2
