2021 3434
123 211 225 254 X·5·
589 206 659 246 IN
699 204 936 246 OSEAM.
997 203 1147 245 TOM.
1189 203 1244 245 V.
1613 201 1697 240 209

122 311 223 362 ἐστὶ
249 315 596 379 παρακείμενον,
625 318 762 384 κρῖμα
787 314 1035 381 γενήσεται
1062 314 1171 381 παρ’
1195 314 1320 377 ἐμοῦ,
1345 317 1404 382 τῷ
1434 310 1596 379 μόσχῳ
1625 310 1698 359 τοῦ

124 393 237 444 οἴκου
275 392 343 453 ὢν,
379 395 480 460 ἤτοι
506 396 703 462 Βαιθήλ.
767 395 1002 451 παναλκὲς
1028 395 1121 463 γὰρ
1154 393 1208 447 τὸ
1246 398 1368 446 θεῖον
1393 395 1476 451 ἀεὶ,
1503 393 1578 443 καὶ
1602 395 1741 444 τοῖςὶ)

124 475 264 526 αὐτοῦ
308 477 532 540 νεύμασιν
576 478 705 529 οὐδὲν
750 478 883 529 ἔσται
921 477 976 529 τὸ
1019 479 1344 528 ἀντιστατοῦν.
1412 482 1438 504 “
1456 472 1558 538 Τὴν
1605 471 1698 539 γάρ
1758 476 1893 560 fjxiv·

124 562 151 585 ‘⁶
177 562 307 623 χεῖρα
350 557 435 624 τὴν
478 558 673 628 ὑψηλὴν
712 561 780 614 τίς
824 558 1118 628 ἀποστρέψει
1137 558 1177 619 ;”
1232 557 1352 609 κατὰ
1394 556 1448 608 τὸ
1491 578 1699 622 γεγραμ-

80 646 104 684 5
123 639 276 702 μένον.

122 853 461 910 Παροικύσουσιν
491 852 530 895 οἷ
565 857 859 896 κατοικοῦντες
885 854 1146 910 Σαμάρειαν,
1173 854 1238 895 ὅτι
1274 852 1507 894 ὲΠέ-ῑνθΗσεν
1542 851 1564 892 ὁ
1596 850 1700 892 λαός

193 937 320 978 αὐτοῦ
342 936 402 978 ἐπ’
435 936 574 979 αὐτόν·
621 938 689 979 καὶ
716 937 858 979 καθὼς
883 936 1205 995 Παρεπίκραναν
1232 934 1376 987 αὐτὸν,
1400 935 1701 992 ὲΠιχαροῡνται

192 1019 262 1061 ἐπὶ
286 1019 362 1061 τήν
389 1020 517 1063 δόξαν
544 1020 689 1063 αὐτοῦ.

197 1131 318 1184 Ἰδοὺ
342 1133 398 1198 δὴ
424 1135 707 1199 καθίστησιν
730 1134 917 1201 ἐναργὲς
943 1133 997 1185 τὸ
1029 1138 1170 1200 κρῖμα
1193 1132 1247 1184 τὸ
1273 1128 1704 1198 καταδραττόμενον

65 1236 110 1261 10
127 1221 209 1267 τοῦ
247 1214 446 1283 μόσχου,
490 1218 565 1267 καὶ
608 1216 890 1282 ἀγρώστεως
932 1216 1062 1280 δίκην
1103 1214 1432 1282 ἐξευρύνεσθαι
1471 1211 1699 1281 πεφυκὸς,

128 1298 233 1349 καθ’
262 1295 414 1364 ὧνπερ
448 1298 504 1349 ἂν
537 1298 761 1360 βούλοιτο
788 1299 921 1353 Θεός·
972 1298 1180 1365 ἱστορίας
1212 1297 1260 1348 δὲ
1294 1295 1595 1360 διαμέμνηται
1627 1297 1702 1345 καὶ
1721 1319 1743 1345 c

129 1385 224 1442 νῦν,
243 1378 299 1444 ἢν
325 1381 578 1446 ἀναγκαῖον
601 1384 754 1432 εἰπεῖν·
787 1379 1060 1445 συνήσομεν
1087 1379 1178 1447 γὰρ
1203 1382 1298 1443 ὡδὶ,
1319 1381 1394 1430 καὶ
1418 1379 1505 1446 οὐχ
1527 1378 1706 1444 ἑτέρως,

129 1461 182 1514 τὸ
223 1462 665 1532 χρησμῳδούμενον.
731 1464 834 1517 ἔθος
874 1462 931 1528 ἧν
975 1461 1128 1514 ἅπασι
1171 1467 1267 1516 τοῖς
1309 1459 1517 1512 εἰδώλων
1554 1482 1708 1526 προσ-

130 1550 354 1610 κυνηταῖς,
383 1551 541 1612 καιροῦ
576 1548 944 1606 καταθλίβοντος
982 1547 1058 1595 καὶ
1094 1544 1334 1609 πολεμίων
1360 1541 1705 1612 ἐφεστηκότων,

67 1644 113 1683 15
132 1631 169 1678 εὶ
201 1629 250 1678 ἐν
282 1629 426 1697 ἐνδείᾳ
458 1627 663 1694 γένοιντο
698 1628 965 1696 χρημάτων,
990 1626 1223 1679 ἅπτεσθαι
1255 1629 1330 1678 καὶ
1362 1627 1514 1677 αὐτῶν
1540 1629 1634 1675 τῶν
1659 1625 1708 1675 ἐν

131 1714 226 1763 τοῖς
250 1708 484 1774 τεμένεσιν
510 1710 835 1776 ἀναθημάτων.
888 1711 1152 1777 γέγραπται
1183 1710 1338 1760 τοίνυν
1361 1710 1409 1759 ἐν
1433 1712 1534 1762 ταῖς
1564 1712 1709 1768 βασι-

133 1792 290 1854 λείαις,
348 1791 419 1843 ὅτι
470 1799 833 1859 πολιορκοῦντος
883 1792 966 1847 τὰς
1027 1792 1075 1843 ἐν
1127 1791 1368 1860 Σαμαρείᾳ
1415 1788 1576 1842 πόλεις
1625 1793 1709 1839 τοῦ

133 1874 370 1935 βασιλέως
402 1876 585 1941 Συρίας,
614 1875 847 1939 Μαναεῒμ,
874 1874 928 1926 τὸ
965 1873 1179 1939 τηνικάδε
1213 1873 1485 1936 βασιλεύων
1518 1873 1591 1923 ἐπὶ
1628 1870 1710 1922 τὸν

133 1954 346 2022 Ἰσραὴλ,
366 1954 470 2007 εἶτα
501 1962 601 2012 ταῖς
631 1957 756 2013 ἰ’σαις
784 1957 1038 2022 δυνάμεσιν
1076 1956 1409 2026 ἀντιφέρεσθαι
1445 1953 1562 2020 πρὸς
1599 1954 1709 2004 ἐκεῖ-
1727 1964 1755 2005 d

68 2060 118 2085 20
137 2060 217 2089 νον
242 2039 324 2088 οὐκ
350 2038 481 2106 ἔχων,
507 2040 815 2106 ἐπρεσβεύετο
843 2039 962 2107 πρὸς
989 2038 1182 2090 Φούλαν
1209 2037 1290 2090 τὸν
1316 2042 1410 2089 τῶν
1435 2037 1712 2103 Ἀσσυρίων

135 2121 356 2182 βασιλέα,
382 2123 456 2172 καὶ
482 2122 644 2188 δώροις
669 2122 904 2174 ἀνέπειθεν
931 2121 1158 2186 ἐπαμύναι
1183 2143 1232 2172 τε
1257 2124 1313 2183 οἱ,
1339 2122 1414 2171 καὶ
1439 2121 1714 2182 ἀποστῆσαι

137 2200 219 2252 τὸν
263 2201 428 2269 Σύρον,
473 2202 497 2254 ὃ
539 2203 595 2269 δὴ
639 2206 714 2255 καὶ
758 2203 1042 2255 τετέλεσται.
1107 2201 1205 2253 εἷλε
1250 2201 1344 2268 γὰρ
1387 2203 1552 2254 ἐκεῖνος
1595 2199 1714 2251 κατὰ

138 2283 304 2350 κράτος
330 2284 414 2349 τὴν
440 2285 719 2350 Δαμασκὸν,
744 2285 1045 2355 ἀποσφάττει
1078 2283 1125 2336 δὲ
1165 2286 1240 2335 καὶ
1270 2282 1411 2335 αὐτὸν
1443 2282 1525 2334 τὸν
1548 2281 1711 2348 ”Αδερ.

140 2369 262 2435 φασὶ
296 2367 462 2430 τοίνυν,
489 2368 560 2419 ὅτι
593 2369 824 2432 πλείστης
860 2368 975 2432 ὅσης
1015 2368 1159 2431 ὁλκῆς
1197 2365 1473 2432 ζητουμένης
1503 2364 1713 2432 χρυσίου,

73 2465 121 2504 25
139 2448 359 2515 περιέστη
395 2449 563 2501 λοιπὸν
594 2455 654 2504 εἰς
685 2456 821 2501 τοῦτο
860 2453 926 2519 τῷ
963 2448 1185 2511 Μαναεῒμ
1219 2445 1423 2513 ἀνάγκης
1460 2445 1520 2497 τὰ
1553 2444 1710 2513 πράγ-

140 2552 279 2594 ματα,
322 2532 384 2584 ὡς
428 2533 503 2581 καὶ
545 2531 655 2595 μίαν
696 2530 899 2594 δάμαλιν
938 2528 1199 2599 ὑφελέσθαι
1239 2531 1437 2596 χρυσῆν,
1477 2530 1552 2579 καὶ
1593 2551 1710 2579 συν-

143 2616 423 2663 αποστεῖλαι
449 2611 524 2662 διὰ
550 2617 643 2662 τῶν
661 2611 924 2678 πρέσβεων.
973 2613 1048 2662 καὶ
1073 2609 1322 2677 τεθρήνηκε
1347 2609 1431 2673 μὲν
1457 2610 1482 2659 ὁ
1500 2608 1714 2677 Ἰσραὴλ,
1733 2637 1754 2663 e

144 2692 203 2757 ἢν
247 2692 446 2758 ἐνόμιζεν
489 2691 601 2743 εἶναι
647 2691 767 2755 θεὸν,
808 2692 1158 2757 ἐκπεμπομένην
1198 2693 1335 2756 ὁρῶν.
1403 2689 1518 2760 ᾤετο
1555 2691 1716 2758 γεμὴν,

146 2778 348 2843 ψυχροῖς
381 2773 543 2826 ἑαυτὸν
587 2780 834 2840 λογισμοῖς
874 2773 1304 2842 παραμυθούμενος,
1335 2776 1397 2829 ὡς
1435 2775 1483 2825 ἐν
1511 2774 1719 2841 μείζοσιν

197 2915 229 2950 6.
257 2917 274 2949 ὁ
292 2921 511 2960 assumptum
529 2927 570 2950 ex
589 2916 682 2950 B.D.
701 2915 819 2961 (Alex.
839 2915 947 2961 XII.)
1091 2927 1144 2951 12.
1169 2915 1209 2960 ἣν
1225 2928 1294 2952 om.
1314 2917 1361 2952 D.
1410 2917 1609 2962 συνὴσωμεν
1626 2917 1719 2953 Edd.

155 2972 208 3007 15.
235 2962 280 3007 εἰ]
299 2963 330 2996 οἱ
348 2962 395 2996 D.
408 2963 600 2998 AubertuS.
648 2964 827 3008 χρημάτων
842 2963 992 3007 γένοιντο
1010 2963 1149 2998 inverso
1167 2963 1287 2998 ordine
1305 2964 1352 2998 D.
1463 2975 1515 3010 17.
1535 2964 1717 3011 Σαμαρείᾳ]

153 3009 255 3054 συρία
273 3008 361 3053 (sie)
380 3009 422 3043 B.
568 3010 620 3044 18.
645 3008 814 3055 Μαναεῒμ]
835 3009 891 3044 Sic
910 3010 1041 3046 correxi
1061 3022 1102 3045 ex
1122 3010 1168 3046 D.
1185 3010 1241 3045 hic
1259 3017 1292 3045 et
1308 3011 1410 3046 infra.
1429 3010 1564 3056 Μαναῒμ
1581 3012 1671 3046 Edd.

211 3076 302 3104 ¹:01..
328 3077 355 3104 1.
890 3077 914 3105 E
935 3080 955 3106 Θ
