2021 3434
107 209 146 235 x.
174 206 237 249 13,
265 206 327 245 14.
554 192 628 233 IN
668 191 907 233 OSEAM.
966 190 1115 232 TOM.
1145 190 1224 231 VI.
1598 188 1678 227 221

196 301 208 317 Χ
389 304 399 321 Ι

107 310 134 333 “
158 326 243 368 την
265 305 534 368 συνειδησιν
571 307 664 353 τῶν
697 304 931 370 ἀδελφῶν,
960 301 1073 368 ὑπὲρ
1099 299 1165 351 ὧν
1189 299 1401 366 Χριστὸς
1433 297 1679 349 ἀπέθανε.”

106 384 292 454 τρυγῶσι
319 385 375 450 δὴ
401 386 481 436 οὖν
506 386 589 436 οὐκ
616 391 675 440 εἰς
704 385 870 455 κωρπὶν
898 383 1018 455 ζωῆς·
1052 383 1228 444 πόθεν;
1264 385 1378 433 ἀλλ’
1400 385 1461 436 εἷς
1480 379 1681 431 κόλασίν
1699 397 1721 421 a
1754 387 1831 421 153
1852 386 1901 420 A.

106 489 156 517 τε
193 469 268 518 καὶ
305 468 475 534 κρίσιν.
543 469 618 518 καὶ
656 471 771 532 γοῦν
809 466 1017 534 ἔφασκεν
1055 467 1080 516 ὁ
1120 462 1344 532 Χριστὸς,
1380 463 1450 515 ὅτι
1483 460 1616 516 “⁶09
1642 463 1679 512 δ’
1743 459 1905 533 {gislatgh‘

107 555 135 578 “
161 547 218 599 ἂν
244 550 546 618 σκανδαλίσῃ
573 550 652 600 ἕνα
687 553 781 599 τῶν
814 553 990 615 μικρῶν
1027 546 1205 598 τούτων
1239 551 1332 598 τῶν
1367 543 1685 598 πιστευόντων

66 645 88 684 5
108 637 135 659 “
160 634 221 684 εἰς
254 631 345 695 ἐμὲ,
377 631 610 700 συμφέρει
644 631 784 700 αὐτῷ,
812 631 887 681 ἵνα
921 633 1168 697 κρεμασθῇ
1204 628 1354 692 μύλος
1393 625 1543 680 ὀνικὸς
1580 628 1686 691 περὶ

110 719 137 741 “
161 711 243 763 τὸν
268 713 509 780 τράχηλον
533 713 686 775 αὐτοῦ,
717 714 792 763 καὶ
824 715 1176 779 καταποντισθῇ
1203 712 1252 761 ἐν
1284 713 1350 779 τῷ
1381 708 1578 774 πελάγει
1604 711 1687 772 τῆς

109 801 137 824 “
163 796 459 859 θαλάσσης.”
526 796 690 846 οὐκοῦν
737 793 1063 860 ἀγαπάτωσαν
1118 792 1202 856 τὴν
1251 790 1488 856 ἀλήθειαν·
1549 790 1687 841 τοῦτό

108 877 211 928 ἐστι
260 875 315 928 τὸ
359 880 441 941 τῆς
485 876 686 943 ’γνώσεως
725 875 836 945 φῶς·
889 877 1009 927 οὕτω
1055 875 1253 942 ζητεῖται
1291 872 1428 927 Θεός·
1481 875 1689 924 ἐντεῦθεν

109 960 262 1013 αὐτοῖς
299 966 458 1028 καρποὶ
499 958 583 1021 μὲν
621 956 892 1020 δικαιοσύνης
934 961 1245 1009 ἀνατελοῦσιν
1285 962 1342 1011 εἰς
1377 957 1495 1026 ζωήν·
1538 978 1689 1024 τρυγη-

43 1058 90 1083 10
109 1040 280 1102 θήσεται
320 1040 368 1092 δὲ
407 1043 482 1092 καὶ
516 1039 649 1103 οἶνος,
683 1042 736 1091 οὐ
775 1039 1055 1103 σωματικὸς,
1096 1037 1258 1103 νοητὸς
1297 1037 1346 1089 δὲ
1384 1042 1575 1102 μᾶλλον
1614 1039 1733 1087 καὶῑ)

109 1123 184 1176 διὰ
210 1122 496 1187 Πνεύματος,
526 1122 575 1177 ὃς
601 1125 676 1173 καὶ
702 1124 894 1189 καρδίαν
919 1121 1152 1191 εὐφραίνει
1177 1124 1251 1172 καὶ
1276 1126 1398 1172 νοῦν.
1750 1127 1886 1211 {³301st

1561 1205 1578 1224 U

102 1365 191 1406 Ἵνα
228 1364 266 1406 τί
301 1365 661 1421 Παρεσιωπιὶσατε
692 1365 902 1415 ἀσέβειαν,
931 1364 999 1405 καὶ
1035 1363 1110 1405 τὰς
1148 1362 1314 1405 ἀδικίας
1352 1364 1480 1404 αὐτῆς
1516 1363 1688 1419 ἐτρυΓέι-
1711 1383 1757 1418 13

176 1463 288 1498 σατε,
315 1448 496 1504 ἐφάΓετε
523 1448 686 1505 καρπὸν
710 1447 875 1500 ψευὸῆ;
913 1449 976 1489 ὅτι
1004 1447 1186 1489 ἤλπισας
1219 1446 1264 1488 ἐν
1298 1443 1386 1488 τοῖς
1417 1446 1574 1503 ἅρμασί
1601 1461 1687 1496 σου,

177 1533 220 1574 ὲν
257 1533 410 1574 Πλι-ἰθει
447 1531 668 1582 δυνάμεως
707 1547 793 1583 σου,
834 1532 902 1574 καὶ
938 1532 1274 1575 ὲὲαναστήσεται
1310 1530 1506 1572 ἀπώλεια
1548 1533 1593 1573 ἐν
1627 1533 1688 1586 τῷ
1713 1546 1759 1579 14

47 1623 92 1662 15
177 1617 270 1670 λαῷ
295 1631 381 1668 σου,
408 1616 475 1657 καὶ
501 1617 637 1658 πάντα
664 1616 715 1658 τὰ
742 1617 1129 1673 Περιτετειχισμένα
1157 1630 1231 1657 σου
1258 1613 1490 1671 οἰχήσεται.

187 1743 397 1790 Αἷτιᾶται
429 1739 587 1804 πάλιν,
615 1743 677 1794 ὡς
712 1738 806 1791 ἀπό
831 1763 885 1806 γε
919 1742 1000 1804 τῆς
1036 1743 1098 1794 εἷς
1133 1738 1186 1790 τὸ
1211 1745 1398 1807 φαῦλον
1423 1739 1586 1803 ἡδονῆς
1615 1737 1688 1807 ἐφ’

113 1820 180 1875 οἷς
230 1821 400 1886 ἥκιστα
448 1824 587 1890 ἐχρῆν
640 1827 913 1889 κατηρεμεῖν
975 1822 1237 1886 ἑλομένους,
1291 1819 1592 1882 ἀβουλότατά
1640 1843 1689 1871 τε

113 1903 440 1970 σεσιγηκότας,
475 1905 546 1972 ἐφ’
580 1903 646 1959 οἷς
680 1903 737 1969 ἧν
772 1904 890 1958 εἰκὸς
928 1906 981 1955 οὐ
1019 1906 1214 1971 μετρίως
1253 1908 1505 1955 λυπεῖσθαι
1544 1902 1682 1954 Θεόν.
1707 1928 1728 1954 c

113 1987 217 2038 δέον
265 1985 370 2053 γὰρ,
414 1991 552 2056 φησὶ,
599 1989 737 2038 παντὶ
787 1986 940 2039 σθένει
991 1986 1324 2050 διωθουμένους
1373 1985 1458 2051 τὴν
1507 1990 1569 2039 εἷς
1612 1984 1689 2048 ἐμὲ

47 2090 94 2114 20
113 2068 395 2129 δυσσέβειαν
438 2071 512 2120 καὶ
553 2074 648 2123 τοῖς
689 2069 749 2120 τὰ
799 2069 977 2137 αἰσχρὰ
1028 2068 1412 2131 συμβουλεύουσι
1463 2070 1690 2131 ἐπιτιμᾶν,

111 2150 248 2202 τοῦτό
299 2174 348 2202 τε
399 2154 604 2218 δρῶντας
656 2153 704 2203 ἐν
745 2154 884 2203 παντὶ
929 2151 1149 2218 γενέσθαι
1199 2155 1345 2220 καλῷ,
1387 2149 1690 2216 σεσιγήκασι,

111 2233 424 2302 παρεδέξαντο
459 2234 564 2288 τοὺς
602 2237 683 2298 τῆς
721 2234 1003 2299 πλανήσεως
1041 2233 1257 2300 τρόπους·
1315 2233 1396 2283 οὐκ
1430 2231 1488 2296 ἦν
1526 2234 1574 2282 ἐν
1611 2232 1692 2282 αὐ-

112 2320 206 2369 τοῖς
241 2316 266 2366 ὁ
303 2320 399 2370 τοῖς
431 2318 578 2367 ἐκεῖνα
611 2323 970 2379 καινοτομοῦσιν
1005 2315 1316 2379 ἀνθεστηκώς,
1344 2316 1425 2365 οὐκ
1451 2316 1692 2368 ἀντιτιθεὶς

112 2397 172 2450 τὰ
199 2398 248 2449 ἐκ
284 2397 440 2462 νόμου,
468 2400 543 2449 καὶ
580 2403 642 2452 εἷς
676 2398 941 2463 ἀνάμνησιν
976 2396 1225 2466 ἀποφέρων
1257 2401 1351 2448 τῶν
1381 2397 1692 2460 τεθεσπισμέ-

47 2501 94 2540 25
114 2502 220 2531 νων.
283 2481 542 2547 γέγραπται
581 2479 672 2546 γάρ
709 2488 734 2509 “
755 2481 860 2531 Οὐκ
899 2480 1092 2531 ε”σονταί
1125 2502 1206 2530 σοι
1243 2481 1337 2530 θεοὶ
1376 2476 1521 2545 ἕτεροι
1563 2478 1692 2544 πλὴν
1752 2492 1858 2553 Εζεοᾶ-

113 2567 141 2590 “
165 2561 321 2625 ἐμοῦ·”
373 2564 447 2613 καὶ
489 2562 635 2613 πάλιν
674 2565 797 2614 “Οὐ
834 2563 1044 2627 ποιήσεις
1082 2566 1245 2631 σαυτῷ
1283 2562 1514 2614 εἴδωλον.”
1579 2562 1689 2613 ἀλλ’
1750 2547 1855 2636 {Z}

113 2642 274 2709 ὀλίγος
311 2644 464 2696 αὐτοῖς
497 2648 740 2697 παντελῶς
776 2646 800 2694 ὁ
834 2646 939 2710 περὶ
973 2645 1149 2695 τούτων
1179 2642 1236 2707 ἧν
1270 2642 1427 2710 λόγος.
1491 2644 1734 2711 σεσιγή-(1

163 2820 194 2844 2.
221 2811 315 2853 ζωῆς·
341 2809 483 2855 πόθεν;]
506 2809 563 2844 Sic
581 2811 713 2844 correxi
730 2822 771 2844 ex
792 2811 836 2845 D.
856 2812 938 2855 ζωῆς
955 2811 1058 2846 ποθεν
1076 2811 1167 2846 Edd.
1430 2824 1462 2858 3.
1491 2812 1570 2847 Hoc
1588 2813 1616 2848 δ’
1635 2825 1690 2848 as-

116 2863 296 2900 sumptum
314 2868 355 2890 ex
374 2857 420 2891 D.
585 2866 618 2902 5.
643 2857 750 2901 μύλος
767 2857 875 2893 ὀνικὸς
892 2857 958 2892 hoc
975 2858 1097 2892 ordine
1115 2859 1160 2892 D.
1318 2870 1352 2904 9.
1377 2859 1625 2896 ἀνατέλλουσιν
1642 2861 1690 2897 D.

120 2913 172 2936 12.
197 2902 498 2948 παρεσιωπὴσατε]
517 2906 782 2948 παρεσιώπησας
800 2904 837 2938 F.
1057 2917 1109 2951 13.
1135 2904 1263 2950 ἅρμασι
1283 2905 1376 2940 B.D.
1396 2906 1514 2952 (XII.)
1532 2914 1571 2942 ut
1588 2908 1689 2942 infra.

116 2948 331 2994 ἁμαρτήμασι
349 2949 440 2983 Edd.
460 2950 584 2994 (AN.)
779 2962 831 2996 17.
857 2953 943 2997 χρῆν
963 2951 1007 2986 D.
1193 2963 1246 2986 20.
1273 2953 1326 2986 καὶ
1344 2960 1566 2999 assumptum
1582 2967 1623 2989 ex
1642 2955 1689 2989 D.

120 3006 174 3038 24.
200 2996 477 3040 τεθεσπισμάτων
495 2997 574 3041 (Sic)
594 2997 639 3031 D.
