2021 3434
324 226 404 265 126
703 228 751 268 B.
795 227 1065 267 CYRILLI
1106 227 1482 269 ALEXANDR.
1760 244 1798 269 v.
1829 240 1888 266 10.

320 334 411 399 ἄρα
445 336 766 403 προστέταχεν
802 338 878 388 ἐπί
912 361 956 389 τε
994 337 1088 392 τοῖις
1123 337 1296 397 βουνοὺς
1335 341 1410 389 καὶ
1446 338 1506 390 r&
1540 336 1705 409 ὑψηλὰ,
1742 340 1817 390 καὶ
1852 339 1889 390 ἐν

113 429 170 462 88
192 429 240 462 Α.
281 438 302 462 a
320 440 379 466 τω
409 418 510 486 οἴκῳ
538 415 604 474 ὢν,
631 417 844 469 τουτέστι
879 421 961 482 τῆς
995 418 1240 482 δαμάλεως
1262 423 1344 484 τῆς
1371 423 1565 488 χρυσῆς.
1616 425 1728 471 ποῖα
1753 420 1800 472 δὲ
1833 418 1889 483 ἦν

318 497 409 562 ἄρα
448 497 505 547 τὰ
550 500 727 566 ἀμφοῖν
766 499 1051 565 ἐγκλήματα,
1092 503 1166 552 καὶ
1210 503 1234 552 ὁ
1278 507 1361 552 τοῦ
1405 505 1572 570 χρῆναι
1610 501 1889 568 κολάζεσθαι

316 577 474 643 λόγος,
503 580 786 644 καθίστησιν
820 581 1021 648 ἐναργὲς,
1057 583 1288 651 ἐπιφέρων
1319 584 1463 646 εὐθύς,
1495 583 1642 653 ἐξέστη
1676 586 1887 651 Βενιαμὶν,

316 661 418 710 ἀντὶ
452 666 534 711 τοῦ
566 665 677 712 Τῶν
713 663 838 714 ἰδίων
872 666 1205 734 ἐκπεφοίτηκεν
1239 668 1370 728 ἐθῶν,
1401 665 1547 732 ἤγουν
1580 669 1662 730 τῆς
1693 666 1887 732 ἀρίστης
1907 682 1928 718 5

316 742 561 794 ἀπώλισθε
597 743 779 811 φρενός·
819 752 956 797 τοῦτο
983 746 1076 812 γὰρ
1102 749 1291 811 ἀληθῶς
1328 749 1356 812 ἡ
1395 748 1618 802 ἔκστασις
1655 749 1729 799 ἐπὶ
1768 748 1889 816 φαύ-

315 829 415 874 λων
439 829 603 878 νοοῖτο.
657 827 1004 896 κατηφάνισται
1039 828 1087 880 δὲ
1119 832 1194 880 καὶ
1228 830 1444 900 Ἐφραίμ.
1503 829 1632 894 πλὴν
1657 831 1744 897 οὐχ
1769 831 1888 880 οὕτω

313 905 462 957 ταῦτά
535 912 700 975 φησιν.
800 912 848 961 ἐν
915 910 1008 978 γὰρ
1076 912 1255 980 ἡμέραις
1322 911 1514 978 ἐλέγχου
1581 915 1663 975 τῆς
1713 914 1888 980 ἀμφοῖν

313 991 637 1052 πλημμελείας
694 990 837 1061 ἔδειξα
893 992 1052 1055 παπ-τα,
1113 995 1334 1055 βεβαίους
1396 996 1471 1046 καὶ
1533 996 1720 1058 ἀληθεῖς
1781 991 1888 1047 τοὺς

270 1070 449 1134 ὺέμοῦς
483 1072 729 1139 ἀποφήνας
765 1074 952 1139 λόγους.
1019 1076 1290 1140 συμβέβηκε
1322 1076 1415 1143 γὰρ
1453 1077 1620 1139 αὐτοῖς,
1651 1074 1769 1140 ἅπερ
1799 1076 1886 1140 ἤδη
1910 1098 1955 1122 10

312 1160 550 1221 προεῖπον,
602 1159 676 1207 καὶ
725 1157 856 1209 οὐδὲν
908 1159 1181 1227 διέψευσται
1230 1165 1323 1211 τῶν
1373 1162 1510 1224 ἐμῶν.
1594 1159 1748 1224 ἐπειδὴ
1793 1158 1886 1226 γὰρ

312 1236 545 1307 ἐξέστησαν
589 1243 683 1289 τῶν
733 1241 939 1308 ἀρχαίων
982 1243 1112 1304 ἐθῶν,
1157 1244 1231 1293 καὶ
1280 1242 1449 1312 φρενὸς
1499 1242 1589 1312 ε”ξω
1633 1241 1888 1309 γεγόνασιν

312 1324 505 1387 ἀγαθῆς,
554 1323 841 1391 ἐξώσθησαν
904 1328 980 1376 καὶ
1035 1327 1175 1390 αὐτῆς
1230 1329 1312 1391 τῆς
1367 1328 1541 1378 ἑαυτῶν
1593 1326 1760 1394 χώρας,
1811 1328 1886 1378 καὶ

311 1404 711 1455 ἀποπεπτώκασιν
772 1406 887 1468 ὁμοῦ
941 1410 1024 1471 τῆς
1071 1411 1131 1461 εἰς
1183 1406 1306 1459 Θεὸν
1355 1409 1555 1475 ἀγάπης,
1605 1411 1681 1460 καὶ
1727 1408 1887 1475 πάσης

310 1489 564 1555 εὐημερίας.
1740 1562 1745 1565 ἡ
1908 1510 1952 1549 15

376 1570 583 1639 ΓΈψετοιι
627 1571 674 1622 δὲ
720 1575 794 1623 καί
838 1573 1003 1639 ἑτέρως
1045 1580 1140 1629 τοῖς
1191 1576 1600 1640 καταλιμπάνουσι
1644 1575 1781 1639 Θεὸν,
1831 1576 1885 1626 τὸ

310 1651 568 1721 ἐξίστασθαι
610 1657 704 1705 δεῖν
748 1657 823 1705 καί
867 1657 1048 1721 ἀγαθῆς
1092 1657 1282 1722 ἁπάσης
1325 1659 1513 1721 ἐννοίας,
1554 1660 1628 1709 καὶ
1672 1658 1765 1722 μὴν
1811 1661 1886 1708 καὶ

308 1733 447 1800 ἐζογου
479 1735 655 1790 παντὸς
687 1742 769 1787 τοῦ
802 1740 1117 1804 τετραμμένου
1141 1738 1259 1806 πρὸς
1294 1739 1477 1807 ἀρετήν.
1543 1743 1813 1801 βαδιοῦνται
1838 1739 1886 1791 δὲ

269 1815 414 1886 οπρός
459 1818 726 1887 ἀφανισμὶν,
767 1820 1047 1888 ἐλέγχοντος
1090 1845 1139 1872 τε
1176 1824 1253 1873 καὶ
1291 1824 1589 1885 ἐπιτιμῶντος
1632 1826 1770 1885 Θεοῦ,
1810 1824 1885 1873 καὶ

307 1901 390 1962 τῆς
432 1901 660 1968 ῥᾳθυμίας
707 1901 998 1970 ἐξαιτοῦντος
1048 1905 1191 1958 δίκας.
1259 1904 1495 1973 χρήσιμον
1545 1906 1626 1956 οὖν
1675 1905 1766 1972 ἄρα
1811 1907 1884 1956 καὶ
1906 1928 1953 1952 20
2002 1916 2006 1965 ,’

307 1981 562 2046 ἀναγκαῖον
597 1987 660 2036 εἰς
691 1983 822 2050 ζωὴν,
855 1983 909 2036 τὸ
945 1984 1056 2037 εἶναι
1093 1986 1211 2051 μετὰ
1242 1991 1382 2050 Θεοῦ,
1423 1986 1568 2052 μόνον
1607 1987 1656 2038 δὲ
1694 1989 1796 2055 οὐχὶ
1830 1988 1885 2039 τὸ

88 2066 141 2097 Ps.
160 2065 230 2096 lxii.
308 2064 356 2113 ἐν
393 2067 608 2131 ψαλμοῖς
649 2067 793 2117 ἐκεῖνο
827 2071 962 2130 βοᾶν,
1003 2076 1030 2097 “
1056 2070 1330 2135 Ἐκολλήθη
1369 2071 1397 2134 ἡ
1435 2069 1570 2138 ψυχή
1605 2093 1695 2133 μου
1729 2070 1884 2121 ὀπίσω

307 2152 335 2174 “
360 2146 499 2197 σου.”
548 2147 859 2217 ἀντιλήψεται
892 2150 986 2217 γὰρ
1020 2151 1125 2202 τότε
1152 2154 1227 2202 καὶ
1252 2152 1545 2219 ἐπικουρήσει
1579 2152 1830 2218 προθύμως
1855 2153 1884 2216 ἡ

89 2242 121 2271 S.
140 2241 238 2272 Joan-
308 2227 437 2297 δεξιὰ
464 2234 545 2279 τοῦ
579 2230 735 2281 πάντα
770 2231 1032 2299 ἰσχύοντος,
1065 2235 1146 2302 ἀφ’
1174 2233 1228 2298 ἧς
1254 2235 1398 2288 οὐδεὶς
1424 2233 1627 2301 ἁρπάσει
1654 2232 1774 2285 κατὰ
1798 2233 1884 2298 τὴν

87 2295 118 2315 x.
136 2286 186 2316 28.

307 2316 389 2361 τοῦ
417 2314 634 2379 Σωτῆρος
661 2313 838 2381 φωνήν.
1903 2326 1949 2363 25

243 2513 526 2561 τοἘΓεένοντο
562 2514 600 2557 οἱ
638 2517 839 2573 ἄρχοντες
870 2517 1009 2559 Ἰούδα
1053 2519 1112 2559 Coc
1149 2521 1444 2567 μετατιθέντες
1482 2521 1590 2577 ὅρια,
1628 2520 1687 2561 ἐπ’
1728 2520 1880 2562 αὐτοὺς

372 2598 507 2654 ἐκχεῶ
533 2601 593 2641 ὡς,
619 2600 734 2658 ὕδωρ
761 2603 808 2643 τὸ
834 2604 1005 2659 ὅρμΗμά
1031 2619 1124 2651 μου.

87 2716 193 2790 {gfff}
263 2718 289 2758 d
379 2714 533 2765 Τοῦτό
553 2717 682 2767 ἐστιν
702 2721 1065 2783 αἰνιγματωδῶς,
1086 2717 1138 2770 τὸ
1158 2726 1183 2748 “

1203 2718 1409 2788 Ἐξέστη
1432 2721 1695 2785 Βενιαμι’ν.”
1742 2719 1879 2786 γεγό-

357 2897 387 2921 1.
412 2902 448 2921 τε
466 2896 685 2934 assumptum
704 2904 744 2926 ex
764 2892 810 2926 D.
1015 2905 1048 2938 3.
1074 2892 1125 2928 ἐπ’
1143 2893 1271 2939 ἀμφοῖν
1288 2893 1322 2928 b.
1538 2894 1570 2928 6.
1597 2894 1652 2929 ἐπὶ
1669 2895 1812 2940 φαύλων
1830 2895 1876 2929 D.

306 2932 360 2967 ἐπὶ
377 2935 494 2977 φαῦλα
513 2935 603 2970 Edd.
757 2940 788 2973 8.
817 2939 936 2985 ταῦτά]
955 2945 991 2981 -Ιμ
1008 2941 1061 2974 διὰ
1079 2942 1202 2976 παντὸς
1221 2940 1311 2975 Edd.
1330 2941 1447 2974 invitis
1468 2941 1559 2975 B.D.
1716 2953 1728 2975 1
1740 2953 1767 2975 1.
1793 2941 1875 2987 τῶν]

305 2981 377 3014 ταῖς
394 2980 486 3014 Edd.
505 2988 582 3015 ante
601 2983 733 3028 Migne.
1152 2998 1203 3029 14.
1230 2989 1313 3032 ὁμοῦ
1333 2989 1378 3022 D.
1398 2988 1518 3032 ὁμοίως
1538 2987 1627 3023 Edd.
1677 2988 1810 3032 ἁπάσης
1829 2989 1875 3022 D.

310 3027 362 3060 18.
387 3027 585 3067 βαδιοῦντας
605 3029 694 3065 Edd.
714 3038 791 3065 ante
811 3032 942 3077 Bffigne.
