2021 3434
274 151 359 191 254
673 152 721 192 B.
764 151 1034 192 CYRILLI
1074 151 1450 191 ALEXANDR.
1681 149 1749 188 xii.
1777 160 1837 187 11.

212 413 253 437 11
281 390 325 432 Εἰ
373 390 428 439 μὴ
480 391 649 433 Γαλαὰδ
698 394 823 444 ἔστιν,
867 391 948 451 ἆρα
995 392 1166 445 ψευδεῖς
1206 392 1311 437 ἦσαν
1351 396 1394 436 ἐν
1441 394 1605 442 ΓαλῙ-ὰλ
1644 395 1843 452 ἄρχοντε-το

237 500 258 526 e
344 475 629 531 θυσιάζοντεο;
696 477 764 517 καὶ
816 478 866 518 τὰ
922 479 1196 536 θυσιαστήρια
1249 479 1390 520 αὐτῶν
1438 479 1498 519 ὡς
1546 478 1730 534 χελῶναι
1776 479 1844 520 ἐπὶ

343 558 490 615 χέρσον
527 559 667 616 ‹ij-pos).

327 681 442 735 “Ort
474 686 776 752 προσέκειντο
809 692 904 741 τοῖς
938 687 1285 756 ψευδομάντεσι
1317 690 1391 739 καὶ
1417 686 1846 757 ψευδοπροφήταις,

277 767 602 827 ἀναβαίνοντες
635 792 685 820 τε
715 771 790 820 καὶ
826 769 1009 823 θύοντες
1036 770 1096 824 εἵς
1120 793 1169 820 τε
1192 769 1277 834 τὴν
1304 767 1509 822 Γοιλσιέιὸ
1528 772 1602 821 καὶ
1626 768 1846 835 ramam,
1865 785 1887 823 5

278 848 527 917 ἀπελέγχει
566 849 640 901 διὰ
677 851 868 903 τούτων·
917 852 1095 919 δέχεται
1133 851 1181 903 δὲ
1217 852 1334 918 πρὸς
1372 851 1608 921 ἀπόδειξιν
1644 851 1727 906 τὰς
1765 853 1847 903 δύο

277 929 491 994 μάλιστα
527 937 726 984 ταυτασὶ
763 932 936 997 πόλεις,
963 936 1011 985 ἐν
1048 934 1118 988 αἶς
1156 933 1213 998 ἧν
1251 934 1539 1001 ἐκτοπωτέρα
1564 939 1657 986 τῶν
1683 935 1848 985 ἄλλων

277 1013 305 1077 ἡ
331 1013 504 1078 πλάνη,
532 1019 606 1066 καὶ
640 1013 761 1070 ἅπας
795 1015 878 1081 μὲν
912 1016 1083 1083 τρόπος
1113 1020 1194 1081 τῆς
1229 1021 1290 1070 εἷς
1317 1016 1440 1068 Θεὸν
1471 1018 1707 1078 εὐσεβείας
1732 1019 1845 1069 ἀπε-

277 1096 579 1164 σπουδοῖζετο,
617 1098 772 1149 πάντα
815 1097 863 1149 δὲ
903 1097 961 1163 ἦν
1001 1101 1049 1149 ἐν
1088 1097 1219 1168 λόγῳ
1269 1098 1328 1149 τὰ
1370 1097 1734 1166 παροτρύνοντα,
1773 1102 1849 1151 καὶ

57 1196 134 1231 176
155 1194 204 1229 A.
241 1181 360 1242 στῆς
397 1183 458 1232 εἷς
492 1179 634 1246 ἄκρον
667 1181 869 1245 ἡκούσης
901 1182 1120 1235 ἀπονοίας
1155 1182 1355 1245 ἐμπλεω.
1414 1184 1489 1232 καὶ
1527 1188 1643 1247 γοῦν
1674 1183 1721 1232 ἐν
1755 1187 1848 1235 τοῖς
1871 1208 1917 1233 10

57 1275 163 1317 Supra

59 1320 101 1351 vi.
124 1326 153 1361 7,
170 1320 200 1351 8.

59 1510 166 1550 Supra

57 1554 102 1585 ix.
123 1563 171 1593 15.

62 1851 73 1871 1
94 1840 170 1870 Par.

58 1895 88 1916 v.
106 1883 154 1914 26.

278 1260 490 1326 ἀνωτέρω
523 1263 628 1328 περὶ
663 1261 746 1326 μὲν
784 1266 865 1326 τῆς
900 1262 1098 1314 Γαλαὰδ
1128 1263 1218 1332 ἔφη
1258 1263 1378 1317 Θεός
1410 1271 1436 1292 “
1455 1265 1586 1315 Ἐκεῖ
1614 1264 1844 1333 κατεφρό-

278 1349 306 1372 “
331 1343 452 1409 νησέ
484 1367 574 1408 μου
614 1344 823 1407 Γαλαὰδ,
861 1345 1001 1399 πόλις
1037 1345 1314 1413 ἐργαζομένη
1351 1346 1567 1410 μάταια,”
1609 1346 1850 1397 τουτέστιν

277 1424 463 1476 εἴδωλα·
530 1429 857 1494 πλαστουργοὶ
890 1427 983 1494 γὰρ
1017 1428 1221 1479 εἰδώλων
1257 1427 1383 1493 ἦσαν
1417 1431 1459 1479 οἱ
1497 1431 1544 1479 ἐν
1578 1430 1706 1497 αὐτῇ·
1745 1430 1850 1494 περὶ

278 1507 337 1558 δέ
366 1530 420 1574 γε
463 1511 544 1572 τῆς
587 1507 756 1575 ἑτέρας,
800 1516 826 1537 ‘⁶
844 1513 1008 1560 Πᾶσαι
1051 1512 1097 1560 αἱ
1142 1511 1294 1561 κακίαι
1335 1511 1487 1561 αὐτῶν
1527 1514 1588 1564 εἷς
1627 1509 1846 1576 Γαλγάλ·

277 1597 304 1618 “
330 1589 400 1640 ὅτι
449 1592 543 1641 ἐκεῖ
579 1589 743 1644 αὐτοὺς
786 1592 993 1656 ἐμίσησα
1035 1590 1110 1642 διὰ
1154 1591 1237 1647 τὰς
1280 1594 1439 1646 κακίας
1480 1597 1573 1643 τῶν
1610 1594 1844 1657 ἐπιτηδευ-
1871 1616 1917 1655 15

278 1671 490 1736 “μάτων
516 1673 706 1724 αὐτῶν.”
769 1675 966 1725 ἐπειπεῖν
1001 1674 1049 1725 δὲ
1081 1677 1331 1741 ἀναγκαῖον
1360 1680 1453 1726 τῶν
1479 1674 1852 1740 συμβεβηκότων

277 1752 380 1804 τινὰ
410 1758 467 1822 τῇ
495 1758 816 1818 Γαλααδιτῶν,
843 1755 1113 1821 συνήσομεν
1145 1756 1237 1823 γὰρ
1268 1759 1389 1808 οὕτω
1419 1762 1513 1808 τῶν
1543 1758 1853 1824 προκειμένων

235 1850 261 1890 b
280 1835 362 1886 τὸν
394 1842 518 1887 νοῦν.
585 1837 750 1888 Φούλα
784 1837 1012 1900 βασιλεὺς
1037 1839 1325 1906 Ἀσσυρίων,
1350 1844 1533 1905 πρῶτος
1558 1839 1710 1891 ἐλθὼν
1735 1839 1854 1891 κατὰ

279 1921 362 1983 τῆς
396 1921 670 1986 Σαμαρείας,
702 1919 989 1987 πρωτόλειον
1023 1921 1186 1989 ὥσπερ
1223 1945 1267 1973 τι
1305 1921 1389 1976 τὰς
1423 1923 1505 1972 δύο
1543 1921 1699 1990 φυλὰς
1725 1924 1850 1974 ἐποι-

280 2000 432 2065 ήσατο
463 2001 545 2055 τὰς
577 2001 721 2070 πέραν
755 2009 837 2054 τοῦ
865 2003 1116 2071 Ἰορδάνου,
1148 2006 1223 2056 καὶ
1253 2003 1412 2058 πάσας
1451 2005 1603 2055 αὐτῶν
1640 2002 1733 2055 εἷλε
1770 2004 1853 2060 τὰς
1873 2030 1921 2055 20

278 2082 450 2146 πόλεις,
484 2087 560 2135 καὶ
596 2085 688 2151 πρό
722 2108 777 2152 γε
814 2091 908 2137 τῶν
945 2087 1110 2138 ἄλλων
1143 2086 1228 2152 τὴν
1266 2086 1478 2139 Γαλαάδ.
1545 2087 1709 2138 τούτου
1748 2090 1850 2138 δια-

279 2166 505 2230 μέμνηται
548 2167 683 2230 Θεὸς,
726 2170 788 2222 ὡς
831 2170 879 2219 ἐν
921 2172 1213 2237 παραδρομῇ,
1259 2168 1412 2235 λέγων
1457 2174 1506 2220 Εἰ
1550 2168 1610 2237 μὴ
1656 2167 1862 2221 Γοιλοιέιδχ

282 2249 407 2299 ἔστιν.
477 2254 510 2300 εἰ
544 2248 606 2318 μὴ
642 2250 747 2313 ἔστι,
778 2252 913 2319 φησὶ,
940 2253 1014 2302 καὶ
1047 2251 1245 2318 σώζεται
1278 2257 1360 2302 νῦν
1389 2251 1417 2315 ἡ
1444 2249 1663 2303 Γαλαάὸ’
1705 2255 1741 2302 εἰ
1779 2254 1855 2303 καὶ

281 2331 518 2394 ἀπόλωλε,
545 2334 621 2383 καὶ
652 2334 734 2383 οὐκ
768 2331 898 2384 ἔστιν
934 2333 992 2402 ἐξ
1022 2334 1162 2398 αὐτῆς
1195 2332 1280 2398 τὴν
1316 2338 1399 2384 τοῦ
1424 2332 1636 2402 Ἐφραῒμ
1665 2333 1856 2403 ἐλέγξαι

280 2414 536 2509 mpocvmv3
576 2413 651 2465 διὰ
689 2414 742 2466 τὸ
786 2414 851 2479 μὴ
889 2416 1091 2481 ὁρᾶσθαι
1129 2439 1240 2479 νυνι,
1277 2415 1365 2483 ἄρα,
1403 2418 1478 2467 καὶ
1518 2423 1552 2468 οἱ
1590 2415 1856 2487 θυσιάζοντες
1875 2442 1921 2480 25

282 2494 487 2562 ἄρχοντες
513 2520 550 2548 εν
575 2501 632 2564 τῇ
661 2497 867 2564 Γαλγοιλ
893 2495 1128 2567 ’ψευδῶς
1103 2523 1224 2560 ayo-ow,
1251 2522 1326 2550 και
1352 2500 1434 2550 οὐκ
1459 2501 1677 2564 ἀληθεῖς·
1666 2542 1678 2561 ‚
1720 2503 1850 2550 Γαλ-

245 2579 379 2645 ογάλ
424 2580 471 2632 δὲ
519 2581 659 2636 πόλις
701 2584 801 2634 ἐστι
850 2587 943 2634 τῶν
985 2583 1221 2649 Ἰορδάνου
1271 2607 1431 2651 περαν,
1472 2586 1520 2635 ἐν
1567 2583 1597 2652 ῂ
1643 2584 1856 2648 μαλιστα

285 2663 615 2731 συντρέχοντες
652 2667 805 2732 μικροὶ
849 2688 923 2717 και
966 2665 1181 2732 μεγάλοι,
1219 2671 1315 2720 τοῖς
1353 2670 1434 2731 τῆς
1473 2668 1854 2734 ειδωλολατρείας

332 2825 364 2854 4.
390 2813 579 2858 προφήταις
597 2815 685 2861 (SIC)
704 2817 748 2851 D.
969 2829 1021 2853 ῐο.
1047 2820 1198 2863 ἔμπλεως
1217 2819 1263 2853 D.
1525 2831 1578 2865 13.
1604 2835 1692 2864 ησαν
1708 2819 1854 2854 εἰδώλων

287 2859 426 2893 inverso
443 2861 562 2895 ordine
580 2863 626 2896 D.
873 2874 924 2910 15.
954 2866 1073 2901 αὐτοὺς
1090 2866 1156 2900 ἐκεῖ
1172 2878 1235 2911 pro
1252 2866 1319 2900 ἐκει
1332 2866 1451 2902 αὐτοὺς
1469 2866 1513 2901 D.
1533 2868 1576 2902 cf.
1596 2879 1701 2913 supra
1721 2877 1796 2909 140.
1814 2866 1848 2899 b.

295 2914 346 2950 17.
374 2906 579 2953 συνήσομεν]
599 2908 798 2954 συνήσωμεν
815 2889 913 2945 EddO
1062 2913 1113 2948 18.
1132 2912 1246 2947 Φοὺλα
1264 2913 1310 2947 D.
1324 2913 1456 2949 Φούλας
1469 2913 1561 2949 Edd.
1713 2925 1768 2958 23.
1793 2927 1846 2947 και

293 2951 405 2997 prius]
425 2957 460 2994 —}-
476 2954 520 2998 μὴ
539 2954 628 2989 Edd.
647 2958 924 3002 repugnantibus
944 2958 984 2993 B.
991 2959 1036 2994 D.
1181 2971 1235 3003 24.
1262 2960 1315 2994 καὶ
1333 2972 1403 2994 om.
1423 2960 1468 2994 D.
