2021 3434
98 808 154 840 Es.
170 808 190 840 i.
208 816 256 849 15.

326 192 410 231 646
712 193 762 234 B.
806 192 1083 234 CYRILLI
1123 193 1503 234 ALEXANDR.
1721 191 1778 231 iii.
1807 202 1898 240 1—4.

322 308 652 368 γραμματεῦσι
713 308 788 357 καὶ
846 305 1139 372 Φαρισαίοις,
1205 305 1249 357 οἳ
1308 309 1440 357 λαῶν
1500 304 1768 370 ἡγούμενοι,
1825 303 1901 354 καὶ

283 385 548 446 θποιμνίων
587 385 943 452 προεστηκότες,
988 392 1083 441 τοῖς
1122 387 1357 454 ἀγελαίοις
1397 388 1514 450 ὁμοῦ
1554 385 1763 452 καθάπερ
1805 387 1903 437 τισὶ

320 465 590 531 προβάτοις,
632 467 933 535 ἐπέθρωσκον
978 471 1168 534 ἀπηνῶς
1204 474 1301 524 τοῖς
1337 468 1644 521 πιστεύουσιν
1681 472 1744 522 εἰς
1776 471 1898 533 Χρι-

319 546 452 611 στὸν,
479 547 623 612 μόνον
653 549 701 601 δὲ
735 551 838 618 οὐχὶ
876 552 953 602 καὶ
992 548 1242 620 ἐκδέροντες
1277 548 1578 621 κατεμέλιζον
1603 552 1678 601 καὶ
1705 552 1900 614 κατεδη-

319 628 487 681 δόκασι
520 631 629 686 τοὺς
668 633 842 698 ἁγίους,
870 637 1027 699 θηρῶν
1062 634 1238 699 ἀγρίων
1262 631 1570 700 διενεγκόντες
1600 632 1744 684 οὐδέν.
1801 654 1896 683 τοι·
1922 644 1945 682 5
2011 625 2013 630 V

318 711 484 778 γάρτοι
540 716 614 765 καὶ
677 714 846 779 η’κουον
908 721 1360 785 προαναφωνοῦντος
1423 719 1548 766 Θεοῦ
1610 713 1685 766 διὰ
1742 717 1903 783 φωνῆς

317 795 525 847 Ἡσαΐου
552 796 752 848 “”Όταν
782 796 866 851 τὰς
899 802 1057 866 χεῖρας
1097 798 1320 863 ἐκτείνητε
1358 796 1476 864 πρὸς
1505 796 1577 862 μὲ,
1608 796 1902 865 ἀποστρέψω

316 883 346 906 “
371 876 477 931 τοὺς
515 879 793 946 ὀφθαλμούς
831 903 922 943 μου
958 880 1040 949 ἀφ’
1082 881 1222 944 ὑμῶν·
1275 882 1350 931 καὶ
1393 879 1473 930 ἐὰν
1508 879 1778 944 πληθύνητε
1815 877 1903 942 τὴν

317 967 345 990 “
371 960 544 1025 δέησιν,
597 962 679 1012 οὐκ
736 960 1077 1027 εἶσακούσομαι
1130 964 1271 1027 ὑμῶν·
1337 965 1383 1013 αἱ
1433 960 1528 1029 γὰρ
1575 966 1722 1029 χεῖρες
1773 962 1903 1025 ὑμῶν

316 1048 344 1071 “
371 1042 564 1106 αἵματος
601 1043 844 1110 πλήρεις.”
1922 1060 1972 1088 10
1994 1050 1995 1107 ᾗ

364 1214 397 1248 3.
422 1203 553 1248 ἀπηνῶς
570 1204 613 1238 Α.
632 1204 781 1249 ἀφειδῶς
799 1203 890 1238 Edd.
1168 1217 1202 1247 4.
1227 1206 1329 1248 μόνον
1346 1204 1381 1239 δέ
1399 1204 1476 1250 οὐχὶ
1493 1204 1538 1238 A.
1554 1204 1736 1249 μονονουχὶ
1753 1204 1788 1238 δέ
1807 1203 1899 1239 Edd.

317 1251 498 1296 μονονουχὶ
518 1251 559 1285 Β.
609 1251 822 1295 κατεμέριζον
840 1250 931 1286 Edd.
980 1251 1236 1286 καταδεδοίκασι
1254 1251 1343 1297 (Sic)
1362 1252 1405 1286 A.
1626 1261 1669 1307 '5'
1695 1251 1819 1295 θηρίων
1834 1263 1900 1297 pro

319 1297 429 1342 θηρῶν
443 1298 490 1333 A.
632 1299 665 1333 8.
692 1298 765 1344 ἐὰν]
785 1298 864 1333 ὅταν
882 1299 924 1333 A.
974 1299 1034 1343 τὴν
1051 1298 1147 1333 deest
1164 1299 1200 1332 in
1219 1298 1310 1334 Edd.
1453 1310 1486 1344 9.
1513 1298 1743 1343 ἐπακουσομαι
1761 1298 1805 1334 Β.
