2021 3434
89 925 105 946 2
125 915 201 947 Par.

88 960 202 991 xxviii.

89 1011 118 1042 5,
131 1002 161 1034 6.

88 1319 175 1353 458
192 1319 243 1353 A.
269 1329 291 1353 a
307 1313 335 1336 ‘⁶

85 1811 133 1843 Cf.
153 1812 227 1843 Gal.

84 1866 114 1887 v.
137 1865 185 1896 15.

83 2307 177 2338 Hier.

82 2351 149 2382 xvi.
163 2360 192 2392 5,
208 2361 238 2393 4.

314 212 396 251 716
698 210 747 250 Β.
783 209 1069 266 -ΟΥΒΙΙΛΙΛΙ
1119 210 1500 252 ALEXANDR.
1754 212 1881 263 vii.4.

311 322 386 372 καὶ
416 319 585 387 ’Άχαζ
612 321 686 370 καὶ
720 318 939 385 Ἐζεκίου.
982 320 1091 370 ἀλλ’
1122 320 1146 370 ὁ
1184 319 1268 383 μὲν
1300 320 1507 382 Ἰωάθαμ
1545 319 1661 385 ἀνὴρ
1692 320 1883 385 γε’γονεν

310 401 530 466 εὐσεβὴς,
561 404 586 453 ὁ
614 402 662 453 δὲ
689 400 744 466 δὴ
762 400 935 469 ”Αχαζ
946 401 1176 468 βδελυρὸς
1212 403 1286 452 καὶ
1321 403 1651 469 ἀπηχθημένος
1681 405 1755 452 καὶ
1790 407 1884 453 τῶν

311 484 381 534 ὅτι
418 485 633 547 μάλιστα
669 484 1054 548 διαβεβλημένων
1089 488 1152 538 εἷς
1187 484 1489 545 δυσσέβειαν.
1548 484 1600 534 οὗ
1634 485 1708 534 καὶ
1742 490 1884 545 βασι-

311 566 529 620 λεύοντος
555 566 705 617 Φακεὲ
740 566 765 616 ὁ
799 572 882 617 τοῦ
907 566 1168 628 “Ρομελίου,
1195 566 1466 626 βασιλεύων
1505 565 1553 616 δὲ
1591 565 1644 616 τὸ
1672 565 1883 630 τηνικάδε

274 672 296 698 e
312 650 394 712 τῆς
422 649 699 714 Σαμαρείας,
723 647 1021 712 πεπολέμηκε
1046 648 1129 698 τὸν
1158 647 1354 710 Ἰούδαν,
1381 647 1627 699 σύνοπλον
1652 648 1772 716 ἔχων
1803 647 1884 699 τὸν
1903 669 1924 707 5

310 730 570 781 Ῥαασσὼν
597 730 678 781 τὸν
711 734 794 795 τῆς
824 736 1092 790 Δαμασκοῦ
1116 730 1338 793 βασιλέα,
1362 731 1618 783 πλείστους
1655 753 1703 781 τε
1743 729 1885 784 ὅσους

309 812 572 864 ἀπέκτεινεν
599 815 647 864 ἐν
673 813 821 882 ἡμέρα
851 816 952 881 μιᾷ.
1012 813 1274 879 γέγραπται
1311 811 1405 878 γὰρ
1439 813 1584 866 οὕτως
1613 815 1661 863 ἐν
1689 817 1746 881 τῇ
1785 815 1885 863 δευ-

308 895 419 964 τέρᾳ
460 900 555 946 τῶν
594 896 1027 962 Παραλειπομένων
1069 898 1173 962 περὶ
1215 901 1298 946 τοῦ
1332 893 1504 962 ”Αχαζ
1540 902 1568 924 “
1593 899 1684 946 Καὶ
1733 894 1880 960 παρέ-

309 984 337 1006 “
364 980 508 1028 δωκεν
545 977 686 1029 αὐτὸν
727 977 902 1045 Κύριος
939 978 963 1028 ὁ
1002 977 1124 1032 Θεὸς
1165 978 1305 1028 αὑτοῦ
1344 976 1418 1028 διὰ
1458 977 1609 1045 χειρὸς
1647 978 1884 1037 βασιλέως

308 1066 337 1089 “
366 1060 550 1126 Συρίας,
576 1063 651 1112 καὶ
689 1059 920 1130 ἐπάταξεν
959 1062 1007 1111 ἐν
1039 1061 1177 1129 αὐτῷ,
1205 1062 1280 1111 καὶ
1317 1059 1687 1128 ᾐχμαλώτευσεν
1715 1061 1772 1128 ἐξ
1805 1061 1884 1111 αὐ-
1907 1089 1953 1114 10

309 1150 336 1172 ‘⁶
360 1147 454 1193 τῶν
492 1143 826 1211 αἰχμαλωσίαν
862 1141 1065 1205 πολλὴν,
1097 1145 1172 1193 καὶ
1201 1142 1380 1208 ἤγαγεν
1414 1146 1476 1196 εἷς
1503 1142 1783 1206 Δαμασκὸν,
1809 1145 1884 1194 καὶ

309 1229 420 1278 “eis
452 1225 547 1284 ,τὰς
590 1231 745 1293 χεῖρας
784 1224 1023 1286 βασιλέως
1064 1224 1267 1291 Ἰσραὴλ
1305 1225 1571 1291 παρέδωκεν
1617 1225 1770 1287 αὑτὸν,
1811 1228 1885 1277 καὶ

360 1305 591 1376 ἐπάταξεν
624 1309 673 1358 ἐν
710 1308 835 1377 αὐτῷ
868 1305 1062 1373 πληγὴν
1099 1306 1325 1373 μεγάλην,
1361 1308 1436 1358 καὶ
1474 1307 1707 1358 ἀπέκτεινε
1736 1307 1885 1359 Φακεὲ

308 1396 334 1418 “
361 1391 386 1440 ὁ
424 1395 507 1440 τοῦ
546 1390 795 1453 εΡομελίου
834 1389 1064 1451 βασιλεὺς
1106 1388 1308 1456 Ἰσραὴλ
1350 1391 1398 1440 ἐν
1437 1390 1606 1452 Ἰούδα,
1647 1391 1695 1440 ἐν
1738 1390 1884 1459 ἡμέρᾳ

305 1478 333 1500 “
359 1475 445 1540 μιᾷ
482 1471 646 1523 ἑκατὸν
681 1472 829 1523 ε’ίκοσι
863 1472 1079 1539 χιλιάδας
1111 1474 1293 1539 ἀνδρῶν
1321 1475 1529 1523 δυνατῶν
1562 1471 1710 1540 ἰσχύϊ,
1740 1474 1788 1523 ἐν
1817 1476 1883 1542 τῷ
1906 1490 1952 1529 15

306 1560 333 1582 ‘⁶
360 1553 528 1609 αὐτοὺς
554 1559 830 1606 καταλιπεῖν
858 1555 1034 1620 Κύριον
1059 1552 1141 1605 τὸν
1167 1553 1291 1606 Θεὸν
1315 1555 1510 1606 αὐτῶν.”

379 1637 560 1688 Ἰστέον
598 1638 692 1700 οὖν,
719 1637 789 1688 ὅτι
816 1640 925 1706 Θεῷ
959 1636 1335 1703 προσκρούοντες
1372 1638 1420 1688 ἐν
1456 1636 1603 1705 ἐνδείᾳ
1642 1629 1884 1699 μὲνέύθὺς

305 1718 510 1783 ἐσόμεθα
547 1720 722 1774 παντὸς
760 1721 955 1785 ἀγαθοῦ,
994 1722 1070 1770 καὶ
1113 1719 1251 1783 λιμὸς
1294 1719 1414 1783 ἡμᾶς
1452 1717 1700 1786 κατατήξει
1739 1717 1884 1773 δεινὸς

305 1805 400 1852 τῶν
439 1801 573 1853 θείων
615 1804 690 1853 καὶ
730 1806 1053 1865 πνευματικῶν
1096 1804 1300 1868 ἀγαθῶν,
1345 1801 1589 1866 ἀλλήλους
1630 1800 1679 1852 δὲ
1722 1799 1883 1868 ὥσπερ

305 1882 551 1938 δάκνοντες
577 1884 926 1949 δαπανήσομεν.
975 1886 1028 1936 οὐ
1054 1884 1147 1952 γὰρ
1173 1883 1392 1951 βραβεύει
1417 1882 1630 1950 Χριστὸς
1655 1882 1740 1947 τὴν
1766 1882 1884 1933 ἰδίαν
1903 1907 1951 1932 20

260 1975 286 2016 b
304 1966 486 2032 εἰρήνην
511 1971 605 2020 τοῖς
632 1968 714 2018 οὑκ
752 1969 1005 2032 ἀγαπῶσιν
1030 1966 1183 2031 αὐτὸν,
1211 1966 1236 2018 ὃ
1271 1966 1327 2031 δὴ
1367 1966 1582 2029 μάλιστα
1619 1970 1883 2029 συμβαῖνον

304 2050 467 2115 ὁρᾶται
498 2054 594 2103 τοῖς
624 2052 707 2114 τῆς
742 2051 963 2114 ἀληθείας
993 2052 1189 2118 ἐχθροῖς,
1215 2050 1323 2116 παρ’
1352 2049 1418 2103 οἷς
1451 2050 1533 2100 οὐκ
1571 2048 1702 2099 ἔστιν
1738 2049 1883 2114 εὑρεῖν

302 2130 517 2198 χάρισμα
553 2130 878 2195 πνευματικὸν,
905 2132 1278 2202 ἀλληλοφαγίαν
1312 2131 1360 2183 δὲ
1397 2131 1560 2198 ὥσπερ
1597 2132 1672 2182 καὶ
1709 2129 1875 2194 διαμά-

302 2235 411 2280 χην,
439 2212 533 2280 ἔριν
559 2216 634 2265 καὶ
665 2215 954 2283 φιλονεικίαν
981 2217 1056 2266 καὶ
1088 2216 1353 2283 σχίσματα·
1398 2216 1473 2265 καὶ
1507 2217 1612 2280 περὶ
1646 2214 1799 2264 αὐτῶν
1823 2211 1881 2263 ἂν

302 2294 434 2361 λε’γοι
460 2294 581 2351 Θεός
620 2304 647 2327 “
666 2296 783 2348 ’Ότι
809 2298 1059 2366 ἀφέστηκα
1089 2296 1175 2361 τὴν
1202 2296 1385 2364 εἰρήνην
1410 2320 1501 2361 μου
1535 2294 1628 2348 ἀπὸ
1654 2301 1736 2347 τοῦ
1762 2301 1881 2347 λαοῦ
1900 2310 1946 2349 25

303 2384 330 2406 “
355 2377 542 2442 τούτου,
585 2380 661 2430 καὶ
698 2380 747 2430 ἐν
786 2378 973 2450 θανάτῳ
1006 2383 1187 2450 νοσερῷ
1217 2379 1596 2431 ἀποθανοῦνται”
1636 2380 1711 2430 καὶ
1741 2377 1880 2446 ἰσχὺν

351 2564 381 2587 1.
397 2552 533 2600 Ἐζεχία
550 2565 613 2599 pro
628 2553 779 2597 Ἐζεκίου
796 2553 888 2588 Edd.
907 2554 1025 2588 invitis
1043 2554 1086 2588 A.
1092 2554 1135 2588 Β.
1372 2565 1404 2588 2.
1430 2554 1483 2588 καὶ
1500 2553 1735 2598 ἀπηχθημένος
1752 2553 1879 2588 desunt

299 2601 335 2634 in
355 2600 398 2635 B.
755 2614 788 2644 4.
813 2600 1009 2641 βασιλεύων
1025 2602 1069 2636 A.
1074 2601 1116 2635 B.
1134 2600 1300 2642 βασιλεὺς
1318 2600 1411 2635 Edd.
1462 2600 1586 2635 Statim
1604 2601 1640 2635 δὲ
1658 2607 1878 2646 assumptum

300 2659 341 2681 ex
359 2648 403 2682 A.
627 2659 658 2694 7.
684 2647 768 2694 γὰρ]
789 2648 825 2682 δὲ
841 2649 886 2683 A.
1100 2649 1132 2682 8.
1158 2648 1369 2688 βασιλειῶν
1362 2660 1398 2681 m
1416 2659 1537 2681 rasura
1553 2660 1617 2693 pro
1633 2649 1815 2692 παραλειπ.
1832 2648 1877 2681 Α.

303 2706 356 2728 12.
382 2694 542 2740 Ἰσραὴλ]
566 2699 603 2736 -1-
624 2695 677 2729 κιιὶ
695 2697 738 2730 A.
983 2706 1037 2740 13.
1062 2695 1196 2739 πληγὴν
1212 2696 1363 2739 μεγάλην
1380 2695 1415 2728 ἐν
1431 2695 1520 2741 αὐτῷ
1538 2695 1677 2729 inverso
1695 2694 1815 2729 ordine
1832 2695 1876 2728 A.

298 2742 370 2776 υἱὸς
387 2754 449 2786 pro
469 2744 487 2776 ὁ
504 2744 563 2776 τοῦ
580 2742 625 2777 A.
645 2742 721 2787 (19,
740 2753 795 2787 93,
818 2742 916 2788 108).
1014 2754 1067 2785 14.
1091 2741 1266 2783 βασιλέως
1283 2753 1346 2786 pro
1363 2742 1530 2782 βασιλεὺς
1546 2742 1744 2787 A015.
1770 2755 1877 2775 εικοσι

300 2799 371 2822 om.
390 2789 433 2822 A.
454 2789 525 2834 (74,
548 2789 624 2830 106,
647 2800 724 2830 120,
747 2800 824 2834 134,
844 2789 939 2835 236.)
1148 2789 1201 2823 16.
1227 2790 1315 2836 αὐτῷ
1334 2789 1452 2824 αὐτοὺς
1469 2800 1532 2834 plo
1549 2789 1670 2825 αὐτοὺς
1685 2790 1728 2823 A.
1780 2788 1875 2822 Haec

300 2836 358 2868 τὸν
377 2837 463 2869 Θεὸν
479 2836 587 2870 αὐτῶν
605 2843 826 2870 accesserunt
843 2849 883 2871 ex
902 2837 945 2870 A.
1091 2847 1145 2870 20.
1170 2837 1292 2870 λοιπὸν
1308 2847 1371 2880 pro
1388 2837 1539 2879 Χριστὸς
1555 2836 1601 2870 A.
1707 2846 1762 2869 21.
1789 2849 1875 2878 συμ-

298 2882 426 2919 βαίνειν
445 2882 536 2917 Edd.
556 2883 673 2917 invitis
692 2883 784 2918 A.B.
960 2894 1015 2928 23.
1040 2882 1212 2928 χάρισμα]
1232 2883 1365 2929 χρίσμα
1382 2883 1441 2916 iid.
1616 2893 1670 2925 24.
1696 2882 1876 2926 αἰκίσματα

299 2939 361 2971 pro
379 2929 555 2973 σχίσματα
572 2930 616 2964 A.
843 2940 898 2974 ²5·
923 2929 1037 2975 λέγοι]
1057 2930 1193 2975 λέγοιτο
1212 2930 1256 2964 A.
1304 2930 1364 2973 τὴν
1380 2929 1512 2974 εἰρήνην
1526 2944 1591 2973 μου
1608 2929 1674 2963 hoc
1692 2929 1813 2963 ordine
1830 2928 1874 2962 A.

297 2988 361 3016 μου
378 2976 438 3018 τὴν
454 2976 516 3019 εἷρ.
536 2977 578 3010 Β.
600 2976 690 3011 Edd.
844 2977 899 3011 26.
925 2977 1139 3011 ἀποθανεῖται
1159 2976 1250 3011 Edd.
1267 2977 1385 3010 invitis
1403 2977 1446 3011 A.
1455 2977 1494 3011 B.
1545 2976 1670 3010 Statim
1689 2978 1777 3009 Θεου
1793 2974 1872 3010 add.

297 3020 358 3054 iid.
410 3021 508 3059 Quae
526 3030 720 3068 sequuntur
736 3036 848 3069 usque
866 3024 909 3058 ad
928 3024 987 3058 fin.
1007 3024 1140 3064 scholii,
1160 3023 1310 3058 desunt
1304 3035 1338 3057 ιη
1359 3023 1400 3057 B.

2013 1699 2015 1705 .
2011 1587 2015 1627 ..,.
2009 1411 2016 1571 ’.ι-«ν-
2011 1391 2014 1400 -
2010 1348 2012 1352 «
2011 1299 2013 1302 .
2010 1263 2013 1274 .-
2011 1187 2013 1191 .
