2021 3434
327 212 411 252 620
727 212 775 253 B.
819 211 1090 252 CYRILLI
1132 212 1511 253 ALEXANDR.
1781 211 1806 250 i.
1835 222 1898 264 13.

331 344 590 385 Κατοικοῦσα
624 343 746 398 Λάχιε
781 343 963 399 ἀρχΗΓὸε
999 343 1206 400 ἁμαρτίας
1239 345 1343 385 αὕτΗ
1380 343 1464 385 ἐστὶ
1490 347 1540 400 τῷ
1576 342 1746 399 θυΓατρὶ
1771 341 1899 391 Σιὼν,

395 428 459 468 ὅτι
484 426 527 467 ἐν
555 426 620 467 σοὶ
646 426 880 483 εὑρέΘΗσαν
908 427 1097 476 ἀσέβειαι
1122 431 1196 468 τοῦ
1218 427 1403 484 Ἰσραήλ.

403 550 557 615 Λάχις
599 551 656 615 δὴ
693 551 840 603 πάλιν
881 552 1019 605 πόλις
1060 553 1143 616 μέν
1183 554 1285 603 ἐστι
1324 556 1419 605 τοῖς
1455 550 1607 601 Ἰούδα
1645 547 1902 613 σκήπτροις

331 633 617 698 ὑποκειμένη,
645 633 808 700 γείτων
842 634 889 685 δὲ
927 636 1002 684 καὶ
1041 634 1208 700 ὅμορος
1246 639 1339 686 τῶν
1368 634 1665 695 Φυλιστιεῖμ,
1698 630 1903 683 ἐκτόπως

330 715 377 767 δὲ
416 718 490 767 καὶ
535 717 651 779 αὕτη
690 715 834 782 πικρὰ
873 718 948 766 καὶ
983 716 1327 782 εἶδωλολάτρις,
1362 717 1436 766 καὶ
1475 712 1902 779 ἀποσπουδοῖζουσα
1922 729 1943 767 5

284 803 309 843 d
328 797 412 860 μὲν
437 797 522 861 τὴν
545 802 605 851 εἷς
631 797 755 848 Θεὸν
780 797 1018 857 εὐσέβειαν
1044 800 1119 848 καὶ
1153 798 1237 862 τὴν
1272 802 1332 851 εἷς
1366 796 1448 848 τὸν
1483 797 1624 859 νόμον
1650 797 1775 856 αἰδῶ,
1801 796 1904 860 περὶ

328 881 559 931 πλείστου
594 879 641 930 δὲ
678 879 927 944 ποιουμένη
961 879 1014 931 τὸ
1046 882 1120 931 καὶ
1144 884 1419 931 πλανᾶσθαι
1454 883 1623 945 φιλεῖν,
1649 879 1724 928 καὶ
1752 899 1905 943 προσ-

330 961 587 1013 απολλύειν
614 962 783 1028 ἑτέρας.
838 961 1012 1026 ταύτην
1037 961 1159 1030 τάχα
1184 985 1274 1012 που
1303 962 1375 1012 καὶ
1401 960 1592 1026 πρώτην
1620 959 1905 1026 Σεναχηρεὶμ

330 1048 424 1095 τῶν
448 1043 635 1095 πόλεων
660 1042 780 1094 ἑλὼν
806 1048 900 1094 τῶν
927 1043 1016 1095 ὑπὸ
1046 1042 1099 1094 τὸ
1125 1046 1369 1109 σκῆπτρον
1393 1043 1546 1093 Ἰούδα
1574 1043 1646 1091 καὶ
1676 1041 1904 1104 Βενιαμὶν,

331 1126 579 1193 πέπομφεν
617 1127 785 1177 ἐκεῖθεν
818 1124 899 1176 τὸν
924 1125 1174 1195 Ῥαψάκην
1212 1129 1273 1179 εἰς
1304 1124 1629 1190 Ἱεροσόλυμα.
1695 1123 1723 1186 ἡ
1754 1123 1906 1173 τοίνυν
1929 1146 1975 1172 ιο

334 1208 503 1271 Λάχις,
524 1209 686 1275 φησὶν,
708 1208 735 1271 ἡ
756 1212 910 1261 καλῶς
937 1207 1132 1258 οἰκοῦσα
1157 1230 1288 1270 ποτε,
1314 1210 1388 1257 καὶ
1415 1208 1652 1275 ἀσφαλῶς
1680 1203 1907 1270 ἱδρυμένη,

335 1290 440 1350 αὕτη
465 1291 657 1355 γε’γονεν
682 1291 880 1358 dvm-y&
907 1292 1136 1358 ἁμαρτίαις
1161 1296 1208 1362 τῇ
1234 1288 1354 1351 Σιὼν,
1380 1289 1480 1353 η’τοι
1504 1291 1561 1356 τῇ
1580 1284 1907 1352 Ἰερουσαλήμ.

334 1372 522 1441 ηὕρηνται
561 1371 654 1437 γὰρ
693 1373 730 1423 ἐν
765 1373 882 1439 αὐτῇ
921 1372 1126 1431 εἰσ-ε’βειαι
1158 1373 1228 1422 τοῦ
1251 1369 1444 1440 Ἰσραὴλ,
1479 1370 1692 1420 τουτέστι
1727 1367 1786 1419 τὰ
1817 1391 1909 1436 χει-

295 1476 316 1501 e
333 1453 545 1521 ρόκμητα
571 1455 645 1504 καὶ
669 1458 762 1504 τῶν
789 1453 1109 1521 ψευδωνύμων
1136 1458 1254 1504 θεῶν
1280 1455 1332 1504 οὐ
1354 1453 1516 1519 μετρία
1542 1450 1741 1514 πληθύς.

431 1537 497 1587 Τί
531 1536 611 1587 οῦν
644 1537 669 1586 ὁ
701 1535 846 1601 λόγος
884 1536 1105 1596 βούλεται
1143 1539 1347 1599 δηλοῦν;
1399 1537 1700 1600 ἀπολογεῖται
1737 1532 1911 1599 τρόπον

333 1617 435 1669 τινὰ
476 1623 572 1672 τοῖς
611 1622 704 1669 τῶν
742 1618 1037 1686 ἀλλοφύλων
1075 1617 1249 1681 δήμοις,
1286 1621 1360 1668 καὶ
1401 1617 1662 1668 ἀναπείθειν
1699 1620 1911 1682 πειρᾶται

333 1705 593 1753 διακεῖσθαι
636 1699 816 1763 λοιπὸν,
861 1703 922 1754 ὡς
964 1701 1047 1751 οὐκ
1088 1699 1144 1750 ἂν
1185 1700 1449 1764 ἠσθένησεν
1493 1700 1517 1749 ὁ
1562 1698 1727 1764 σώζων
1772 1696 1906 1751 Θεός.

333 1783 487 1847 ἐπειδὴ
527 1782 575 1834 δὲ
614 1782 1025 1847 δεδυσσεβήκασιν
1066 1786 1127 1836 εἷς
1167 1781 1308 1832 αὐτὸν
1346 1785 1392 1832 αὶ
1430 1787 1512 1832 τοῦ
1545 1781 1699 1832 Ἰούδα
1735 1780 1910 1842 πόλεις,

333 1865 671 1931 παραδέδονται
713 1870 808 1918 τοῖς
851 1866 1046 1933 ἐχθροῖς.
1114 1864 1310 1932 ἀρχηγὶς
1360 1862 1452 1929 γάρ
1496 1867 1646 1932 φησιν
1691 1862 1719 1927 ἡ
1758 1862 1909 1925 Λάχις

335 1951 565 2017 ἁμαρτίαις
599 1953 647 2022 τῇ
674 1946 782 2000 Σιὼν
817 1947 1049 2013 γινομένη,
1075 1949 1148 1997 καὶ
1183 1947 1482 2000 ἀποστασίας
1511 1943 1754 2014 πρόφασις
1785 1944 1911 2011 πρώ-

335 2054 392 2095 τη
421 2031 601 2081 δέδοται
633 2034 699 2100 τῷ
726 2029 1030 2097 Σεναχηρείμ.
1097 2027 1321 2080 ἀπόλωλε
1357 2027 1413 2092 δὴ
1448 2029 1529 2079 οὖν
1560 2029 1585 2078 ὁ
1610 2026 1823 2094 Ἰσραὴλ,
1851 2030 1912 2082 ὡς

115 2131 206 2165 404
220 2129 270 2164 A.
299 2111 429 2164 ηάπό
467 2135 521 2178 γε
555 2115 636 2176 τῆς
672 2110 866 2179 Λάχεως
904 2112 1088 2180 ἔξεστιν
1127 2114 1248 2173 ἰδεῖν,
1285 2111 1367 2161 οὐκ
1405 2109 1763 2177 ἠῤῥωστηκότος
1789 2113 1910 2161 Θεοῦ

335 2194 390 2246 τὸ
429 2195 611 2245 ἄναλκι·
663 2200 850 2246 πολλοῦ
890 2216 944 2259 γε
986 2195 1060 2244 καὶ
1095 2197 1174 2244 δεῖ·
1226 2192 1280 2243 τὸ
1319 2196 1596 2244 πλανᾶσθαι
1635 2191 1683 2243 δὲ
1725 2196 1911 2256 μᾶλλον

335 2276 663 2344 ἠρῥωστηκὼς,
716 2278 790 2327 καὶ
838 2280 938 2329 ταῖς
989 2279 1082 2326 τῶν
1133 2275 1338 2326 εἰδώλων
1395 2275 1628 2341 λατρείαις
1679 2273 1911 2328 ἀσυνέτως

336 2359 687 2425 προσκείμενος.

389 2561 418 2585 1.
445 2550 549 2595 Λάχις
566 2549 657 2584 Α.Β.
676 2549 781 2595 Λαχὶς
799 2548 836 2582 F.
855 2549 978 2594 Λαχεὶς
997 2547 1088 2582 Edd.
1101 2548 1226 2592 (A.V.)
1274 2549 1370 2583 ἕσται
1390 2548 1431 2582 Β.
1451 2547 1572 2594 (153.)
1622 2546 1748 2582 Statim
1765 2547 1911 2593 θυγάτηρ

338 2609 402 2642 pro
419 2599 458 2641 τῇ
477 2597 617 2642 θυγατρὶ
632 2597 712 2640 (Sic)
724 2597 768 2630 A.
913 2607 944 2630 2.
970 2594 1172 2640 εὑρέθησαν]
1192 2599 1228 2635 -f-
1243 2597 1275 2629 αἱ
1294 2595 1330 2629 F.
1346 2596 1477 2639 (Alex.)
1620 2606 1654 2640 3.
1680 2595 1803 2640 Λαχεὶς
1820 2594 1909 2628 Edd.

339 2645 471 2679 correxi
488 2644 629 2688 passim.
679 2644 718 2687 δὴ
737 2645 780 2677 Α.
799 2642 835 2677 δὲ
854 2642 946 2677 Edd.
1098 2655 1131 2684 4.
1157 2643 1349 2686 Φιλιστιεὶμ
1366 2642 1557 2677 Aubertus.
1710 2651 1743 2686 5.
1769 2641 1849 2684 αὐτὴ
1866 2641 1909 2674 Α.

340 2701 371 2734 7.
399 2692 451 2725 καὶ
468 2692 506 2724 τὸ
524 2690 662 2724 inverso
679 2689 799 2724 ordine
816 2691 860 2724 A.
909 2691 1026 2735 φιλεῖν
1042 2693 1265 2734 assumptum
1283 2701 1323 2723 ex
1342 2689 1386 2723 A.
1651 2688 1684 2722 8.
1709 2688 1911 2733 Σεναχηρεὶμ

339 2738 481 2772 accessit
505 2749 546 2771 ex
573 2737 615 2771 B.
689 2737 815 2771 Statim
840 2740 906 2771 τῶν
933 2738 1067 2771 πόλεων
1092 2737 1178 2770 ἑλὼν
1204 2736 1246 2770 B.
1275 2737 1362 2770 ἑλὼν
1389 2737 1490 2770 πόλιν
1514 2735 1556 2770 Α.
1584 2736 1686 2770 πόλιν
1709 2735 1796 2769 ἐλὼν
1820 2733 1909 2768 Edd-

344 2795 396 2818 12.
413 2784 576 2829 ἁμαρτίας
592 2784 742 2829 ἀρχηγὸς
758 2784 830 2818 inv.
848 2782 969 2818 ordine
988 2783 1030 2817 B.
1081 2783 1207 2817 Statim
1222 2784 1280 2826 τῆς
1298 2794 1358 2828 pro
1375 2785 1414 2826 τῇ
1434 2783 1478 2816 A.
1578 2793 1631 2827 13.
1649 2781 1802 2827 εὕρηνται
1820 2780 1910 2815 Edd.

340 2833 542 2875 χειρότμητα
559 2830 604 2864 Α.
816 2839 870 2876 15.
894 2829 1056 2871 βούλεται
1074 2830 1198 2873 δηλοῦν
1215 2829 1281 2864 hoc
1298 2829 1419 2864 ordine
1435 2830 1481 2864 A.
1699 2827 1751 2862 16.
1779 2827 1911 2862 δύναται

340 2889 403 2921 pro
419 2879 572 2922 πειρᾶται
589 2878 633 2911 A.
912 2887 964 2922 17.
991 2878 1054 2920 ζῶν
1070 2888 1133 2922 pro
1151 2877 1268 2919 σώζων
1284 2876 1328 2910 A.
1591 2875 1643 2910 18.
1669 2877 1728 2909 τοῦ
1743 2874 1851 2908 Ἰούδα
1868 2874 1911 2907 Α.

339 2925 396 2966 τῆς
411 2923 574 2959 Ἰουδαίας
593 2924 684 2958 Edd.
1012 2935 1067 2958 20.
1092 2925 1132 2967 τῇ
1151 2924 1234 2957 Σιὼν
1250 2923 1405 2968 γινομένη
1424 2923 1468 2958 Α.
1485 2922 1644 2968 γενομένη
1661 2924 1700 2966 τῇ
1719 2923 1803 2955 Σιὼν
1820 2919 1911 2955 Edd-

342 2970 464 3004 Statim
483 2971 534 3004 καὶ
553 2976 773 3015 assumptum
792 2982 833 3005 ex
851 2970 941 3005 A.B.
990 2970 1214 3006 ἀποστάσεως
1231 2971 1273 3004 Α.
1666 2979 1721 3004 22.
1747 2968 1851 3013 Λάχις
1867 2967 1910 3000 Α.

343 3026 396 3059 23.
422 3017 456 3050 δὲ
475 3028 544 3050 om.
565 3017 607 3050 B.

1933 1553 1977 1591 15

1931 1968 1978 1994 20

1931 2378 1978 2416 25
