2021 3434
499 201 577 242 IN
617 203 1002 248 MICHAEAM.
1064 208 1213 250 TOM.
1249 209 1285 250 I.
1591 212 1671 253 601

98 307 346 361 τεθνεῶτος
383 307 431 360 δὲ
467 311 723 380 διαδέχεται
759 315 844 380 τὴν
878 317 1027 385 ἀρχὴν
1059 319 1083 368 ὁ
1108 317 1278 387 ’Ἀχαζζ
1314 318 1363 373 ὃς
1401 320 1475 370 καὶ
1512 341 1666 386 παρα-

95 386 322 443 τείνοντος
347 397 430 442 τοῦ
454 394 665 458 πολέμου
691 403 1032 461 κατεμισθοῦτο
1057 400 1268 467 χρήμασι
1293 399 1375 452 τὸν
1394 400 1670 468 Ἀσσύριον,
1733 409 1854 492 ἓξὲξ·

93 471 326 533 ἐπαμῦναί
361 498 409 526 τε
459 480 502 528 οἱ
550 480 817 545 παρεκάλει,
859 488 958 538 ταῖς
1007 489 1101 535 τῶν
1152 485 1375 536 ἐπιόντων
1419 485 1671 549 δυνάμεσιν
1733 507 1803 537 sqq·

92 554 363 623 ἀντεξάγειν
414 559 496 610 οὐκ
551 560 719 628 ἔχοντι·
787 563 837 617 ὃς
885 568 959 616 καὶ
1010 567 1261 632 παρελθὼν
1311 567 1404 619 εἷλε
1454 567 1538 631 μὲν
1586 567 1670 633 τὴν

49 648 71 687 5
92 636 370 701 Δαμασκὸν,
422 640 655 693 ἀπέκτεινε
706 643 754 695 δὲ
805 648 879 696 καὶ
929 647 1011 698 τὸν
1061 649 1333 700 Ῥαασσών.
1420 647 1517 700 εἶτα
1568 649 1667 702 κατ’
1688 648 1715 689 d

89 718 231 768 ἐκεῖνο
268 726 350 770 τοῦ
387 729 548 788 καιροῦ
584 726 938 785 βασιλευόντων
975 730 1023 780 ἐν
1058 733 1114 798 τῇ
1151 733 1388 801 Σαμαρείᾳ
1421 732 1667 798 Ἰεροβοάμ

88 820 138 849 τε
172 806 253 851 τοῦ
284 801 431 864 Ἰωάς,
467 807 543 855 καὶ
579 809 676 869 μετ’
713 809 853 859 αὐτὸν
886 809 1115 877 Ἀζαρίου,
1154 815 1230 863 καὶ
1267 815 1424 878 τρίτου
1462 813 1510 864 δὲ
1551 818 1663 865 Μα-

89 883 230 945 ναεὶμ,
277 883 422 949 ἀνέβη
463 887 629 938 Φουλά
667 890 898 950 βασιλεὺς
935 894 1222 960 Ἀσσυρίων,
1266 894 1315 948 ὃς
1353 897 1428 946 καὶ
1465 901 1666 950 πολλοῖς
1728 910 1850 941 Ib.xv.

85 961 224 1024 μόλις
266 965 508 1032 χρήμασιν
548 971 862 1035 ὑποπεισθεῖς,
906 977 967 1027 εἷς
1007 975 1092 1039 τὴν
1132 977 1414 1042 ἐνεγκοῦσαν
1456 978 1665 1040 ἀνεκομί-
1730 963 1778 995 19'
1801 962 1849 983 ω

23 1059 68 1084 ¹0
86 1043 199 1110 ζετο.
267 1048 383 1109 μετὰ
429 1050 484 1100 δέ
516 1073 570 1116 γε
611 1050 692 1102 τὸν
734 1054 901 1105 Φουλά
938 1056 1272 1123 κατεστράτευε
1309 1061 1391 1122 τῆς
1428 1059 1665 1111 Ἰουδαίων
1727 1071 1835 1144 {61’22
1853 1080 1882 1100 v.

84 1128 171 1191 γῆς
215 1131 620 1199 Θεγλαφαλοῖσαρ
659 1135 684 1184 ὁ
719 1136 994 1202 Ἀσσύριος,
1033 1141 1107 1189 καὶ
1149 1140 1380 1193 πλείστας
1417 1139 1502 1204 μὲν
1545 1141 1663 1196 ὅσας
1771 1136 1778 1143 ’

83 1211 166 1272 τῆς
203 1214 466 1278 Σαμαρείας
498 1215 731 1281 ἀνέστησε
767 1218 947 1273 πόλεις·
993 1222 1260 1286 προσετίθει
1303 1223 1350 1273 δὲ
1391 1223 1549 1277 αὐταῖς
1587 1227 1662 1275 καὶ
1723 1236 1845 1310 ΞνΒξε-τ·

81 1294 245 1343 πᾶσαν
281 1293 367 1358 τὴν
408 1298 671 1349 Γαλιλαίαν
721 1300 804 1354 ἕως
847 1304 1143 1370 Νεφθαλείμ.
1230 1303 1403 1370 ε’ίρηται
1451 1306 1536 1369 μὲν
1580 1307 1662 1357 οὖν
1770 1303 1776 1311 ’
1815 1289 1844 1321 9·

81 1375 212 1424 ταυτὶ
247 1374 303 1439 δὴ
338 1382 536 1440 λεπτῶς,
565 1378 641 1430 ὅτε
674 1380 760 1444 τὴν
798 1383 871 1433 ἐπὶ
906 1387 972 1452 τῶ
1004 1386 1217 1455 μακαρίῳ
1256 1386 1479 1455 προφήτῃ
1512 1388 1699 1454 Ὠσηὲθ
1721 1398 1826 1472 Sugra

17 1472 62 1512 15
81 1456 378 1520 συνετίθεμεν
413 1460 655 1528 ἐξήγησιν,
694 1463 1028 1529 ὑπεμνήσαμεν
1070 1467 1118 1517 δὲ
1162 1469 1236 1518 καὶ
1279 1474 1361 1519 νῦν
1399 1471 1660 1536 ἀναγκαίως
1719 1452 1749 1482 Ρ·
1790 1466 1796 1472 ”

80 1536 155 1588 διὰ
189 1538 240 1589 τὸ
274 1544 508 1593 τεθεῖσθαι
543 1543 650 1597 τοὺς
686 1544 881 1612 χρόνους
919 1550 994 1598 καὶ
1024 1551 1105 1612 τῆς
1131 1555 1213 1600 τοῦ
1239 1551 1448 1617 Μιχαίου
1473 1557 1660 1621 προφη-

77 1620 212 1674 τείας.
275 1622 363 1674 ε”δει
404 1623 497 1691 γὰρ
537 1626 625 1677 ἔδει
665 1627 748 1678 τὸν
793 1630 1154 1696 φιλακροοὶμονα
1194 1634 1268 1683 καὶ
1309 1638 1554 1701 φιλομαθῆ
1592 1636 1657 1700 μὴ

76 1703 309 1767 ἀγνοῆσαι
351 1704 437 1769 τὴν
481 1708 646 1771 αἰτίαν,
688 1710 742 1760 δι’
782 1708 839 1774 ἣν
883 1711 1236 1777 ὠνομάσθησαν
1279 1718 1321 1765 οἱ
1360 1719 1442 1779 τῆς
1480 1717 1654 1783 Ἱερου-

75 1785 243 1849 σαλὴμ
286 1789 693 1853 βεβασιλευκότες,
734 1791 940 1856 Ἰωάθαμ
981 1796 1102 1862 φημὶ
1147 1798 1222 1846 καὶ
1258 1794 1429 1864 ”Αχαζ.
1496 1821 1650 1864 παρα-

8 1883 57 1910 20
75 1867 208 1917 τείνει
245 1867 293 1919 δὲ
331 1872 413 1932 τῆς
446 1873 733 1938 προφητείας
773 1875 797 1924 ὁ
834 1874 1002 1942 χρόνος
1043 1879 1119 1927 καὶ
1157 1877 1292 1945 μέχρι
1330 1882 1412 1943 τῆς
1449 1879 1654 1945 Ἐζεκίου

72 1951 337 2012 βασιλείας,
363 1953 434 2018 ἐφ’
464 1952 518 2002 οὗ
542 1953 689 2005 πάλιν
715 1957 740 2006 ὁ
769 1959 1073 2025 Σεναχηρείμ·
1116 1960 1390 2026 Ἀσσυρίων
1417 1964 1493 2012 καὶ
1519 1962 1652 2016 οὗτος
1669 1990 1691 2015 a
1718 1983 1805 2017 392
1821 1981 1873 2017 A.

71 2031 316 2090 βασιλεύς·
359 2032 454 2084 εἷλε
488 2035 606 2086 κατὰ
641 2036 807 2103 κράτος
841 2038 926 2103 τὴν
958 2044 1271 2107 Σαμαρειτῶν,
1299 2042 1564 2111 κατεδῄωσε
1603 2045 1651 2097 δὲ
1711 2049 1869 2134 {vfffgffl

71 2113 147 2162 καὶ
176 2112 258 2167 τὰς
289 2113 450 2169 πόλεις
483 2121 577 2168 τῶν
603 2121 903 2184 Φυλιστιεὶμ,
934 2123 1149 2174 τουτέστι
1175 2124 1256 2177 τὰς
1285 2129 1648 2191 Παλαιστηνῶν.
1712 2137 1800 2213 eff}
1814 2139 1868 2213 ΕΞ·

69 2192 166 2246 εἶτα
203 2194 290 2261 τὴν
315 2197 465 2266 Λάχις
502 2200 636 2251 ἑλών·
677 2201 815 2256 πόλις
849 2203 898 2254 δὲ
931 2206 1048 2270 αὕτη
1086 2209 1168 2269 τῆς
1197 2207 1348 2258 Ἰούδα
1386 2210 1647 2269 βασιλείας·
1710 2192 1731 2222 p
1784 2192 1824 2224 .9

119 2421 149 2445 1.
174 2412 355 2449 τεθνεῶτος
372 2414 408 2448 δέ
427 2414 616 2460 διαδέχεται
633 2417 677 2451 A.
698 2418 886 2464 διαδέχεται
905 2420 940 2454 δέ
957 2420 1135 2457 τεθνεῶτος
1153 2422 1244 2457 Edd.
1311 2422 1436 2457 Statim
1459 2424 1518 2468 τὴν
1541 2425 1649 2471 ἀρχὴν

68 2468 138 2492 om.
157 2459 201 2492 A.
218 2460 398 2497 τεθνεῶτος
422 2462 458 2495 δέ
484 2465 544 2496 τοῦ
566 2462 722 2509 Ἰωάθαμ,
749 2468 767 2499 ὁ
782 2465 918 2511 ’Άχατζ
939 2469 998 2511 τὴν
1021 2468 1129 2513 ἀρχὴν
1153 2469 1342 2515 διαδέχεται
1360 2470 1406 2505 D.
1481 2474 1540 2505 τοῦ
1565 2475 1647 2508 πολ.

67 2506 238 2548 παρατείν.
256 2507 395 2542 inverso
411 2508 532 2543 ordine
550 2510 597 2544 D.
843 2524 875 2557 3.
901 2514 989 2560 αὐτῷ
1008 2527 1069 2559 pro
1087 2516 1118 2548 οἱ
1135 2516 1178 2550 A.
1434 2530 1466 2560 4.
1492 2518 1646 2555 σθένοντι

69 2562 132 2595 pro
149 2552 261 2598 ἔχοντι
280 2553 327 2588 D.
531 2565 564 2601 5.
590 2556 759 2593 ἀπέκτεινε
778 2559 872 2594 B.D.
891 2560 1052 2595 ἀπέκτονε
1070 2561 1162 2596 Edd.
1377 2563 1410 2598 6.
1436 2567 1495 2598 τοῦ
1513 2577 1582 2601 om.
1602 2567 1645 2602 B.

354 2611 370 2627 Τ

70 2638 102 2675 7.
128 2631 242 2676 τρίτου
260 2633 303 2668 Β.
321 2635 377 2679 τρί
393 2635 439 2669 D.
457 2636 571 2680 τρίτον
588 2637 679 2672 Edd.
729 2637 865 2683 Μαναῒμ
883 2639 924 2673 B.
1103 2642 1136 2676 8.
1162 2643 1275 2676 Φουλὰ
1293 2643 1339 2679 D.
1358 2643 1450 2679 Edd.
1468 2648 1582 2680 Φουλᾶ
1599 2647 1644 2682 A.

69 2677 201 2714 Φούλας
219 2679 262 2714 Β.
448 2695 482 2727 9.
506 2685 603 2729 μόγις
623 2685 664 2719 Β.
856 2697 908 2720 10.
935 2686 1066 2722 Φούλου
1079 2688 1122 2722 Β.
1174 2689 1298 2724 Statim
1316 2693 1585 2737 κατεστράτευσε
1599 2694 1644 2728 A.

67 2721 230 2761 Ἰουδαίας
248 2726 338 2761 Edd.
357 2728 474 2763 invitis
492 2731 670 2765 omnibus.
873 2744 925 2767 12.
950 2734 1133 2780 ἀνέστησε]
1154 2735 1323 2780 ἐπόρθησε
1338 2738 1378 2772 Β.
1399 2739 1576 2774 κατέσεισε
1595 2740 1641 2775 D.

69 2770 157 2816 αὐτῷ
176 2772 268 2806 Edd.
286 2774 403 2809 invitis
420 2775 529 2810 libris.
582 2777 708 2812 Statim
726 2779 778 2812 καὶ
795 2786 1016 2824 assumptum
1035 2793 1075 2815 ex
1095 2782 1136 2816 B.
1372 2796 1424 2829 13.
1451 2786 1643 2832 Νεφθαλήμ

69 2816 162 2852 Edd.
226 2819 283 2854 οὖν
300 2829 519 2867 assumptum
539 2836 579 2857 ex
597 2825 641 2858 A.
708 2824 834 2859 Statim
859 2828 952 2860 ταυτὶ
970 2827 1009 2871 δὴ
1027 2827 1093 2862 hoc
1111 2828 1232 2863 ordine
1248 2830 1292 2864 A.
1311 2830 1347 2864 δέ
1366 2844 1428 2875 pro
1444 2833 1504 2875 μὲν
1521 2840 1554 2867 et
1571 2845 1640 2868 om.

68 2863 108 2907 δὴ
127 2864 173 2899 D.
411 2880 463 2911 14.
489 2870 663 2917 θεσπεσίῳ
681 2883 744 2916 pro
760 2873 911 2917 μακαρίῳ
930 2873 976 2907 D.
1228 2877 1280 2911 16.
1307 2878 1360 2911 καὶ
1378 2879 1521 2913 accessit
1538 2892 1578 2913 ex
1596 2881 1640 2915 A.

67 2912 197 2956 Μιχαία
215 2912 306 2947 Edd.
325 2914 444 2949 invitis
461 2916 556 2950 A.D.
748 2929 800 2963 17.
825 2920 999 2963 φιλαληθῆ
1018 2933 1080 2965 pro
1098 2923 1270 2967 φιλομαθῆ
1289 2923 1379 2958 Edd.
1398 2925 1514 2960 invitis
1532 2927 1641 2961 libriS.

68 2966 123 2991 21.
147 2956 175 3003 ᾧ
191 2971 254 3003 pro
271 2960 310 2994 οὗ
329 2961 419 2996 Edd.
438 2962 554 2996 invitis
572 2963 681 2998 libris.
730 2963 941 3011 Ἀσσυρίων]
966 2971 1000 3007 —f—
1024 2968 1059 3001 δὲ
1077 2968 1120 3002 A.
1277 2981 1331 3016 ²3·
1359 2972 1416 3007 τὰς
1433 2973 1491 3007 alt.
1510 2985 1578 3007 om.
1598 2975 1640 3008 A.

66 3013 120 3045 24.
146 3006 252 3050 Λάχις
269 3007 360 3042 Α.Β.
381 3010 503 3054 Λαχεὶς
523 3009 613 3044 Edd.
666 3010 791 3046 Statim
808 3013 895 3047 ἑλών
912 3025 979 3048 om.
995 3014 1037 3048 A.

121 3070 213 3101 vo1..
239 3073 265 3100 ι.
801 3081 826 3117 4
849 3080 876 3106 H
