2021 3434
112 211 138 252 i.
167 225 229 252 11.
502 212 575 253 IN
616 213 998 255 MICHAEAM.
1059 214 1207 256 TOM.
1243 215 1279 255 I.
1602 217 1683 256 617

110 324 338 386 Χριστοῦ,
366 320 720 387 κατευνᾶζοντος
754 322 802 374 δὲ
825 322 885 374 τὰ
909 323 1193 388 κεκινημένα,
1221 325 1295 374 καὶ
1329 325 1683 384 ἀποσοβοῦντος

109 401 194 465 μὲν
231 402 285 453 τὸ
324 409 518 466 λυποῦν,
564 404 892 471 ἁνευρύνοντος
934 405 982 455 δὲ
1022 410 1118 458 τοῖς
1159 405 1306 470 ἁγίοις
1344 405 1570 469 θυμηδίαν
1609 406 1683 455 καὶ

109 483 275 552 χαράν·
319 483 455 539 τέλος
490 483 582 551 γὰρ
611 485 768 536 πόνων
793 487 975 536 εὔκλεια
1001 488 1075 537 καὶ
1100 486 1271 554 τρυφή.
1340 488 1418 536 καί
1447 509 1524 549 μοι
1563 488 1689 536 δοκεῖ

111 565 256 633 φάναι
291 589 335 617 τι
369 572 579 617 τοιοῦτον
620 568 645 617 ὁ
679 567 902 633 μακάριος
942 570 1116 618 Δαυεὶδ
1152 567 1270 634 πρὸς
1310 567 1392 618 τὸν
1430 573 1523 619 τῶν
1558 567 1684 619 ὅλων

68 665 91 703 5
112 647 233 698 &edu
262 656 289 678 ‘⁶
309 648 580 713 Διήλθομεν
613 648 689 700 διὰ
722 648 868 716 πυρὸς
894 651 969 701 καὶ
996 651 1174 713 ὕδατος,
1202 652 1278 701 καὶ
1316 649 1541 718 ἐξήγαγες
1566 650 1683 714 ἡμᾶς
1701 653 1728 694 d
1745 655 1797 728 {³}
1815 654 1878 684 Μ’

110 736 136 758 “
163 734 224 783 εἰς
251 729 544 799 ἀναψυχήν.”
1790 722 1794 727 ’

112 931 372 972 Κατοικοῦσα
417 931 559 971 καλῶς
598 932 674 972 τὰς
717 931 864 973 Πόλεις
908 931 1050 982 αὐτῆς,
1090 932 1165 973 οὐκ
1204 933 1382 974 ἐξῆλθεν
1427 937 1680 974 κατοικοῡσοι
1708 941 1747 964 11

176 1014 371 1071 Σενναάρ
416 1015 629 1065 κόψασθαι
669 1010 784 1056 οἶκον
824 1015 1027 1070 ἐχόμενον
1068 1016 1211 1065 αὐτήε,
1253 1016 1437 1066 λήψεται
1480 1016 1524 1059 ἐξ
1565 1016 1681 1064 ὑμῶν

177 1098 340 1146 ΠλΗΓὲιν
365 1097 535 1140 &bovum

44 1250 90 1275 10
181 1229 499 1281 Ἐκδεδώκασι
529 1228 612 1292 μὲν
641 1232 682 1280 οἱ
708 1227 1031 1292 ἑβδομήκοντα
1055 1227 1255 1298 Σενναέιρ,
1280 1228 1490 1283 Ἀκύλας
1517 1228 1566 1281 δὲ
1593 1230 1683 1298 ἔφη

111 1311 255 1374 Esau,
282 1311 550 1363 εὐσθενοῧσοιν
576 1311 625 1362 δὲ
651 1313 675 1362 ὁ
702 1311 972 1379 Σύμμαχος,
999 1309 1123 1379 τάχα
1155 1334 1247 1362 που
1278 1313 1405 1362 τουτὶ
1443 1317 1526 1362 τοῦ
1553 1311 1683 1365 Σεναν

110 1394 496 1463 ὑπεμφαίνοντος.
554 1395 664 1444 ἀλλ’
683 1397 721 1444 εἰ
745 1392 829 1457 μὲν
856 1398 1008 1444 νοοῖτο
1032 1391 1214 1461 Σεναὰρ,
1236 1391 1391 1461 φαμὲν
1417 1392 1487 1456 ὅτι
1513 1394 1682 1460 χωρίον
1700 1412 1720 1438 e

110 1477 212 1526 ἐστὶ
249 1475 407 1527 πλατὺ
445 1476 563 1527 κατὰ
599 1476 761 1529 πόλεις
787 1498 837 1526 τε
875 1478 948 1526 καὶ
988 1475 1146 1538 κώμας
1178 1475 1442 1538 οἰκούμενον
1467 1475 1684 1545 ἀλλοφύ-

111 1565 211 1612 λοις
236 1557 332 1622 μὲν,
358 1557 486 1621 πλὴν
513 1560 559 1609 ἐν
586 1559 726 1625 ὁρίοις
749 1561 830 1621 τῆς
857 1557 1095 1610 Ἰουδαίας·
1136 1560 1173 1607 εἰ
1200 1556 1247 1607 δὲ
1274 1556 1330 1621 δὴ
1350 1562 1500 1608 νοοῖτο
1522 1557 1683 1619 Σενάν,

44 1660 88 1698 15
112 1639 336 1706 λαμπρὰν
365 1642 441 1690 καὶ
479 1639 709 1704 ἐπίσημον
736 1639 981 1705 Αἰγύπτου
1018 1639 1160 1690 πόλιν
1195 1639 1546 1703 κατασημαίνει.
1614 1640 1685 1689 εὐ-

108 1724 336 1773 σθενεῖται
370 1720 419 1773 δὲ
458 1721 528 1772 ὅτι
565 1722 684 1773 πίων
718 1722 746 1786 ἡ
785 1721 937 1789 χώρα,
973 1725 1047 1771 καὶ
1086 1720 1235 1785 ληίοις
1273 1720 1546 1784 κατάκομος,
1584 1726 1684 1775 πῶς

107 1802 237 1854 ε”στιν
263 1804 553 1873 ἀμφιβαλεῖν
574 1826 587 1867 3
628 1803 794 1873 Σεναὰρ
819 1802 973 1854 τοίνυν
998 1804 1148 1871 φησὶν
1174 1802 1274 1866 ἤτοι
1296 1801 1444 1853 Σενάν
1470 1803 1497 1866 ἡ
1527 1802 1683 1857 καλῶς

107 1883 191 1940 τας
228 1886 385 1946 ἑαυτῆς
426 1888 604 1938 οἰκοδο-οι
642 1886 812 1941 πόλεις.
879 1885 980 1953 ἥξει
1012 1883 1060 1935 δὲ
1099 1885 1124 1934 ὁ
1159 1884 1302 1950 λόγος
1337 1883 1454 1935 κατὰ
1487 1888 1581 1935 τῶν
1611 1889 1677 1935 οἱ·

108 1966 312 2018 κούντων
332 1967 487 2022 αὐτάς·
520 1969 600 2019 οὐκ
625 1967 909 2034 ἐπεδάκρυσε
927 1971 1022 2021 τοῖς
1044 1964 1183 2032 ἐγγυς
1202 1969 1394 2033 οἰκτρῶς
1414 1968 1488 2016 καὶ
1507 1967 1683 2020 ἀθλίως

44 2071 90 2097 20
109 2048 413 2100 διολωλόσιν·
472 2054 548 2101 οὐκ
582 2049 728 2120 ἐξῆλθε
769 2047 1008 2119 κέψασθοιι
1046 2048 1127 2099 τὸν
1170 2048 1368 2116 ἐχόμενον
1408 2046 1530 2110 οἷκον,
1569 2070 1676 2098 του·
1699 2074 1720 2097 a
1748 2065 1836 2098 402
1853 2064 1900 2097 A.

107 2129 284 2194 τέστιν,
313 2133 367 2182 οὐ
394 2131 645 2199 τεθρήνηκε
671 2131 778 2186 τοὺς
816 2133 865 2182 ἐκ
895 2129 1132 2197 γειτόνων.
1199 2129 1338 2195 ἐγγυς
1372 2127 1420 2180 δὲ
1451 2132 1533 2194 τῆς
1559 2129 1676 2180 Ἰου-

108 2212 236 2267 δαίας
261 2214 290 2277 ἡ
315 2212 516 2283 Σενναόιρ,
543 2216 604 2267 ὡς
630 2214 761 2281 ἔφην,
790 2216 865 2264 καὶ
901 2213 1057 2277 μέντοι
1093 2214 1168 2262 καὶ
1194 2212 1221 2275 ἡ
1251 2210 1413 2269 Σενάν,
1440 2211 1682 2262 τουτέστιν

107 2294 136 2358 ἡ
162 2296 448 2360 Αἰγυπτίων.
513 2295 806 2347 διαπίπτοντι
833 2294 882 2345 δὲ
909 2296 983 2346 καὶ
1009 2294 1349 2362 πεπορθημένῳ
1376 2296 1441 2362 τῷ
1467 2292 1683 2359 Ἰσραὴλ,

109 2376 190 2428 οὐκ
205 2376 450 2443 ἐπήλγησε
469 2382 673 2442 μᾶλλον,
694 2378 802 2428 ἀλλ’
821 2376 1132 2439 ἐπετώθασεν,
1154 2375 1363 2443 ἐπέχαιρε
1385 2374 1433 2425 δὲ
1459 2377 1533 2425 καὶ
1553 2375 1682 2439 αὐτὴ,

157 2551 186 2575 1.
214 2541 382 2588 Χριστοῦ]
402 2544 490 2576 Θεοῦ
506 2543 551 2577 Α.
957 2541 989 2575 8.
1017 2539 1142 2584 σεναὰρ
1162 2539 1204 2574 Β.
1224 2545 1257 2573 et
1273 2539 1363 2573 infra
1380 2539 1513 2573 scholio
1528 2539 1681 2574 ineunte.

113 2598 165 2621 11.
191 2589 292 2623 σενὰν
318 2588 360 2622 Β.
388 2604 440 2623 σε.
467 2591 535 2623 νᾶν.
560 2589 603 2623 A.
630 2588 753 2623 Σεναὰν
778 2587 871 2622 Edd.
942 2587 1036 2621 τουτὶ
1060 2588 1119 2621 τοῦ
1137 2586 1181 2620 A.
1206 2586 1239 2620 τί
1263 2588 1323 2620 τοῦ
1344 2586 1387 2620 Β.
1412 2601 1445 2620 τι
1469 2588 1568 2620 τοῦτο
1590 2586 1682 2621 Edd.

109 2634 210 2668 Σενὰν
228 2635 270 2669 Β.
290 2649 342 2669 σε.
361 2637 429 2670 νᾶν.
446 2636 489 2669 A.
508 2636 631 2670 Σεναὰν
648 2635 708 2670 iid.
762 2634 888 2669 Statim
905 2634 1150 2679 ὑποφαίνοντος
1167 2633 1210 2666 Α.
1403 2643 1456 2666 12.
1481 2637 1592 2678 χῶρος
1609 2633 1683 2667 ἐστὶ

108 2681 473 2725 πλατὺς-οἷκοῦμενος
491 2682 533 2716 Β.
911 2692 964 2725 13.
994 2679 1205 2724 ἀλλοφύλων
1221 2679 1266 2713 A.
1331 2678 1458 2714 Statim
1473 2680 1534 2723 μὲν
1550 2692 1619 2714 om.
1638 2680 1682 2715 A.

113 2738 165 2770 14.
183 2728 288 2772 ὁρίοις
304 2730 348 2763 A.
367 2729 458 2774 ὅροις
476 2728 567 2764 Edd.
618 2730 727 2762 νοοῖτο
744 2739 813 2762 om.
835 2727 877 2761 B.
932 2727 1057 2761 Statim
1075 2727 1176 2760 Σενὰν
1194 2726 1236 2760 Β.
1255 2727 1370 2761 σε.νᾶν
1386 2726 1430 2760 Α.
1449 2726 1572 2760 σεναὰν
1589 2726 1681 2760 Edd.

113 2784 166 2819 15.
192 2775 357 2819 ἐπίσημον
381 2782 414 2810 et
433 2776 591 2820 λαμπρὰν
615 2776 704 2809 inter
721 2786 757 2808 se
782 2781 912 2819 transp.
933 2774 975 2808 Β.
993 2774 1154 2816 ἐπίδημον
1171 2773 1250 2817 (Sic)
1270 2772 1361 2807 Edd.
1426 2772 1679 2818 κατασημαίνει]

109 2824 338 2866 κατασημᾶναι
363 2822 455 2857 Edd.
481 2823 599 2857 invitis
624 2821 714 2856 A.B.
779 2820 983 2856 εὐσθενεῖται
1011 2820 1047 2854 δέ
1075 2820 1117 2854 Β.
1145 2819 1328 2854 εὐθυνεῖται
1355 2819 1391 2853 δὲ
1408 2819 1451 2853 A.
1479 2820 1620 2863 εὖσθενῆ
1645 2835 1682 2854 τε

110 2867 201 2902 Edd.
417 2870 470 2904 16.
491 2868 558 2914 ὅτι]
585 2873 621 2909 -1-
642 2869 695 2902 καὶ
713 2867 805 2902 Edd.
823 2867 939 2901 invitis
957 2866 1048 2901 A.B.
1281 2875 1334 2910 17.
1360 2866 1470 2900 τοίνυν
1485 2866 1611 2912 φησὶν]
1630 2881 1682 2900 τοι

108 2915 198 2959 φησὶ
215 2918 272 2949 νῦν
289 2915 369 2960 (Sic)
387 2917 431 2950 A.
449 2917 559 2962 φησιν
575 2927 643 2949 om.
664 2915 706 2948 B.
771 2914 894 2949 σεναὰν
915 2913 1003 2948 Edd.
1317 2923 1372 2946 22.
1399 2912 1417 2957 ἡ
1435 2913 1531 2959 prius
1549 2925 1618 2947 om.
1637 2915 1680 2948 A.

109 2962 232 2997 Σεναὰν
248 2962 340 2996 Edd.
518 2973 571 3007 23.
598 2960 787 3006 Αἰγυπτίων
806 2961 847 2994 Β.
865 2960 1035 3005 αἷγύπτων
1051 2961 1095 2995 Α.
1113 2959 1279 3005 Αἰγυπτία
1298 2959 1389 2994 Edd.
1549 2971 1603 3004 24.
1630 2961 1684 2995 καὶ

110 3014 328 3054 assumptum
346 3021 387 3044 ex
405 3009 496 3044 AB.
548 3009 674 3043 Statim
689 3008 771 3052 αὐτῇ
792 3007 883 3042 Edd.
900 3008 988 3054 αὐτῷ
1008 3008 1140 3053 Migne.

166 3075 257 3106 vm..
280 3077 309 3106 Ι.
860 3077 888 3114 4
909 3075 936 3102 K
