2021 3434
297 183 353 222 38
695 185 744 224 B.
788 183 1056 223 CYRILLI
1097 184 1474 225 ALEXANDR.
1754 183 1777 223 i.
1807 196 1868 224 10.

297 299 325 321 “
352 295 514 361 φησὶν,
539 295 587 343 ἐν
622 299 720 347 ταῖς
755 295 877 346 ὁδοῖς
901 293 1230 359 Ἰερουσαλὴμ,
1257 295 1332 343 καὶ
1367 294 1481 344 ἰ’δετε
1517 295 1591 344 καὶ
1622 297 1769 359 γνῶτε
1796 292 1871 342 καὶ

298 381 325 404 “
352 375 581 440 ζητήσατε
615 378 662 425 ε’ν
699 380 798 427 ταῖς
841 376 1082 428 πλατείαις
1117 376 1270 439 αὐτῆς,
1313 374 1392 426 ἐὰν
1435 377 1594 441 εὕρητε
1633 375 1791 440 ἄνδρα,
1831 377 1870 424 εὶ

249 458 278 498 d
299 464 324 487 ‘⁶
351 458 452 508 ε”στι
492 462 637 508 ποιῶν
678 457 830 522 κρίμα,
877 458 952 507 καὶ
995 457 1143 523 ζητῶν
1191 458 1367 519 πίστιν,
1412 459 1486 508 καὶ
1526 457 1663 510 ἵλεως
1704 457 1873 519 ἔσομαι

296 544 324 567 “
350 539 516 601 αὐτοῖς,
553 538 679 603 λέγει
723 538 938 606 Κύριος.”
1004 540 1167 603 συνιής
1208 539 1289 589 οὖν
1327 539 1452 592 ὅπως
1491 541 1566 589 καὶ
1604 537 1703 592 ἑνὸς
1741 537 1872 588 ἀντέ-

295 642 425 686 χεται
463 619 652 683 δικαίου,
684 622 758 670 καὶ
791 620 975 675 πόλεως
1015 620 1128 684 ὅλης
1168 619 1531 688 ὑπερευχόμενον
1570 621 1622 670 οὑ
1659 622 1866 688 περιορᾷ·
1891 638 1912 675 5
1961 647 1994 693 Διι

295 699 405 751 ἀλλ’
433 701 576 755 οὐδεὶς
609 703 732 770 αὐτῷ
763 702 906 769 λόγος
943 704 1018 753 καὶ
1053 701 1367 768 ἀναριθμήτου
1400 703 1624 766 πληθύος,
1650 703 1711 754 ὡς
1737 701 1871 766 ἔφην,

295 785 333 832 εἱ
361 783 510 851 ὁρῷτο
535 783 743 848 βέβηλος
769 787 843 836 καὶ
874 785 1183 836 ἀπονεύσασα
1207 784 1324 851 πρὸς
1358 784 1410 835 τὸ
1449 789 1647 853 φαῦλον,
1675 785 1750 834 καὶ
1773 788 1873 836 ταῖς·

294 868 388 915 τῶν
414 866 660 930 δαιμονίων
686 866 884 921 ἀπάταις
910 868 1082 933 ἀγρίως
1107 866 1424 931 ἐνειλημμένη.

955 1021 1046 1033 »et

363 1103 482 1145 αὐτοὶ
510 1105 793 1146 κλΗθιίσονται
821 1102 900 1145 υἱοὶ
927 1104 1035 1145 Θεοῦ
1059 1104 1227 1161 ζῶντος.
1896 1124 1942 1149 10
1985 1106 1989 1115 ’

367 1198 542 1266 Ἐγγὺς
594 1200 649 1265 δὴ
701 1201 895 1269 σφόδρα
945 1206 1045 1254 ταῖς
1107 1200 1491 1263 ἀποτομωτάταις
1556 1201 1715 1266 ὀργαῖς
1779 1203 1873 1250 τῶν

257 1283 497 1348 οάνιαρῶν
528 1283 556 1347 ἡ
591 1284 743 1346 λύσις,
771 1285 845 1334 καὶ
882 1288 976 1334 τῶν
1010 1287 1306 1349 σκυθρωπῶν
1339 1282 1393 1334 τὸ
1427 1284 1584 1350 πέρας,
1613 1284 1729 1333 ὅσον
1764 1281 1873 1346 ἧκεν

295 1367 357 1416 εἷς
401 1364 588 1429 λόγους,
627 1366 680 1416 οὐ
716 1365 916 1431 μακράν.
982 1364 1051 1415 ὅτι
1093 1364 1178 1427 μὲν
1222 1364 1315 1431 γὰρ
1359 1365 1494 1416 ἔσται
1528 1364 1647 1415 κατὰ
1685 1362 1872 1430 καιροὺς

294 1443 569 1509 ἀπόβλητος
604 1448 629 1497 ὁ
656 1447 874 1514 Ἰσραὴλ,
910 1448 1380 1513 προκαταμεμήνυκεν
1416 1449 1633 1513 ἐναργῶς,
1666 1445 1742 1497 διὰ
1779 1450 1875 1497 τῶν

295 1527 463 1592 ἀρτίως
501 1529 609 1592 ἡμῖν
646 1529 906 1596 εἰρημένων·
955 1530 1024 1580 ὅτι
1060 1529 1107 1580 δὲ
1146 1530 1228 1580 οὐκ
1266 1528 1467 1580 εἷσάπαν
1505 1527 1758 1596 οἰχήσεται,
1799 1531 1874 1580 καὶ
1896 1553 1942 1592 15

295 1609 538 1660 ἀπολεῖται
562 1616 819 1674 παντελῶς,
840 1610 951 1662 ἀλλ’
973 1612 1106 1662 ἔσται
1132 1634 1199 1664 τις
1225 1611 1377 1664 αὐτοῖς
1403 1613 1486 1674 τῆς
1512 1615 1572 1664 εἰς
1597 1611 1652 1662 τὸ
1678 1613 1873 1680 ἀρχαῖον

294 1690 558 1757 ἀναδρομῆς
584 1695 608 1744 ὁ
636 1693 805 1760 καιρὸς,
833 1694 907 1744 καὶ
942 1697 1023 1758 τῆς
1050 1697 1112 1747 εἷς
1138 1692 1263 1744 Θεὸν
1298 1693 1484 1759 ἀγάπης
1518 1692 1771 1764 ἀνάληψις,
1799 1693 1874 1745 διὰ

295 1774 499 1828 πίστεως
543 1774 722 1840 δηλαδὴ
763 1778 844 1839 τῆς
889 1779 950 1829 εἰς
993 1774 1220 1842 Χριστὸν,
1259 1774 1655 1843 πεπληροφόρηκε
1705 1775 1868 1828 πάλιν.

91 1863 148 1898 28
169 1863 220 1897 A·
259 1852 421 1906 a''E6ec
470 1855 563 1923 γὰρ
612 1857 700 1908 ε”δει
757 1857 862 1911 τοὺς
911 1862 1215 1926 προφητικῶν
1264 1856 1529 1920 μέλλοντας
1581 1856 1872 1910 ἀκούσεσθαι

293 1937 466 2004 λόγων,
495 1939 609 1990 ὅλον
636 1939 797 1990 εἰδέναι
823 1944 994 2008 σαφῶς
1018 1939 1072 1991 τὸ
1098 1939 1372 2005 μυστήριον,
1402 1942 1476 1990 καὶ
1507 1938 1611 1993 τοὺς
1639 1943 1722 2004 τῆς
1749 1941 1873 1994 θείας
1895 1969 1943 1994 20

291 2021 551 2083 οἰκονομίας
576 2021 640 2086 μὴ
668 2024 899 2087 ἀγνοῆσαι
925 2020 1137 2088 τρόπους.
1204 2022 1329 2073 ἔσται
1357 2023 1526 2080 τοίνυν,
1555 2024 1722 2091 φησὶν,
1753 2024 1790 2074 ἐν
1814 2022 1874 2093 Tc}

290 2190 364 2235 υἱοὶ
409 2187 519 2236 Θεοῦ
560 2185 728 2255 ζῶντος.
804 2183 857 2236 τὸ
896 2185 933 2236 ἐν
975 2185 1034 2254 τῷ
1076 2186 1209 2255 τόπῳ,
1244 2186 1294 2236 τί
1325 2184 1382 2236 ἂν
1421 2186 1645 2246 βούλοιτο
1685 2189 1874 2250 δηλοῦν,

291 2267 404 2335 φέρε
438 2266 650 2333 λέγωμεν
690 2269 907 2334 ἀκριβῶς.
983 2267 1212 2333 γεγόνασι
1250 2266 1334 2330 μὲν
1372 2266 1465 2333 γὰρ
1504 2271 1546 2318 οἱ
1585 2267 1637 2336 ἐξ
1671 2266 1874 2334 Ἰσραὴλ

293 2348 584 2417 αἰχμάλωτοι
621 2348 740 2400 κατὰ
778 2347 973 2416 καιροὺς,
1013 2352 1087 2400 καὶ
1123 2353 1184 2402 εἷς
1229 2348 1314 2413 τὴν
1357 2353 1452 2400 τῶν
1485 2350 1774 2416 Ἀσσυρίων,
1811 2351 1874 2404 ὡς
1894 2375 1942 2414 ²5

247 2431 424 2499 Ῑ>ἐ’φην,
451 2431 842 2496 ἀπεκομίσθησαν
867 2434 970 2497 γῆν.
1031 2430 1140 2482 ἀλλ’
1169 2431 1295 2496 ἦσαν
1327 2433 1420 2483 ἐκεῖ
1448 2432 1686 2486 κλαίοντες
1717 2455 1766 2484 τε
1796 2434 1874 2483 καὶ
1973 2427 1975 2437 ⁴

292 2512 620 2579 ἀνοιμώζοντες
659 2515 734 2565 καὶ
772 2515 1114 2580 ἀπρακτοῦντες
1157 2515 1262 2580 περὶ
1300 2513 1382 2564 τὸν
1416 2513 1575 2578 νόμον·
1622 2516 1696 2565 καὶ
1735 2520 1874 2566 τοῦτο

72 2586 238 2660 ἷξὲχήῐ,
291 2593 401 2657 ἡμῖν
443 2594 629 2661 ἐναργὲς
667 2596 807 2648 ἐποίει
850 2595 1004 2661 λέγων
1048 2596 1073 2646 ὁ
1113 2594 1336 2661 μακάριος
1382 2596 1557 2647 Δαυείδ
1601 2603 1627 2625 “
1643 2595 1753 2647 Ἐπὶ
1791 2595 1873 2648 τὸν

339 2715 371 2739 2.
398 2704 514 2750 αὐτῆς]
533 2713 568 2746 -ὶ-
585 2707 637 2740 καὶ
655 2706 746 2741 Edd.
764 2707 1044 2754 repugnantibus
1062 2707 1157 2742 B.D.
1252 2720 1286 2753 9.
1313 2707 1368 2753 οὗ]
1389 2704 1416 2755 ᾧ
1436 2708 1473 2742 F.
1516 2709 1629 2744 αὐτοῖς
1645 2720 1715 2742 om.
1730 2708 1778 2743 D.
1819 2710 1873 2743 καὶ

290 2750 385 2784 αὐτοὶ
411 2752 653 2798 κληθήσονται]
680 2754 736 2787 Sic
755 2754 847 2788 B.D.
867 2755 919 2788 καὶ
945 2755 1039 2789 αὐτοὶ
1059 2762 1140 2800 post
1162 2755 1389 2799 κληθήσονται
1410 2761 1541 2800 transf).
1560 2754 1652 2790 Edd.
1667 2755 1788 2800 (vat.)
1807 2756 1875 2790 ἐκεῖ

291 2797 479 2841 praemittit
497 2798 534 2832 F.
586 2799 666 2843 (ἐκεῖ
684 2801 910 2844 κληθήσονται
929 2803 1046 2845 Alex.)
1161 2813 1213 2836 ΙΙ.
1233 2803 1440 2846 τομωτάταις
1458 2802 1504 2835 D.
1616 2813 1669 2836 12.
1690 2801 1782 2847 ἧκεν]
1803 2803 1872 2846 ἥκει

293 2843 384 2877 Edd.
494 2856 548 2878 21.
575 2846 685 2879 τοίνυν
702 2859 772 2881 om.
791 2848 838 2882 D.
967 2860 1022 2891 24.
1047 2850 1112 2894 γὰρ
1131 2850 1161 2882 οἶ
1179 2849 1216 2894 ἐξ
1234 2850 1364 2894 Ισραὴλ
1382 2860 1451 2883 om.
1471 2848 1518 2882 D.
1631 2859 1686 2893 ²5·
1715 2849 1811 2883 Haec
1828 2849 1874 2884 ὡς

289 2890 378 2934 ἔφην
395 2898 575 2936 assumpta
592 2904 633 2925 ex
653 2893 698 2926 D.
835 2894 890 2929 26.
917 2910 952 2929 τε
969 2901 1191 2940 assumptum
1209 2908 1249 2930 ex
1269 2896 1362 2929 B.D.
1490 2905 1545 2939 27.
1571 2895 1808 2939 ἀνοιμώζοντες
1823 2896 1870 2930 D.

290 2936 403 2980 οἷμὼζ.
423 2937 514 2971 Edd.
568 2938 693 2972 Statim
717 2939 801 2975 haee
827 2943 880 2975 καὶ
904 2942 1148 2985 ἀπρακτοῦντες
1173 2946 1394 2978 accesserunt
1419 2954 1460 2976 ex
1490 2942 1534 2975 D.
1733 2943 1787 2977 28.
1813 2943 1872 2977 τὸν

289 2984 441 3025 ποταμὸν
459 2983 500 3017 Β.
524 2983 614 3018 Edd.
660 2989 725 3019 τῶν
742 2991 900 3030 ποταμῶν
919 2989 964 3022 D.
