2021 3434
118 213 334 257 v.10—15.
495 204 568 244 IN
614 203 1007 245 MICHAEAM.
1068 203 1221 245 TOM.
1253 203 1314 243 II.
1609 200 1691 240 689

115 311 208 379 γὰρ
234 313 258 362 ὁ
280 312 539 379 ἄνθρωπος,
564 318 755 377 μᾶλλον
778 313 827 365 δὲ
857 315 933 365 καὶ
968 312 1027 364 τὰ
1060 313 1231 372 πάντα,
1258 314 1333 364 καὶ
1364 309 1496 362 οὐδὲν
1521 307 1692 359 ἐκείνου

113 398 373 448 παντελῶς·
430 394 559 459 πλὴν
613 395 890 447 ἐσκυλεύετο
947 395 1076 462 παρὰ
1132 400 1226 446 τῶν
1282 389 1691 455 ὑπολελειμμένων

113 480 258 538 λαῶν,
284 477 499 528 τουτέστι
533 482 627 528 τῶν
653 480 702 529 ἐκ
737 483 820 529 τοῦ
846 479 1233 541 καταλείμματος,
1259 477 1334 527 ἵνα
1359 473 1506 526 πάλιν
1532 474 1691 539 ἐννοῇς

111 562 206 608 τῶν
241 558 557 624 εὐαγγελικῶν
583 559 924 623 θεσπισμάτων
959 558 1067 614 τοὺς
1101 558 1379 626 ἱερουργούς.
1440 555 1536 607 εἶτα
1573 553 1731 620 πρὸςα
1758 574 1842 609 443
1860 574 1909 608 Α.

68 655 90 695 5
112 638 278 694 αὐτοὺς
330 641 355 690 ὁ
402 641 632 709 ἐνισχύων
672 641 836 695 αὐτοὺς
886 643 961 692 καὶ
1007 640 1220 709 συνέχων
1267 639 1440 706 Κύριος
1479 635 1687 706 Ὗψωθή-

112 744 255 778 σεται,
284 723 448 790 φησὶν,
474 725 495 783 ἦ
528 725 622 793 χείρ
656 748 731 775 σου
758 726 830 775 ἐπὶ
859 721 954 778 τοὺς
987 721 1221 783 &Am-Bova&
1253 745 1319 780 σε,
1357 726 1433 772 καὶ
1468 719 1632 774 πάντες
1658 725 1691 770 οἱ

112 801 254 871 ἐχθροί
294 827 369 854 σου
414 803 836 875 ἑξολοθρευθήσοντοιι.
901 804 1166 868 νενικήκασι
1208 803 1320 870 γὰρ,
1361 805 1424 856 ὡς
1467 802 1598 869 ἔφην,
1644 801 1693 850 ἐν

110 887 328 954 Χριστῷ,
378 887 454 936 καὶ
505 888 715 949 ἀμείνους
759 887 885 952 ἦσαν
928 886 1119 950 ἁπάσης
1167 887 1434 948 ἐπιβουλῆς,
1476 884 1551 934 καὶ
1595 882 1686 932 διέ-

109 969 314 1035 λαμψαν
348 968 396 1017 ἐν
429 967 614 1038 κόσμῳ,
643 971 720 1020 καὶ
754 969 1108 1037 κατεκράτησαν
1142 970 1342 1036 ἐχθρῶν,
1372 970 1480 1035 Θεῷ
1512 988 1685 1016 κατακ-

37 1071 90 1106 ,30
108 1049 302 1112 τώμενοι
334 1049 438 1103 τοὺς
474 1050 801 1105 ἀπολωλότας.

113 1260 184 1303 Καὶ
218 1261 337 1303 ἔσται
369 1262 414 1303 ἐν
447 1261 589 1320 ὲκείνῌ
626 1266 677 1320 τῇ
717 1262 868 1320 ἡμέρᾳ,
907 1261 1020 1308 λέΓει
1060 1260 1222 1317 Κύριος,
1260 1258 1560 1315 ἑξολοθρεύσω
1590 1257 1688 1298 τοὺς
1712 1265 1759 1290 10

177 1345 333 1386 ἵππους
375 1360 449 1386 σου
488 1346 535 1387 ὲκ
577 1346 709 1395 μέσου
750 1360 824 1387 σου
875 1344 937 1386 καὶ
987 1344 1142 1385 ἀπολῶ
1180 1343 1230 1385 τὰ
1281 1342 1449 1400 ἅρματά
1492 1357 1579 1392 σου,
1624 1340 1686 1381 καὶ
1711 1350 1754 1375 11

176 1427 477 1485 ὲὲολοθρεύσω
523 1429 594 1470 τὰς
637 1428 786 1470 πόλεις
829 1433 902 1469 τῆς
943 1432 1014 1475 Γῆς
1057 1442 1131 1468 σου
1173 1425 1242 1467 καὶ
1277 1425 1422 1483 ὲὲαρώ
1458 1425 1599 1466 Πάντα
1636 1416 1734 1465 τὰῖ)

176 1510 432 1568 ὀχυρώματα
471 1526 559 1554 σου·
598 1512 667 1553 καὶ
705 1511 849 1568 ὲὲαρώ
883 1511 933 1552 τὰ
969 1510 1175 1567 φάρμακά
1216 1524 1290 1551 σου
1328 1509 1374 1550 ὲκ
1411 1507 1496 1549 τῶν
1533 1506 1687 1563 χειρῶν
1711 1516 1755 1541 12

44 1605 90 1645 15
176 1609 264 1646 600,
293 1594 362 1635 καὶ
389 1595 762 1651 ἁποφθεΠ-όμενοι
795 1594 870 1635 οὐκ
897 1594 1067 1635 ἔσονται
1099 1593 1144 1634 ἐν
1178 1592 1254 1635 σοί·
1297 1592 1366 1633 καὶ
1390 1591 1688 1647 ὲὲολοθρεύσω
1710 1603 1756 1639 13

175 1678 227 1719 τὰ
261 1679 421 1725 ΓλυΠτά
459 1693 532 1720 σου
561 1679 629 1719 καὶ
662 1679 738 1720 τὰς
771 1678 931 1720 στι-ιλάε
963 1692 1037 1719 σου
1074 1677 1121 1718 ὲκ
1158 1677 1288 1725 μέσου
1315 1691 1403 1727 σου,
1430 1675 1499 1716 καὶ
1524 1675 1600 1715 οὐκ
1625 1674 1689 1716 ἔτι

176 1762 224 1802 οὐ
251 1761 305 1810 μή
334 1763 642 1818 Προσκυνήσειο
675 1759 763 1803 τοῖς
800 1762 939 1818 &pl-010
975 1761 1061 1802 τῶν
1099 1760 1251 1817 χειρῶν
1290 1774 1376 1802 σου·
1418 1758 1485 1799 καὶ
1511 1757 1688 1808 ἐκκόψω
1711 1765 1757 1798 14

175 1845 227 1887 τὰ
253 1846 362 1887 ἄλσΗ
389 1846 437 1888 ἐκ
462 1847 592 1895 μέσου
620 1862 707 1898 600,
735 1846 803 1887 καὶ
840 1845 1015 1901 ἀφανιῶ
1040 1845 1115 1887 τὰς
1142 1845 1287 1886 πόλεις
1314 1858 1402 1894 σου,
1429 1842 1497 1883 καὶ
1521 1843 1689 1883 nou-'1600
1714 1850 1758 1889 15

174 1929 220 1971 ἐν
256 1929 361 1988 ὀρΓιξι
399 1930 467 1971 Καὶ
504 1931 548 1972 ὲν
587 1932 704 1984 θυμῷ
734 1930 949 1972 ἐκὸἰκΗσιν
987 1930 1032 1971 ὲν
1071 1926 1159 1971 τοῖς
1196 1929 1374 1979 ἔθνεσιν,
1401 1926 1485 1968 ἀνθ’
1518 1924 1579 1967 ὧν
1612 1926 1728 1967 οὐκΟ

43 2018 91 2045 20
176 2010 446 2055 εἰσήκουσαν.

180 2127 426 2180 Ἐπάνεισι
451 2128 598 2181 πάλιν
625 2131 650 2180 ὁ
675 2129 818 2195 λόγος
844 2130 917 2180 ἐπὶ
941 2127 999 2179 τὰ
1024 2126 1298 2194 σκυθρωπὰ,
1325 2128 1401 2177 καὶ
1433 2124 1689 2190 καταλήγει

105 2207 191 2273 μὲν
220 2211 332 2264 τέως
363 2215 457 2262 τῶν
486 2213 562 2263 ἐπὶ
596 2214 796 2280 Χριστῷ
830 2214 1064 2276 λαμπρῶν
1094 2212 1169 2260 καὶ
1195 2207 1503 2277 ἀξιαγάστων
1529 2210 1690 2273 διηγη-

106 2291 287 2355 μάτων,
334 2294 532 2360 συνείρει
576 2292 624 2344 δὲ
673 2291 834 2359 ὥσπερ
885 2297 979 2345 τοῖς
1029 2292 1184 2343 ὀπίσω
1227 2291 1373 2352 ταυτὶ,
1412 2292 1486 2340 καὶ
1535 2288 1594 2339 τὰ
1637 2289 1694 2358 ἐξ

107 2373 250 2440 ὀργῆς
293 2373 495 2439 ἐσόμενα
537 2378 687 2439 δηλοῖ.
755 2373 846 2442 ἔφη
888 2374 1042 2424 τοίνυν
1085 2372 1155 2423 ὅτι
1200 2379 1227 2401 “
1251 2374 1345 2423 Καὶ
1396 2369 1460 2422 σὺ
1509 2371 1689 2437 πύργος
1747 2380 1855 2455 Jvulga

43 2478 90 2517 25
108 2461 136 2484 “
161 2456 375 2519 ποιμνίου
409 2457 672 2524 αὐχμώδης,
699 2456 900 2522 θύγατερ
935 2454 1075 2517 Σιὼν,
1104 2457 1178 2506 ἐπὶ
1213 2453 1270 2505 σὲ
1309 2454 1422 2523 ἥξει,
1456 2456 1530 2504 καὶ
1569 2458 1687 2505 εἷσε-

158 2608 188 2632 1.
214 2597 312 2631 Haec
330 2598 382 2631 καὶ
398 2598 439 2632 τὰ
455 2598 563 2632 πάντα
580 2602 799 2631 accesserunt
816 2607 856 2629 ex
872 2595 916 2629 A.
960 2594 1083 2629 Statim
1103 2595 1155 2628 καὶ
1173 2606 1243 2628 om.
1260 2594 1302 2628 B.
1338 2594 1422 2628 Post
1439 2593 1510 2627 h.v.
1528 2593 1606 2627 οὐδὲ
1624 2605 1687 2638 pro

107 2645 204 2678 οὐδὲν
221 2644 314 2679 Edd.
503 2656 535 2690 3.
565 2644 661 2678 Haec
678 2643 833 2677 τουτέστι
850 2646 916 2676 τῶν
933 2642 968 2676 ἐκ
985 2644 1044 2676 τοῦ
1062 2641 1328 2684 καταλείμματος
1345 2647 1566 2675 accesserunt
1583 2652 1623 2674 ex
1642 2642 1685 2674 A.

108 2703 142 2737 9.
168 2692 221 2725 καὶ
238 2690 504 2736 κατεκράτησαν]
527 2689 804 2735 κεκεκρατήκασιν
822 2689 843 2723 i.
859 2701 888 2723 e.
908 2689 960 2722 καὶ
977 2687 1219 2732 κεκρατήκασιν
1235 2688 1280 2721 Α.
1500 2698 1551 2729 14.
1577 2687 1685 2731 ἐξαρῶ

108 2738 198 2772 Α.Β.
219 2737 339 2782 (Alex.
358 2738 464 2782 XII.)
483 2735 720 2783 ἐξολοθρεύσω
740 2735 830 2770 Edd.
851 2735 964 2779 (Vat.)
1014 2734 1066 2780 ἐκ]
1086 2735 1152 2768 ἀπὸ
1169 2735 1212 2768 A.
1479 2734 1531 2768 16.
1557 2735 1609 2768 καὶ
1627 2735 1686 2769 τὰς

48 2817 50 2819 ,
109 2785 238 2827 στηλάς
254 2799 319 2818 σου
336 2796 406 2818 om.
425 2785 470 2818 A.
718 2792 770 2827 17.
795 2783 833 2816 οὐ
850 2782 993 2816 accessit
1010 2793 1050 2815 ex
1069 2782 1159 2815 AB.
1179 2782 1250 2824 (22.
1269 2781 1328 2823 al.)
1375 2779 1623 2823 προσκυνήσεις
1640 2781 1684 2815 A.

110 2830 217 2875 (A.V.
237 2831 339 2875 XII.)
357 2829 596 2875 προσκυνήσῃς
615 2829 697 2863 B.F.
717 2829 808 2863 Edd.
828 2828 917 2871 (XII
937 2830 1124 2873 suprascr.)
1358 2838 1410 2872 19.
1436 2827 1470 2861 ἐν
1489 2827 1685 2861 Secundum

110 2884 330 2921 assumptum
347 2890 387 2911 ex
406 2878 449 2912 A.
468 2877 564 2911 deest
580 2877 615 2910 in
633 2875 725 2910 Edd.
745 2874 864 2921 (153.)
913 2875 947 2909 ἐν
963 2875 1105 2909 ‘certium
1123 2886 1193 2908 om.
1213 2874 1255 2908 A.
1458 2885 1511 2907 20.
1539 2876 1685 2917 ἤκουσαν

111 2936 174 2968 pro
191 2923 395 2967 εἰσήκουσαν
412 2925 455 2958 A.
471 2924 547 2968 (91,
565 2934 605 2967 31
617 2922 666 2965 Ι.)
867 2933 921 2956 21.
945 2920 1137 2966 Ἐπάνεισι]
1155 2920 1331 2964 Ἐπανήκει
1350 2920 1442 2954 Edd.
1459 2920 1576 2955 invitis
1594 2921 1684 2955 A.B.

114 2982 167 3015 23.
195 2973 328 3013 συνερεῖ
345 2984 407 3016 pro
433 2971 579 3015 συνείρει
596 2970 639 3003 A.
875 2979 929 3013 25.
958 2969 1154 3014 αὐχμώδους
1173 2967 1264 3002 Edd.
1283 2968 1399 3002 invitis
1417 2967 1546 3002 A.B.b.
1612 2967 1681 3012 καὶ]

117 3022 153 3058 —†-
175 3017 220 3051 εἷς
237 3018 278 3051 σὲ
296 3019 339 3052 Α.
357 3018 466 3052 invito
483 3017 519 3051 b.

171 3087 263 3115 VOL.
286 3088 315 3116 1.
857 3087 884 3124 4
904 3086 927 3112 T
