2021 3434
109 192 164 234 iv.
188 194 227 235 6.
714 205 789 245 IN
831 207 1066 251 IONAM.
1602 215 1683 255 595

109 304 157 354 τί
191 305 323 357 ἔσται
361 309 532 364 αὐτοῖς·
573 315 839 379 προσεδόκα
876 318 968 383 γὰρ
1006 318 1035 383 ἢ
1074 324 1324 372 πεσεῖσθαι
1361 320 1504 390 τυχὸν
1535 345 1679 374 κατα-

108 388 400 454 δονουμένην,
457 391 485 457 ἢ
548 399 1062 464 κατεμπρησθήσεσθαι
1123 405 1247 470 πυρὶ,
1303 403 1425 454 καθὰ
1487 407 1562 456 καὶ
1624 405 1683 457 τὰ

106 470 307 535 Σόδομα.
382 477 670 544 σχεδιάζεται
713 480 762 532 δὲ
808 480 929 537 οἶκος
967 485 1105 554 αὐτῷ,
1144 487 1219 536 καὶ
1263 484 1415 550 σκηνὴ
1456 485 1511 538 τὸ
1554 488 1675 555 δρώ-
1698 497 1724 538 b

101 575 241 615 μενον
278 553 350 618 ἦν.

58 779 80 818 5
104 763 178 806 Καὶ
220 770 480 824 Προσέταὲεν
516 772 665 831 Κύριος
702 777 724 818 ὁ
764 776 872 819 Θεὸς
909 780 1159 839 κολοκύνθῌ,
1197 781 1266 823 καὶ
1303 782 1431 832 ἀνὲβΗ
1467 784 1572 841 ὑπὲρ
1609 790 1716 826 κε-6

165 854 308 905 φαλι-ἳο
343 856 415 895 τοῦ
440 855 582 909 Ἰωνᾶ,
615 863 688 900 τοῦ
726 856 834 902 εἶναι
873 860 933 903 eie
971 865 1091 906 σκιὰν
1128 866 1329 923 ὑπεράνω
1365 870 1441 909 τῆς
1480 874 1673 925 κεφαλῆς

163 932 305 986 αὐτοῦ,
345 940 414 977 τοῦ
449 940 628 997 σκιάζειν
665 942 782 998 αὐτῷ
823 944 909 986 ἀπὸ
944 946 1030 988 τῶν
1070 947 1212 990 κακῶν
1250 948 1392 989 αὐτοῦ·
1438 950 1506 990 καὶ
1542 952 1671 1011 ἐχάρΗ

154 1015 306 1059 Ἰωνᾶς
331 1019 400 1062 ἐπὶ
426 1026 476 1079 τιξι
506 1025 742 1085 κολοκύνθῌ
768 1028 901 1085 χαρὰν
927 1029 1131 1077 μεΓάλΗν.

165 1140 461 1206 Προστάττει
502 1145 558 1210 δὴ
599 1147 746 1199 πάλιν
789 1154 847 1218 τῇ
894 1153 1121 1228 κολοκύνθῃ
1157 1156 1290 1221 Θεὸς,
1335 1160 1457 1212 καθὰ
1495 1164 1570 1213 καὶ
1604 1168 1671 1233 τῷ

27 1245 73 1271 10
90 1218 230 1284 κήτει,
284 1227 572 1282 κατανεύσας
616 1230 835 1293 δηλονότι
884 1235 960 1285 καὶ
1004 1236 1213 1302 θελήσας
1255 1240 1414 1305 μόνον.
1486 1245 1669 1313 ἀνίσχει

89 1301 137 1352 δὲ
167 1309 456 1373 παραχρῆμα
493 1310 617 1375 καλή
650 1335 700 1363 τε
738 1316 814 1365 καὶ
852 1316 1056 1382 εὐανθὴς,
1084 1322 1160 1371 καὶ
1193 1321 1311 1387 ὅλην
1338 1323 1469 1380 εὐθὺς
1500 1328 1661 1395 κατέῤ·
1685 1348 1707 1375 0

85 1385 204 1453 ῥεψε
238 1386 324 1451 τὴν
349 1390 546 1455 σκηνὴν,
576 1395 651 1444 καὶ
686 1393 783 1446 οἷον
821 1398 1004 1467 ἀλείφει
1041 1400 1160 1467 πρὸς
1197 1405 1418 1469 εὐθυμίαν
1452 1409 1502 1459 εὖ
1533 1409 1667 1473 μάλα

85 1468 480 1537 κατασκιάζουσα.
544 1476 693 1543 χαίρει
730 1477 779 1529 δὲ
812 1481 922 1530 λιάν
957 1482 981 1532 ὁ
1017 1484 1278 1553 Προφήτης
1312 1490 1381 1540 ἐπ’
1419 1491 1550 1559 αὐτῇ,
1590 1495 1666 1544 καὶ

83 1548 282 1614 γε’γηθεν
315 1554 503 1618 ἀληθῶς
535 1558 595 1610 ὡς
632 1559 706 1609 ἐπὶ
743 1560 939 1632 μεγάλῳ
970 1567 1056 1614 τινὶ
1096 1569 1170 1617 καὶ
1205 1568 1480 1641 ἀξιολήπτῳ
1511 1574 1665 1640 πράγ-

19 1652 65 1691 15
83 1654 210 1693 ματι.
272 1634 402 1701 ἄθρει
440 1636 497 1701 δὴ
535 1639 616 1689 οὖν
654 1642 901 1694 κάντεῦθεν
938 1648 1021 1709 τῆς
1058 1648 1254 1714 ἐνούσης
1298 1652 1423 1722 αὐτῷ
1463 1657 1664 1711 διανοίας

81 1712 167 1776 τὴν
192 1717 252 1767 εἷς
276 1717 523 1783 ἁπλότητα
547 1721 714 1787 ῥοπήν.
780 1724 991 1791 ἐλυπήθη
1022 1727 1106 1792 μὲν
1131 1729 1224 1797 γάρ
1249 1732 1408 1799 λύπην
1431 1737 1660 1802 μεγάλην,

81 1794 151 1845 ὅτι
174 1795 239 1861 μὴ
262 1799 514 1865 ἐκβέβηκεν
539 1806 601 1856 εἷς
630 1804 773 1871 πέρας
800 1808 924 1877 αὐτῷ
959 1808 1018 1860 τὰ
1053 1814 1134 1875 τῆς
1169 1817 1473 1884 προφητείας·
1515 1820 1659 1888 ἐχάρη

79 1874 127 1927 δὲ
152 1879 210 1928 αὖ
233 1880 385 1947 χαρὰν
408 1883 624 1949 μεγάλην
648 1888 723 1938 ἐπὶ
748 1888 942 1960 λαχάνῳ
968 1893 1043 1943 καὶ
1067 1892 1176 1964 πόᾳ.

152 1964 363 2020 Εὕκολος
397 1967 445 2018 δὲ
478 1970 587 2019 λίαν
613 1971 638 2021 ὁ
667 1971 838 2027 ἄκακος
863 1980 969 2030 νοῦς
993 1976 1112 2043 πρός
1143 2003 1193 2032 τε
1227 1981 1382 2037 λύπας
1408 1987 1481 2036 καὶ
1508 1990 1654 2053 θυμη-
1671 2001 1699 2043 d

12 2069 60 2095 20
78 2045 189 2099 δίας.
254 2045 364 2116 ὄψει
404 2049 452 2100 δὲ
490 2052 657 2118 ἀτρεκῆ
696 2053 778 2105 τὸν
814 2056 975 2122 λόγον,
1014 2065 1108 2115 τοῖς
1145 2067 1239 2113 τῶν
1277 2066 1453 2130 νηπίων
1490 2069 1656 2134 ἤθεσιν

76 2127 259 2193 ἐνορῶν,
294 2126 325 2180 ἃ
355 2133 695 2198 καταλγύνεται
732 2136 817 2200 μὲν
851 2140 920 2190 ἐπ’
948 2141 1095 2193 οὐδενὶ
1126 2146 1372 2210 πολλάκις,
1398 2152 1473 2200 καὶ
1505 2153 1655 2203 κλαίει

74 2209 182 2260 λίαν
215 2212 289 2261 ἐπὶ
321 2218 515 2278 μικροῖς·
559 2217 728 2282 γε’γηθε
760 2219 809 2270 δὲ
842 2222 912 2283 αὖ,
939 2225 1013 2274 καὶ
1047 2225 1223 2292 ἀθρόαν
1260 2235 1455 2282 ποιεῖται
1487 2231 1573 2297 τὴν
1603 2236 1653 2286 ἐκ

73 2295 156 2341 τοῦ
199 2297 452 2345 λυπεῖσθαι
495 2295 612 2362 πρὸς
649 2298 703 2350 τὸ
740 2301 916 2368 χαίρειν
951 2305 1259 2372 μετάστασιν,
1294 2313 1368 2362 ἐπὶ
1405 2319 1555 2383 μικρῷ
1593 2315 1650 2380 δὴ

72 2371 219 2424 πάλιν
252 2374 357 2425 ἔσθ’
383 2375 459 2427 ὅτε
496 2381 893 2446 καταθελγόμενα.
960 2386 1102 2455 ὅνπερ
1135 2389 1227 2457 γὰρ
1258 2393 1435 2459 τρόπον
1469 2397 1518 2446 ἐν
1554 2403 1650 2451 τοῖς

0 2462 54 2555 ’ή25
73 2456 378 2521 ἀνθρωπίνοις
411 2459 606 2521 σώμασι
641 2462 700 2513 τὰ
736 2464 802 2528 μὴ
840 2468 950 2518 λίαν
980 2470 1228 2534 εὐρωστεῖν
1259 2476 1452 2527 εἰωθότα
1491 2480 1649 2531 πίπτει

0 2583 1 2624 1

0 2625 2 2668 v

0 2710 3 2881 Ξ

1 2897 4 2976 ἔ

69 2537 250 2606 ῥᾳδίως,
276 2545 639 2606 προσωθοῦντος
662 2544 798 2610 τινὸς,
825 2548 910 2599 κᾶν
936 2555 973 2601 εἷ
1007 2551 1071 2616 μὴ
1100 2559 1238 2606 τοῦτο
1264 2555 1390 2626 δρῴη
1416 2566 1647 2626 νεανικῶς,

119 2737 148 2760 1.
173 2728 376 2772 προσεδόκει
394 2730 440 2765 D.
460 2731 552 2766 Edd.
696 2746 727 2770 2.
757 2737 864 2773 καθὼς
882 2738 973 2774 Edd.
1022 2742 1060 2775 τὸ
1077 2754 1140 2787 pro
1157 2744 1198 2778 τὰ
1216 2745 1263 2780 D.
1406 2759 1439 2793 3.
1465 2750 1566 2785 αὐτοῦ
1583 2752 1642 2787 iid.

69 2773 102 2806 6.
120 2776 179 2807 τοῦ
192 2775 288 2818 prius
301 2787 371 2811 om.
385 2777 422 2812 F.
437 2778 528 2813 Edd.
543 2779 684 2826 (Alex.)
733 2783 779 2818 εἷς
796 2792 1018 2830 assumptum
1036 2800 1077 2822 ex
1096 2789 1138 2823 B.
1155 2790 1252 2836 (42.)
1347 2805 1381 2838 9.
1400 2796 1580 2842 κολοκύντῃ
1594 2799 1641 2834 D.

69 2819 205 2865 (Alex.)
734 2840 786 2863 11.
814 2831 1003 2877 κατέῤῥεψε
1020 2835 1066 2869 D.
1085 2837 1277 2884 κατέῤῥαψε
1297 2839 1339 2874 Β.
1359 2842 1529 2888 κατήρεψε
1548 2845 1639 2880 Edd.

71 2876 123 2900 12.
149 2868 202 2901 καὶ
219 2875 439 2915 assumptum
457 2883 498 2905 ex
518 2872 559 2906 B.
608 2874 709 2909 ἶίλσει
726 2888 789 2920 pro
806 2877 941 2924 ἀλείφει
959 2880 1050 2916 Edd.
1298 2897 1350 2931 13.
1377 2890 1564 2932 σκιάζουσα
1580 2892 1640 2927 iid.

71 2922 122 2954 14.
147 2915 278 2959 μεγάλῃ
293 2941 300 2949 .
315 2942 322 2950 .
340 2943 346 2950 .
361 2943 368 2951 .
381 2919 502 2961 πράξει
520 2919 577 2954 iid.
724 2923 776 2956 16.
802 2925 867 2969 γὰρ
885 2934 1104 2972 assumptum
1124 2942 1165 2964 ex
1184 2931 1225 2965 Β.
1369 2945 1423 2970 20.
1451 2936 1575 2980 νηπίων
1592 2939 1638 2974 D.

67 2957 158 2993 Edd.
178 2965 302 3004 νηκτῶν
321 2962 361 2998 Β.
379 2976 419 2999 ex
439 2976 525 3000 corr.
705 2979 759 3013 23.
784 2972 1008 3019 μετάστασιν]
1028 2975 1220 3013 ἀπόστασιν
1240 2979 1280 3014 Β.
1460 2994 1514 3026 24.
1539 2999 1638 3020 κατα-

2 3015 5 3055 ζ
66 3005 270 3051 θελγόμενον
288 3008 330 3044 Β.

815 3086 935 3124 4G2
