2021 3434
278 176 358 213 170
670 178 713 216 B.
759 178 1033 217 CYRILLI
1075 178 1455 218 ALEXANDR.
1707 174 1790 215 viii.
1814 187 1852 224 4.

278 293 303 314 “
330 286 486 355 δούλῳ
527 290 657 338 σου.”
723 290 770 339 τί
812 290 893 340 οὖν
935 291 1154 355 ἐροῦμεν,
1199 291 1439 357 ψευδοεπῆ
1479 286 1562 338 τὸν
1597 290 1692 337 τῶν
1730 285 1856 336 ὅλων

279 366 431 428 Θεόν;
471 368 536 431 μὴ
570 368 765 434 γένοιτο·
808 371 1139 438 τετραψόμεθα
1173 371 1221 421 δὲ
1258 375 1450 433 μᾶλλον
1486 371 1561 420 ἐπὶ
1598 367 1652 419 τὸ
1690 370 1856 434 χρῆναι

58 459 162 531 ἷζίῑῃὲὃ
280 454 468 516 φρονεῖν
506 451 668 516 ὀρθῶς,
706 459 1024 516 περινοοῦντες
1063 454 1217 504 ἐκεῖνο.
1288 473 1548 518 γεγραπται
1585 449 1690 516 γάρ,
1725 448 1857 513 “Μή

96 526 101 532 ’
144 525 152 532 ’
278 537 304 558 “
331 530 465 581 ε”σται
491 554 627 582 κακια
658 534 707 584 ἐν
736 532 885 596 πόλει,
912 533 969 598 ἢν
997 534 1170 601 Κύριος
1201 535 1284 585 οὐκ
1317 534 1537 597 ε’ποιήσε·
1527 574 1538 593 ,
1608 532 1772 583 κακίαν
1810 530 1859 581 δὲ

276 613 402 677 λεγει
425 612 511 677 τὴν
536 614 758 669 κάκωσιν.
823 616 880 667 τὰ
911 615 995 680 μὲν
1028 616 1121 683 γὰρ
1149 621 1243 667 τῶν
1273 615 1568 682 πραγμάτων
1593 612 1731 667 αὐτος
1757 614 1854 664 κατ’
1877 627 1900 665 5

54 703 128 737 119
151 703 199 737 Α-
239 713 259 736 a
278 695 395 744 ἰδίαν
444 695 680 763 ἐργάζεται
731 698 939 764 γνώμην,
993 698 1053 749 τὰ
1109 697 1156 749 δὲ
1213 701 1288 749 καὶ
1343 698 1557 764 γίνεσθαι
1606 700 1858 763 συγχωρεῖ,

275 774 486 842 κολάζων
535 778 676 842 τινὰς,
721 778 808 831 κᾶν
850 784 887 831 εὶ
931 779 1183 846 πράττοιτο
1224 803 1323 833 πως
1375 778 1665 843 ἀνεθελήτως
1715 779 1858 847 αὐτῷ.

274 858 428 922 ἐπειδὴ
471 859 518 910 δὲ
554 861 751 912 κωλύειν
789 862 1051 925 δυνάμενος,
1086 862 1252 930 ἐφίησί
1283 885 1326 913 τι
1364 863 1440 912 καὶ
1477 862 1693 925 γίνεσθαι
1727 868 1854 911 πολ-

276 939 410 994 λάκις
444 945 755 1006 οἰκονομικῶς,
795 947 855 998 ὡς
891 944 1027 998 αὐτὸς
1071 944 1294 1012 ὑπάρχων
1331 943 1528 1010 ἐργάτης
1568 966 1641 994 και
1679 943 1858 994 τούτων

278 1023 483 1087 λέγεται.
550 1024 659 1076 οἱον·
695 1025 764 1077 ἐπ’
802 1026 942 1078 αὐτον
983 1026 1076 1094 γὰρ
1114 1027 1202 1091 ἠδη
1238 1050 1320 1078 τον
1358 1030 1621 1088 Σολομῶνα
1659 1025 1852 1086 βαδιού-
1881 1047 1928 1071 10

276 1109 412 1166 μεθα·
456 1106 622 1158 δεδωκε
655 1108 737 1169 μὲν
764 1108 857 1175 γὰρ
881 1111 1006 1179 αὐτῷ
1031 1133 1113 1160 τον
1139 1111 1188 1160 ἐκ
1221 1110 1367 1160 λιθων
1398 1110 1446 1159 ἐν
1471 1113 1566 1161 τοῖς
1592 1107 1858 1175 Ιεροσολύ-

275 1210 379 1249 μοις
411 1190 750 1251 ἀναδείμασθαι
783 1190 906 1253 ναὸν,
933 1190 1091 1260 σοφὸν
1124 1191 1352 1253 ἀπετέλει,
1379 1193 1453 1242 καὶ
1487 1192 1557 1241 ἐπ’
1586 1191 1858 1260 ἀσυγκρίτῳ

275 1269 465 1321 συνέσει
509 1274 749 1338 διαπρεπῆ·
799 1273 936 1339 ἔργον
981 1279 1119 1324 τοῦτο
1160 1277 1242 1338 τῆς
1281 1275 1421 1324 αὐτοῦ
1463 1272 1666 1338 γνώμης.
1730 1296 1852 1339 συγ-

276 1350 536 1419 κεχώρηκεν
561 1354 702 1405 αὑτοῦ
727 1356 925 1421 ῥαγῆναι
955 1354 1040 1419 τὴν
1073 1355 1336 1418 βασιλείαν,
1362 1356 1443 1406 οὐκ
1471 1354 1608 1408 αὐτὸς
1634 1359 1696 1409 εἷς
1722 1360 1858 1405 τοῦτο

231 1443 257 1483 b
277 1433 395 1484 κατὰ
421 1434 611 1499 γνώμην
638 1437 756 1486 ἰδίαν
788 1437 1039 1504 ἀποφέρων
1073 1437 1132 1488 τὰ
1165 1436 1436 1503 πράγματα,
1462 1441 1657 1488 σιωπῶν
1682 1436 1730 1487 δὲ
1753 1434 1853 1486 ὥσ·
1881 1456 1926 1494 15

275 1539 377 1581 περ,
399 1519 472 1566 καὶ
498 1518 571 1567 ε’πὶ
597 1522 692 1571 τοῖς
712 1518 1006 1582 ἀβουλήτοις,
1028 1518 1103 1569 διὰ
1122 1518 1206 1583 τὴν
1226 1517 1342 1585 πρὸς
1363 1517 1503 1569 αὐτὸν
1522 1517 1857 1584 ἀγανάκτησιν.

276 1598 442 1647 οὐκοῦν
477 1602 513 1648 εἷ
548 1602 624 1649 καὶ
657 1599 999 1659 βεβασίλευκεν
1023 1600 1284 1666 Ἱεροβοάμ,
1317 1603 1392 1651 καὶ
1427 1604 1467 1651 οἱ
1507 1601 1720 1670 καθεξῆς,
1746 1602 1856 1652 ἀλλ’

275 1682 378 1747 οὐχὶ
413 1680 469 1744 δὴ
506 1680 694 1735 πάντως
738 1686 862 1734 Θεοῦ
903 1682 1223 1737 συννεύοντος.
1291 1682 1351 1733 τὰ
1385 1682 1478 1749 γὰρ
1508 1683 1564 1752 ἐξ
1599 1685 1743 1750 ὀργῆς
1777 1687 1860 1746 τῆς

274 1760 392 1828 πρός
425 1785 553 1817 τινας
588 1766 650 1817 ὡς
684 1765 732 1815 ἐν
765 1764 961 1816 κολάσει
997 1766 1335 1828 συμβαίνοντα,
1362 1764 1536 1831 τρόπον
1568 1766 1723 1832 ἕτερον
1755 1766 1860 1834 ἔχει,

276 1846 351 1894 καὶ
385 1845 468 1895 οὐκ
504 1844 561 1895 ἂν
596 1851 746 1897 νοοῖτο
780 1853 972 1898 τοιαῦτα
1005 1846 1161 1915 τυχὸν,
1188 1846 1326 1899 ὁποῖά
1355 1871 1443 1914 περ
1475 1847 1532 1898 ἂν
1563 1848 1630 1913 εἵη
1655 1848 1713 1900 τὰ
1742 1848 1860 1900 κατὰ
1880 1872 1928 1895 20

274 1925 512 1990 βούλησιν
537 1929 741 1992 ἀληθῶς.
811 1929 979 1984 ἑαυτοῖς
1016 1935 1263 1995 τοιγαροῦν
1296 1930 1682 1994 βεβασιλεύκασι,
1710 1938 1788 1982 καὶ
1816 1935 1859 1983 οὐ

277 2005 328 2058 δι’
366 2010 483 2075 ἐμοῦ.
550 2009 705 2074 ἐπειδὴ
741 2010 789 2062 δὲ
830 2007 968 2081 ἧρξαν,
1000 2014 1248 2080 μονονουχὶ
1285 2011 1401 2077 μηδὲ
1436 2012 1691 2078 ἐγνωκότος
1716 2017 1855 2065 Θεοῦ·

238 2116 258 2142 e
276 2089 329 2140 τὸ
356 2090 449 2157 γὰρ
475 2091 605 2157 παρὰ
631 2092 823 2158 γνώμην
851 2093 955 2145 οὐδὲ
981 2093 1143 2145 εἰδέναι
1163 2098 1301 2146 δοκεῖ·
1344 2094 1536 2160 γε’γονεν
1555 2095 1758 2160 ἀσθενὴς
1784 2098 1859 2146 καὶ

276 2173 510 2228 εὐάλωτος
535 2175 562 2239 ἡ
590 2174 724 2243 ἀρχὴ,
751 2179 825 2227 καὶ
860 2177 1085 2231 ἀνικάνως
1115 2177 1292 2246 ε”χουσα
1317 2175 1436 2243 πρὸς
1462 2179 1756 2241 ἀντίστασιν,
1785 2181 1860 2229 καὶ

58 2278 154 2307 Prov.
277 2255 521 2322 διασώζειν
560 2259 647 2325 οὐχ
686 2256 759 2309 οἶά
789 2281 838 2309 τε
865 2257 971 2313 τοὺς
999 2259 1371 2326 ὑπεζευγμένους.
1441 2268 1467 2290 “
1487 2261 1562 2311 Δι’
1591 2261 1732 2312 αὐτοῦ
1766 2259 1858 2326 γὰρ
1880 2283 1928 2322 25

55 2332 111 2395 x{16¹¹
116 2345 122 2351 ’
146 2332 191 2361 ¹³²
277 2346 304 2367 ‘⁴
321 2343 538 2399 βασιλεῖς
557 2340 886 2403 βασιλεύουσι,
907 2343 982 2392 καὶ
1007 2341 1223 2408 τύραννοι
1249 2341 1304 2392 δι’
1324 2343 1465 2393 αὐτοῦ
1485 2348 1712 2408 κρατοῦσι
1730 2343 1857 2409 γῆς.”

277 2419 347 2471 ὅτι
390 2421 438 2472 δὲ
475 2421 666 2486 πολλὴν
704 2424 777 2474 ἐπὶ
822 2423 972 2493 τούτῳ
1011 2429 1238 2475 νοσοῦσιν
1281 2426 1614 2489 ἀναισθησίαν,
1651 2427 1726 2477 καὶ
1764 2430 1860 2479 τοῖς

275 2505 453 2553 δοθεῖσι
487 2503 616 2571 παρὰ
648 2509 772 2557 Θεοῦ
808 2504 927 2572 πρὸς
966 2504 1051 2570 τὴν
1090 2507 1187 2557 κατ’
1217 2508 1358 2558 αὐτοῦ
1387 2506 1544 2573 λύπην
1578 2507 1860 2576 ἐχρήσαντο,

276 2589 465 2647 μᾶλλον
504 2586 552 2637 δὲ
592 2589 668 2638 καὶ
706 2590 767 2641 εἷς
805 2589 1004 2655 ὄλεθρον
1041 2593 1136 2639 τῶν
1171 2590 1297 2640 ἰδίων
1331 2592 1518 2657 ψυχῶν,
1550 2590 1759 2660 ἐδίδαξεν
1791 2595 1856 2642 εὶ-

276 2665 392 2716 πών·
466 2667 511 2720 τό
564 2669 753 2739 ἀργύριον
804 2670 942 2722 αὐτῶν
995 2674 1074 2722 κα)
1120 2671 1165 2723 τὶ
1218 2674 1390 2742 χρυσίον
1441 2673 1648 2733 ἐποίησαν
1693 2673 1859 2728 ἑαυτοῖς
1881 2700 1931 2736 30

233 2744 602 2811 (1εἴδωλοι,’όπως
640 2751 992 2822 ἐξολοθρευθῶο-ιν.
1048 2752 1155 2804 ὅθεν
1180 2753 1273 2820 γὰρ
1307 2751 1365 2817 ἧν
1406 2754 1571 2809 αὐτοὺς
1606 2754 1861 2820 εὐδοκιμεῖν

329 2891 357 2914 1
384 2883 557 2927 ψευδοεπῆ
576 2886 633 2919 τὸν
650 2889 716 2920 τῶν
733 2887 822 2921 ὅλων
839 2890 925 2922 Θεόν
936 2887 965 2933 3]
992 2889 1201 2934 ψευδοεπεῖ;
1230 2889 1277 2923 D.
1493 2901 1527 2936 3.
1552 2890 1618 2936 γὰρ
1636 2898 1859 2936 assumptum

277 2938 318 2960 ex
338 2927 384 2961 D.
536 2944 568 2972 4.
594 2933 690 2966 ἕσται
711 2933 756 2967 D.
775 2935 849 2968 ἐστι
870 2934 960 2969 Edd.
1120 2937 1172 2969 18.
1199 2936 1238 2979 δὴ
1258 2936 1303 2970 D.
1323 2936 1360 2969 δὲ
1380 2936 1470 2972 Edd.
1615 2937 1671 2972 26.
1700 2938 1796 2973 Haec
1814 2937 1857 2972 δι’

277 2974 378 3007 αυτοῦ
396 2985 614 3011 accesserunt
632 2991 672 3012 ex
693 2980 737 3013 D.
928 2993 984 3025 31.
1011 2982 1147 3027 αὐτοὺς]
1168 2983 1278 3018 αὐτοῖς
1295 2983 1329 3017 b.
