2021 3434
334 171 417 209 432
723 172 772 211 B.
816 170 1092 211 CYRILLI
1133 169 1512 209 ALEXANDR.
1752 167 1809 207 iii.
1836 179 1899 208 12.

332 277 360 340 ἡ
411 277 553 344 χώρα,
604 277 922 328 καταθεόντων
977 276 1133 341 αὐτὴν,
1185 279 1245 331 ὡς
1300 277 1432 344 ἔφην,
1482 281 1575 327 τῶν
1635 280 1902 344 λῃστρικῶν

333 358 747 424 συγκροτημάτων.
814 358 918 410 τότε
958 359 1050 426 γάρ
1094 384 1169 410 σου
1216 359 1474 428 κατάξουσι
1516 357 1583 418 τὴν
1630 357 1766 421 ἱσχῖιν,
1801 359 1903 408 ἀντὶ

333 446 428 502 τοῦ,
479 446 616 492 πᾶσα
665 443 855 505 δύναμίς
904 465 996 492 σου
1045 440 1465 507 συνθραυθήσεται,
1516 438 1659 505 μόνον
1701 439 1749 490 δὲ
1799 440 1902 506 οὐχὶ
1950 459 1952 462 ·

332 524 408 573 καὶ
454 522 672 587 ἀτονήσει
722 524 1131 589 συγκεκλασμένη.
1198 524 1375 585 οὐκοῦν,
1425 527 1462 573 εἰ
1513 523 1643 587 λέγοι
1691 519 1834 588 τυχὸν
1875 520 1903 584 ἡ

332 609 425 655 τῶν
465 606 704 671 Ἑβραίων
745 606 926 660 ἕκδοσις
967 606 1315 671 Ἀπαγγείλατε
1359 605 1530 672 χώραις
1573 605 1622 655 ἐν
1655 603 1902 670 Ἀζωτίοις,
1924 624 1946 664 5

333 689 408 738 καὶ
453 691 490 738 εἱ
537 688 634 755 ε”χοι
676 688 822 739 πάλιν
871 689 899 752 ἡ
949 692 1044 738 τῶν
1094 686 1414 750 ἑβδομήκοντα
1459 687 1513 737 τὸ
1565 687 1601 737 ἐν
1649 688 1903 755 Ἀσσυρίοις,

332 769 585 834 ἀληθεύσει
630 771 727 821 κατ’
769 771 913 838 ἄμφω
953 769 1006 821 τὸ
1051 769 1303 836 εἰρημένον.
1370 767 1638 834 διήρπασαν
1685 766 1779 833 γὰρ
1823 767 1905 817 οὐκ

289 852 544 920 1)Ἀο·σῦριοι
589 852 745 916 μόνον,
790 851 920 903 ἀλλὰ
969 851 1060 918 γὰρ
1105 855 1178 902 καὶ
1225 849 1366 918 Σύροι
1410 853 1486 901 καὶ
1527 849 1738 915 Ἀζώτιοι
1787 846 1906 899 κατὰ

334 933 523 1000 πληθὺν
570 935 872 1003 ἐκτρέχοντες,
923 936 996 985 καὶ
1046 932 1204 1003 τρόπῳ
1253 932 1475 1001 λῃστείας
1524 934 1783 985 ἀδικοῦντες
1823 928 1906 981 τὸν

333 1015 551 1084 Ἰσραήλ.
1927 1036 1974 1062 10
2019 1031 2021 1055 3

269 1228 313 1253 12
335 1202 449 1243 Τάδε
487 1203 596 1250 λέγει
633 1202 780 1259 Κύριος
809 1202 888 1243 ‘'Ov
925 1202 1083 1258 τρόπον
1121 1203 1221 1243 ὅταν
1259 1201 1449 1257 ἐκσπάσῌ
1483 1199 1505 1242 ὁ
1543 1199 1700 1247 Ποιμήν
1733 1197 1780 1239 ὲκ
1813 1199 1908 1241 στό-

401 1300 534 1334 ματος
575 1288 648 1327 τοῦ
680 1286 851 1326 λέοντος
891 1285 964 1327 δύο
1007 1287 1134 1328 σκέλΗ
1176 1285 1199 1326 ἦ
1239 1284 1362 1334 λοβὸν
1401 1283 1542 1334 ὠτίου,
1577 1284 1714 1324 οὕτως
1750 1281 1908 1324 ἐκσπα-

402 1370 628 1410 σθιίσονται
686 1367 724 1409 οἷ
783 1367 863 1409 υἱοὶ
904 1368 1079 1425 Ἰσραὴλ
1139 1367 1176 1409 οἰ
1237 1370 1527 1409 κατοικοῦντες
1583 1366 1626 1407 ἐν
1686 1364 1907 1423 Σαμαρείᾳ

403 1453 622 1493 κατέναντι
659 1457 795 1507 φυλῆς
833 1453 901 1493 καὶ
937 1453 980 1493 ὲν
1016 1452 1245 1506 Δαμασκῷ.

406 1557 645 1625 Ἐπιτήρει
688 1560 917 1625 πανταχῆ,
957 1560 1030 1608 καὶ
1074 1556 1266 1624 σφόδρα
1308 1556 1564 1620 θαυμάσεις
1604 1560 1686 1621 τῆς
1722 1562 1908 1625 προφη-
1931 1577 1974 1617 15

333 1642 455 1694 τείας
503 1640 588 1705 τὴν
638 1643 795 1709 νῆψιν.
878 1639 1028 1704 ἐπειδὴ
1080 1663 1171 1706 γαρ
1220 1641 1302 1690 οὐκ
1348 1639 1550 1690 εἷσάπαν
1595 1634 1845 1690 ἀπόλωλεν
1883 1640 1908 1690 ὁ

1028 1729 1054 1752 66

113 1729 166 1760 Es·
187 1739 216 1759 Χ·
333 1722 548 1790 Ἰσραὴλ,
610 1723 855 1773 σέσωσται
916 1723 964 1774 δε
1075 1745 1127 1773 το
1178 1720 1502 1786 κατάλειμμα”
1554 1720 1672 1772 κατά
1720 1744 1773 1786 γε
1825 1721 1910 1786 τὴν

115 1783 165 1804 22·

295 1807 540 1859 ο“Ησα“ιόυ
581 1806 756 1875 φωνὴν,
798 1808 873 1858 ἵνα
913 1806 977 1871 μὴ
1016 1807 1169 1871 δοκοίη
1207 1810 1482 1875 ψευδοεπεῖν
1520 1806 1547 1870 ἡ
1586 1804 1910 1870 αὐτοαλήθεια,

336 1890 635 1958 συνεισφέρει
668 1889 855 1944 πάντως
887 1895 986 1943 ταῖς
1020 1889 1394 1956 προαγορεύσεσι
1428 1893 1522 1940 τῶν
1559 1893 1713 1939 κακῶν
1745 1886 1827 1940 τὸν
1857 1888 1915 1958 ἐξ

334 1971 614 2040 ἡμερότητος
645 1972 789 2023 ἔλεον.
859 1969 1020 2038 ὥσπερ
1045 1972 1212 2034 τοίνυν,
1240 1973 1375 2039 φησὶ,
1402 1971 1703 2038 κορεσθέντος
1728 1971 1909 2035 λέοντος,
1929 1999 1974 2026 20

336 2057 409 2106 καὶ
450 2054 504 2106 τὸ
550 2054 734 2123 ληφθὲν
777 2053 988 2123 εἰσάπαξ
1023 2052 1380 2119 κατεδηδοκότος
1417 2053 1546 2124 ζῷον,
1591 2054 1732 2119 ὀλίγα
1772 2053 1911 2117 μόλις

335 2138 562 2206 ἀπομείνῃ
595 2138 815 2206 λείψανα,
850 2135 920 2188 δύο
958 2136 1096 2197 ο-κέλη
1129 2134 1272 2203 τυχὸν
1306 2134 1334 2200 ἢ
1376 2138 1451 2186 καὶ
1489 2138 1608 2187 ὠτίου
1645 2136 1796 2202 μέρος,
1835 2137 1910 2186 καὶ

336 2225 484 2271 ταῦτα
523 2218 744 2273 κλάοντες
785 2223 827 2270 οἱ
868 2221 1063 2286 βοτῆρες
1102 2219 1438 2284 συλλέγουσιν·
1493 2219 1612 2269 οὕτω
1663 2217 1910 2283 γενήσεται

336 2307 431 2356 τοῖς
465 2305 567 2357 υἱοῖς
604 2301 782 2367 Ἰσραὴλ
817 2306 912 2356 τοῖς
951 2302 988 2353 ἐν
1027 2303 1262 2372 Σαμαρειά
1296 2302 1370 2352 καὶ
1409 2305 1503 2355 τοῖς
1541 2306 1835 2352 κατοικοῦσιν
1873 2300 1910 2352 ἓν

290 2390 605 2455 ἂΔαμασκῷ,
644 2388 738 2438 τοῖς
781 2383 1004 2435 κατέναντι
1049 2382 1208 2453 φυλῆς,
1249 2382 1464 2434 τουτέστι
1507 2387 1602 2436 τοῖς
1639 2381 1785 2450 ἐχθρὰ
1820 2405 1903 2434 πε·
1929 2406 1972 2447 ²5

387 2522 416 2546 Ι.
441 2510 543 2555 αὐτὴν
559 2509 601 2545 Α.
619 2510 654 2545 b.
673 2510 773 2554 αὐτῆς
791 2510 832 2544 Β.
853 2509 944 2544 Edd.
995 2509 1119 2544 Stat1m
1137 2509 1254 2543 haec‘
1238 2524 1282 2544 ως
1298 2509 1384 2554 εφην
1401 2514 1581 2553 assumpta
1597 2520 1639 2543 ex
1657 2509 1700 2542 A.
1707 2508 1746 2542 Β.
1762 2508 1797 2543 b.
1845 2512 1911 2543 τῶν

337 2560 529 2603 λῃστρικῶν
546 2558 853 2603 συγκροτημάτων
841 2557 885 2591 Α.
889 2555 1775 2602 1).συγκρ.λῃστρ.Ε(1(1.3.συνθραυσθὴσεται
1788 2555 1823 2590 b.
1873 2555 1910 2590 δὲ

337 2611 557 2650 assumptum
575 2617 615 2638 ex
632 2607 673 2638 A.
679 2604 719 2638 B.
833 2617 866 2647 4
891 2603 1026 2649 λέγοιτο
1045 2605 1088 2637 A.
1217 2604 1249 2637 6.
1276 2603 1315 2648 ἔχ
1319 2617 1347 2637 ει
1364 2601 1455 2637 Edd.
1475 2602 1750 2647 repugnantibus
1769 2603 1811 2636 A.
1818 2602 1859 2637 B.
1873 2602 1908 2637 b.

336 2652 375 2686 τὸ
392 2663 460 2686 om.
481 2652 524 2685 Α.
537 2651 572 2686 b.
621 2651 820 2696 Ἀσσυρίοις
837 2653 880 2685 Α.
886 2651 926 2685 Β.
939 2651 974 2685 b.
990 2650 1160 2694 Ἀσσυρίᾳ
1178 2649 1268 2684 Edd.
1392 2658 1422 2694 7.
1448 2649 1625 2695 ἀμφότερα
1642 2649 1677 2683 b.
1784 2649 1818 2683 8.
1842 2650 1908 2695 γὰρ

337 2705 556 2751 gssppaptum
575 2710 616 2733 ex
632 2699 675 2732 A.
690 2698 725 2733 b.
871 2709 923 2732 11.
949 2699 967 2731 ὁ
985 2709 1053 2732 om.
1074 2698 1111 2731 F.
1105 2665 1221 2731 pEdd.
1234 2696 1309 2741 (86.
1314 2696 1331 2741 )
1461 2707 1513 2730 12.
1538 2710 1600 2749 του
1616 2708 1687 2748 0131.
1705 2695 1742 2730 F.
1761 2696 1832 2740 (22.
1849 2696 1908 2739 al.)

339 2745 608 2843 ᾆῗῖηζῗιξῖρῗέη]
632 2796 669 2833 ÷
689 2793 746 2835 τῆς
765 2790 855 2825 Edd.
875 2791 963 2836 (vat
967 2744 1434 2835 ¹)31'n‘3‘1tss‘ffffssump‘um
1451 2755 1492 2777 ex
1510 2741 1907 2846 Αἰἓᾞὶῗαζξῗὲἷ

338 2839 455 2872 invitis
473 2839 564 2873 A.B.
801 2846 852 2883 17.
871 2853 911 2883 γε
928 2850 997 2872 om.
1017 2838 1060 2872 A.
1317 2837 1369 2871 18.
1389 2836 1517 2870 δοκοῖεν
1534 2836 1577 2870 Α.
1627 2835 1772 2880 αὖτοαλὴ
1775 2836 1846 2870 θεια
1864 2835 1906 2870 Β.

338 2884 478 2927 ἀλήθεια
495 2887 538 2919 A.
553 2885 645 2919 Edd.
814 2895 867 2930 19.
893 2884 1154 2930 συνεισφέρεται
1171 2884 1215 2918 A.
1266 2884 1391 2918 Statim
1407 2884 1472 2929 γὰρ
1452 2883 1570 2929 padd.
1574 2882 1664 2917 Edd.
1682 2883 1799 2917 invitis
1816 2883 1859 2916 A.
1866 2882 1907 2916 Β.

343 2941 395 2964 21.
420 2930 510 2976 ἅπαξ
528 2932 570 2966 Α.
809 2943 864 2966 22.
890 2931 1048 2976 ἀπομεὶνῃ
1066 2931 1110 2966 Α.
1127 2930 1283 2975 ἀπομενει
1302 2930 1392 2964 Edd.
1606 2941 1660 2975 23.
1687 2931 1844 2966 κλάοντες
1863 2929 1906 2963 Α.

339 2977 508 3013 κλαίοντες
526 2977 616 3012 Edd.
665 2979 827 3023 Βουτῆρες
845 2979 888 3012 A.
1090 2989 1144 3020 25.
1171 2979 1241 3013 τοῖς
1258 2977 1352 3022 prius
1371 2989 1441 3012 om.
1459 2977 1502 3011 A.
1553 2995 1555 2998 ⁴
