2021 3434
38 408 145 448 Supra

41 459 78 491 72
96 462 124 488 a,
141 450 172 480 b.

260 156 344 196 302
652 157 700 197 B.
744 155 1021 196 CYRILLI
1063 156 1445 197 ALEXANDR.
1654 157 1679 198 i.
1704 172 1743 211 9,
1770 171 1833 198 10.

260 270 303 316 οἱ
344 267 466 328 λαοὶ,
509 263 613 316 τότε
654 263 710 329 δὴ
750 263 855 316 τότε
896 267 1047 334 φησὶν
1088 268 1131 316 οἱ
1172 269 1266 315 τῶν
1309 264 1444 316 θείων
1487 264 1835 330 θυσιαστηρίων

221 350 487 413 θὶερουργοὶ
528 347 766 415 λήψονται
805 351 872 415 τῷ
909 351 1016 416 Θεῷ
1052 346 1135 401 τὰς
1170 348 1344 397 ἑαυτῶν
1378 344 1539 415 ψυχὰς
1576 345 1686 411 ὑπὲρ
1724 347 1834 397 ἐκεί-

260 452 365 481 νων.
422 429 475 480 τὸ
501 428 549 480 δὲ
574 429 817 497 λήψονταί
851 434 1014 498 φησιν,
1049 431 1151 480 ἀντὶ
1186 434 1269 480 τοῦ
1293 433 1667 495 προσκομιοῦσιν
1691 427 1836 493 ἠ’γουν

258 510 568 575 ἀναθήσουσι.
650 511 982 576 λαμβάνεσθαι
1032 511 1125 578 γὰρ
1176 511 1362 577 ἐλέγετο
1409 509 1463 562 τὸ
1515 509 1837 573 ἀνατιθεμενον

257 597 324 663 τῷ
355 597 475 663 Θεῷ.
1856 621 1876 658 5

332 679 398 729 Τί
422 677 470 729 δὲ
504 680 579 729 καὶ
603 679 631 743 ἡ
657 677 901 746 πρόφασις
927 683 1010 730 τοῦ
1037 676 1215 731 πένθους
1244 678 1428 738 αὐτοῖςς
1473 676 1837 746 τεταλαιπῶρηκε

256 760 317 813 τέι
354 757 507 824 πεδία,
539 764 675 830 φησὶ,
711 763 786 812 καὶ
823 761 979 824 μέντοι
1016 763 1091 824 καὶ
1129 764 1263 823 σῖτος,
1303 764 1396 811 τῶν
1439 761 1638 827 ἀκρίδων
1672 760 1836 810 ὀδοῦσι

258 844 658 911 καταφιλούμενα,
686 846 762 894 καὶ
796 843 892 894 οἷον
925 845 1050 910 πυρὶ,
1076 847 1134 911 τῇ
1173 842 1369 911 ε’ρισύβῃ
1396 841 1828 908 καταπιμπράμενα.

258 926 546 994 καταφλέγει
571 925 663 993 γὰρ
689 924 852 993 ὥσπερ
877 928 951 977 καὶ
979 926 1149 976 αὐαίνει
1182 924 1240 976 τὰ
1273 927 1321 976 ἐν
1347 928 1521 992 ἀγροῖς.
1586 928 1678 975 δεῖν
1704 924 1751 975 δὲ
1779 923 1834 989 δή

258 1012 381 1076 φησι
426 1011 501 1059 καὶ
545 1007 689 1072 αὐτὴν
735 1008 970 1063 οἱονεῖπως
1015 1007 1427 1076 κατολοφύρεσθαι
1477 1007 1561 1072 τὴν
1604 1010 1708 1073 γῆν,
1747 1008 1836 1057 ἀπ-
1858 1033 1904 1058 10

258 1089 513 1141 ολωλότων
560 1091 676 1159 αὐτῇ
726 1096 820 1142 τῶν
862 1095 1068 1156 καρπῶν.
1144 1090 1510 1158 τεταλαιπώρηκε
1561 1089 1653 1156 γὰρ
1703 1093 1834 1153 σῖτος,

258 1171 448 1242 ἐξηράνθη
489 1171 603 1237 οἶνος,
640 1172 837 1240 ὠλιγιῦθη
877 1173 1034 1236 ἔλαιον,
1070 1171 1357 1242 ἑξηράνθησ-οιν,
1384 1173 1637 1235 τουτέστιν,
1664 1173 1836 1240 οἴχεται

37 1269 125 1304 207
138 1268 187 1302 A.
219 1278 241 1302 a
257 1254 412 1306 πάντα
437 1254 496 1305 τὰ
522 1256 578 1324 ἐξ
599 1256 751 1320 αὐτῆς,
779 1257 853 1305 καὶ
879 1255 937 1305 τὰ
963 1256 1034 1324 ἐφ’
1063 1254 1129 1309 οἷς
1163 1253 1220 1318 ἦν
1254 1253 1370 1308 εἰκὸς
1400 1254 1834 1322 καταθαυμάζεσθαι

33 2262 67 2292 S.
82 2261 182 2292 Joan.

32 2307 76 2336 vi.
94 2307 146 2343 48.

33 2349 88 2380 Ps.
106 2349 170 2382 ciii.

35 2400 86 2432 15·

256 1338 377 1400 λίαν,
407 1339 468 1391 ὡς
496 1341 687 1403 καρπῶν
712 1340 904 1403 ἀγαθῶν
927 1337 1102 1404 μητέρα
1128 1338 1203 1388 καὶ
1229 1335 1419 1406 τροφόν.

333 1421 425 1470 Καὶ
453 1422 584 1470 ταυτὶ
608 1418 693 1484 μὲν
720 1420 828 1484 ἡμῖν
853 1421 914 1473 ὡς
949 1421 997 1470 ἐν
1028 1423 1268 1484 αἰσθητοῖς
1299 1420 1501 1485 εἰρήσθω
1534 1419 1831 1487 πράγμασιν·
1858 1438 1903 1476 15

254 1500 599 1567 καταθρηνήσει
640 1501 788 1568 γεμὴν
837 1506 943 1564 πᾶς,
988 1501 1030 1552 εἴ
1067 1525 1135 1556 τις
1178 1503 1280 1553 ἐστὶ
1325 1501 1638 1565 δοκιμώτατος
1680 1503 1833 1570 ἱερεὺς,

253 1582 361 1638 τοὺς
400 1583 458 1653 ἐξ
492 1583 693 1650 ἀμέτρου
733 1585 1110 1653 φρενοβλαβείας
1144 1583 1229 1648 τὴν
1260 1583 1335 1635 διὰ
1366 1585 1570 1638 πίστεως
1604 1584 1835 1652 κάθαρσιν

254 1667 308 1716 οὐ
350 1665 696 1733 προσιεμένους,
736 1667 818 1717 οὐκ
861 1664 1165 1733 ἠγαπηκότας
1205 1689 1255 1717 τε
1295 1665 1349 1718 τὸ
1394 1667 1666 1734 ἁγιάζεσθαι
1707 1667 1836 1734 παρὰ

253 1751 485 1815 Χριστοῦ.
549 1750 837 1813 ἀπομενοῦσι
862 1749 956 1816 γὰρ
983 1749 1142 1815 ἔρημοι
1167 1748 1320 1813 πάντη
1353 1772 1402 1800 τε
1433 1752 1506 1800 καὶ
1542 1749 1728 1804 πάντως
1753 1754 1835 1814 τῆς

254 1834 420 1896 νοητῆς
447 1832 708 1898 εὐκαρπίας,
737 1833 811 1882 καὶ
849 1833 897 1883 ἐν
930 1831 1076 1900 ἐνδείᾳ
1113 1831 1288 1885 παντὸς
1326 1830 1513 1883 ε”σονται
1538 1838 1620 1883 τοῦ
1650 1832 1834 1902 τρέφειν
1855 1855 1903 1879 20

209 1912 441 1977 ὒείδότος,
486 1916 562 1965 καὶ
610 1918 671 1968 εἷς
719 1915 932 1981 ἀνδρείαν
983 1913 1148 1967 αὐτοὺς
1200 1914 1515 1982 ἀναφέροντος
1563 1914 1648 1979 τὴν
1697 1938 1835 1967 πνευ-

251 1995 465 2061 ματικὴν,
494 1997 610 2048 σ-ἶτὸν
643 2019 694 2048 τε
724 1998 798 2048 καὶ
832 1995 928 2048 οἶνον
954 1997 1035 2047 οὐκ
1067 1996 1263 2064 ἔχοντες,
1290 1998 1364 2046 καὶ
1389 1999 1472 2060 τῆς
1497 1998 1646 2049 ἐλαίου
1679 1999 1835 2064 χρείας

252 2079 566 2146 ἐστερημένοι·
615 2078 841 2143 μυστικὸς
887 2080 912 2130 ὁ
956 2079 1112 2144 λόγος·
1159 2083 1254 2132 τοῖς
1291 2077 1375 2142 μὲν
1412 2077 1505 2146 γὰρ
1549 2078 1634 2144 τὴν
1672 2080 1834 2131 πίστιν

251 2161 575 2226 προσιεμένοις
617 2161 780 2213 ἑαυτὸν
820 2160 1086 2228 παραθήσει
1126 2160 1351 2228 Χριστὸς,
1395 2163 1457 2215 ὡς
1509 2161 1651 2227 ἄρτον
1702 2162 1831 2229 ζωῆς·

253 2243 432 2313 ἔφασκε
476 2243 569 2311 γὰρ
604 2243 673 2295 ὅτι
714 2251 739 2273 ‘⁶
758 2243 887 2310 Ἐγώ
918 2247 1008 2307 εἰμι
1047 2245 1072 2294 ὁ
1112 2243 1251 2310 ἄρτος
1289 2246 1371 2307 τῆς
1409 2243 1570 2310 ζωῆς·”
1611 2246 1672 2298 ὡς
1710 2242 1833 2296 οἶνον
1854 2263 1901 2301 25

253 2327 562 2393 εὐφραίνοντα
605 2327 798 2392 καρδίαν
840 2326 1102 2392 ἀνθρώπου·
1161 2325 1300 2379 σύνες
1350 2324 1406 2390 δὴ
1447 2325 1594 2377 πάλιν
1633 2327 1658 2377 ὅ
1697 2331 1831 2396 φημι·

253 2410 528 2477 καταχρίσει
567 2407 616 2459 δὲ
649 2410 724 2460 καὶ
762 2409 915 2479 ἐλαίῳ,
942 2410 1007 2478 τῷ
1046 2412 1196 2478 νοητῷ
1234 2407 1450 2472 δηλονότι
1481 2410 1556 2459 καὶ
1582 2407 1830 2474 ἁγιάζοντι,

303 2605 333 2628 1.
361 2593 459 2628 Haec
476 2595 553 2628 τότε
570 2593 681 2640 φησὶν
697 2597 917 2627 accesserunt
935 2604 975 2626 ex
996 2591 1038 2626 B.
1160 2604 1191 2634 4.
1218 2591 1405 2626 ἀνατιθέναι
1423 2589 1515 2625 Edd.
1636 2598 1667 2635 7.
1693 2592 1761 2626 τοῖς
1779 2590 1830 2625 ὀδ.

252 2643 319 2674 τῶν
335 2641 478 2685 ἀκρίδων
494 2640 554 2675 iid.
743 2640 776 2674 8.
803 2638 1094 2684 καταψιλούμενος
1110 2637 1169 2672 iid.
1221 2638 1317 2672 Haec
1333 2638 1424 2682 πυρὶ,
1442 2640 1482 2681 τῇ
1499 2643 1718 2672 accesserunt
1731 2649 1772 2671 ex
1788 2637 1831 2672 Β.

254 2698 287 2731 9.
313 2687 437 2733 φλέγει
462 2687 522 2722 iid.
573 2687 627 2721 καὶ
650 2686 804 2732 ἀφανίζει
829 2687 946 2730 ὥσπερ
971 2697 1035 2730 pro
1060 2687 1175 2729 ὥσπερ
1201 2685 1255 2719 καὶ
1279 2685 1405 2719 αὐαίνει
1433 2684 1492 2719 iid.
1542 2683 1582 2727 δή
1608 2690 1831 2728 assumptum

254 2745 296 2766 ex
316 2733 358 2767 B.
565 2745 620 2769 10.
645 2735 699 2768 καὶ
715 2733 817 2777 αὐτὴν
833 2731 1021 2778 οἶονείπως]
1042 2732 1213 2768 οἱονείπως
1230 2732 1282 2766 καὶ
1299 2731 1359 2767 iid.
1576 2739 1629 2775 15.
1655 2730 1831 2774 αἰσθηταῖς

255 2779 317 2822 εἷρ.
335 2781 481 2825 πράξεσι
498 2780 557 2815 iid.
858 2780 911 2814 18.
938 2779 973 2813 δὲ
991 2791 1053 2824 pro
1071 2794 1106 2813 τε
1123 2779 1183 2814 iid.
1485 2788 1537 2822 19.
1563 2777 1768 2820 ἀπομένουσι
1787 2776 1829 2810 Β.

257 2836 311 2859 21.
330 2826 431 2871 ἀναφ.
448 2827 507 2871 τὴν
522 2842 639 2871 πνευμ.
656 2827 724 2861 hoc
741 2826 861 2862 ordine
880 2826 922 2861 B.
1362 2835 1417 2861 22.
1435 2839 1471 2860 τε
1488 2829 1708 2869 assumptum
1726 2835 1767 2857 ex
1785 2823 1827 2857 B.

257 2882 313 2916 23.
338 2873 515 2919 μυστικὸς]
533 2878 570 2914 -i-
585 2875 651 2920 ’γὰρ
668 2873 728 2908 ild.
777 2875 846 2909 τοῖς
863 2873 923 2916 μὲν
938 2871 1021 2918 γὰρ]
1041 2872 1091 2907 ὅτι
1109 2874 1178 2908 τοῖς
1193 2871 1254 2917 μὲν
1269 2871 1328 2907 iid.
1697 2879 1751 2914 25.
1777 2868 1829 2902 ὅτι

254 2925 475 2963 assumptum
492 2932 532 2953 ex
553 2921 594 2954 B.
824 2920 878 2954 26.
905 2920 945 2963 δὴ
963 2925 1183 2966 assumptum
1201 2931 1241 2954 ex
1262 2919 1304 2954 B.
1530 2929 1585 2963 27.
1612 2914 1825 2962 καταχρίσει]

255 2964 509 3011 καταχρήσουσι
528 2966 620 3002 Edd.
639 2967 886 3012 καταχρίσουσι
905 2966 1038 3012 Migne.
