2021 3434
297 180 378 220 192
684 183 731 222 B.
776 183 1048 224 CYRILLI
1088 184 1472 226 ALEXANDR.
1683 186 1736 227 ix.
1763 186 1800 236 8,
1824 200 1862 240 9.

294 287 343 339 δὲ
382 288 492 340 οἶκον
530 290 737 355 ὀνομάζει
776 292 857 341 τὸν
893 291 1107 358 Ἰσραήλ.
1178 296 1252 343 καὶ
1296 299 1411 358 γοῦν
1452 293 1629 358 ε’ίρηταί
1661 317 1752 345 που
1789 293 1864 344 διὰ

253 393 274 419 e
295 373 454 437 φωνῆς
478 372 697 437 Ἱερεμίου
735 372 852 438 πρὸς
888 373 974 438 τὴν
1006 379 1099 425 τῶν
1124 375 1360 425 Ἰουδαίων
1386 374 1687 441 Συναγωγὴν,
1723 379 1784 429 ὡς
1813 379 1863 427 ἐκ

70 465 165 496 Hier.
291 451 551 516 προσώπου
589 457 713 504 Θεοῦ
755 461 782 483 “
800 456 909 523 Οὐχ
948 458 1010 509 ὡς
1051 453 1177 507 οῗκόν
1213 479 1269 518 με
1306 454 1535 510 ἐκάλεσας
1574 459 1648 507 καὶ
1685 457 1864 522 πατέρα

72 509 117 540 iii.
136 522 166 548 4.
1220 537 1245 554 ‚,

291 540 319 561 “
343 535 418 583 καὶ
456 535 666 602 ἀρχηγὸν
704 539 786 600 τῆς
815 539 1062 604 παρθενίας
1096 561 1217 599 σου;
1301 537 1674 602 καταπλήττεται
1701 538 1756 602 δὴ
1783 540 1863 589 οὖν

288 617 371 678 τῆς
405 617 703 687 ἀποπληξίας
737 617 791 670 τὸ
824 620 1032 685 μέγεθος,
1058 622 1133 670 καὶ
1167 624 1261 671 τῶν
1298 620 1486 671 ἀτόπων
1519 619 1862 688 ἐγχειρημάτων
1882 636 1903 672 5

287 694 373 760 τὴν
399 698 678 765 ὑπερβολήν.
737 701 1003 766 ἐληλάκασι
1037 701 1130 768 γὰρ
1160 702 1277 768 πρὸς
1305 708 1441 753 τοῦτο
1476 701 1643 753 λοιπὸν
1669 702 1857 753 ἀνοσιό-

286 778 424 842 τητός
449 784 612 848 φησιν,
638 784 699 836 ὡς
730 785 891 850 μανίαν
924 784 961 835 ἐν
997 785 1097 854 οἴκῳ
1138 789 1285 851 Κυρίου
1326 783 1608 853 καταπτῆξαι,
1634 783 1861 846 τουτέστι,

287 864 670 928 ψευδομαντείαν,
692 869 765 915 καὶ
790 865 848 916 τὰ
874 871 967 920 τοῖς
995 868 1131 920 θείοις
1158 865 1313 930 νόμοις
1332 867 1685 932 ἀπηγορευμένα
1703 875 1861 930 πλημ-

285 949 455 1006 μελεῖν.
508 945 557 995 εὖ
583 946 630 997 δὲ
657 946 713 1011 δὴ
748 949 821 998 καὶ
854 948 908 999 τὸ
945 948 1198 1018 κατέπηξαν
1225 952 1390 1016 φησιν·
1435 950 1487 1000 οὐ
1518 947 1611 1015 γὰρ
1632 950 1860 1000 πέπαυται

65 1041 143 1075 134
162 1041 213 1076 A.
247 1027 520 1090 ατολμηθέν
549 1029 768 1098 εἰσάπαξ,
795 1030 905 1080 ἀλλ’
934 1033 1068 1082 οἱονεὶ
1100 1030 1277 1097 πέπηγε
1309 1035 1384 1082 καὶ
1417 1032 1720 1097 ἐνεβοθρεύθη
1759 1039 1858 1082 λοι·
1886 1055 1931 1079 10

283 1107 376 1159 πὸν
415 1113 498 1173 τῆς
539 1113 820 1172 δυσσεβείας
858 1113 912 1164 τὸ
953 1116 1124 1181 χρῆμα.
1188 1115 1241 1164 οὐ
1282 1113 1374 1179 γὰρ
1414 1111 1643 1181 κατέληξε
1680 1116 1856 1182 ψευδο-

282 1189 468 1253 μάντεις
502 1192 621 1261 ἔχων
655 1198 730 1245 καὶ
767 1195 1166 1265 ψευδοπροφήτας
1201 1194 1465 1262 ὁἸσραήλ.
1530 1195 1683 1259 ἐπειδὴ
1721 1195 1770 1246 δὲ
1803 1195 1862 1246 τὰ

282 1271 434 1324 τοιάδε
459 1275 820 1341 τετολμήκασιν,
844 1276 1027 1331 εἰκότως
1052 1276 1116 1328 ὧν
1149 1277 1354 1344 ε”δρασαν
1380 1277 1693 1346 ἐξαιτούμενοι
1719 1278 1860 1341 δίκας,

283 1353 528 1423 ἐφθάρησαν
557 1357 680 1409 κατα
714 1359 798 1414 τας
829 1359 988 1430 ἡμέρας
1025 1362 1098 1410 τοῧ
1135 1362 1298 1419 βουνοῦ.
1366 1361 1635 1428 μεμνήσεται
1662 1359 1754 1427 γὰρ
1778 1364 1860 1425 τῆς

281 1434 467 1493 ἀδικίας
491 1440 643 1503 αὐτοῖν,
669 1443 744 1491 καὶ
770 1439 988 1503 ἐκδικήσει
1016 1442 1174 1496 πάσας
1198 1442 1281 1496 τὰς
1306 1443 1536 1512 ἁμαρτίας
1564 1443 1717 1494 αὐτῶν.
1884 1463 1928 1499 15

358 1523 452 1572 Καὶ
476 1523 524 1572 τί
546 1522 602 1587 δὴ
628 1521 766 1575 τοῦτό
791 1526 894 1575 ε’στι
924 1524 977 1575 τὸ
1018 1524 1263 1593 ἐφθάρησαν
1304 1524 1429 1576 κατα
1465 1523 1549 1579 τας
1588 1524 1750 1592 ἡμέρας
1768 1552 1771 1553 ’
1790 1528 1859 1576 τοῦ

280 1603 444 1665 βουνοῦ,
498 1605 623 1673 φέρε,
676 1605 751 1657 διὰ
800 1607 1016 1675 βραχέων
1066 1606 1422 1672 ὑπομνήσωμεν.
1505 1606 1772 1673 γέγραπταί
1815 1631 1858 1658 τι

280 1691 489 1737 τοιοῦτον
520 1688 569 1738 ἐν
594 1692 652 1756 τῇ
677 1690 838 1759 βίβλῳ
872 1694 966 1740 τῶν
994 1693 1194 1756 Κριτῶν·
1240 1688 1553 1755 ἐπιδρομάδην
1578 1688 1626 1740 δὲ
1652 1687 1857 1751 ἅπασαν,

236 1772 343 1823 Ῑᾱὼς
388 1770 466 1834 ἔνι,
517 1771 775 1837 ποιήσομαι
818 1772 904 1838 τὴν
953 1773 1212 1843 ἀφήγησιν,
1254 1777 1328 1825 καὶ
1379 1773 1668 1839 μακροτέραν
1710 1774 1859 1825 οὖσαν

59 1864 140 1914 ³¹¹}-
155 1908 174 1939 6
279 1858 518 1906 συστελῶ.
582 1854 711 1906 “Ἐν
743 1861 843 1910 ταῖς
876 1856 1064 1922 ἡμέραις
1098 1856 1300 1918 ἐκείναις,
1328 1859 1491 1923 φησὶν,
1519 1857 1601 1906 οὐκ
1629 1854 1687 1920 ἧν
1716 1861 1857 1917 βασι-
1880 1877 1927 1901 20

57 1918 137 1983 ³11le
177 1930 198 1936 ²
280 1941 307 1964 “
334 1934 441 1990 λεὺς
465 1938 513 1987 ἐν
536 1937 756 2003 Ἰσραὴλ,
787 1938 903 2005 ἀνὴρ
929 1937 982 1990 τὸ
1005 1939 1128 1992 εὐθές
1160 1940 1208 1989 ἐν
1239 1939 1505 2007 ὀφθαλμοῖς
1531 1939 1671 1989 αὑτοῦ
1697 1939 1852 1990 ἐποίει.

277 2026 305 2048 “
331 2021 406 2070 καὶ
444 2019 639 2085 ἐγενήθη
678 2021 855 2076 νεανίας
892 2023 941 2072 ἐκ
974 2021 1203 2086 Βηθλεὲμ,
1243 2021 1390 2085 δήμου
1412 2021 1578 2083 Ἰούδα,
1612 2023 1685 2071 καὶ
1718 2020 1855 2074 αὐτὸς

277 2108 304 2130 “
331 2100 540 2166 Λευίτης,
586 2126 660 2153 και
706 2104 838 2157 οὗτος
879 2128 1081 2174 παρωκει
1122 2106 1225 2155 εκεῖ.
1293 2127 1368 2155 και
1406 2104 1631 2170 ἐπορεύθη
1674 2105 1698 2154 ὁ
1738 2103 1855 2169 ἀνηρ

292 2183 422 2234 ςάπὸ
450 2185 666 2249 Βηθλεεμ
699 2188 780 2249 τῆς
813 2186 996 2240 πόλεως
1020 2186 1174 2238 Ἰούδα
1206 2189 1492 2253 παροικῆσαι
1517 2188 1565 2237 ἐν
1590 2183 1628 2235 ὡ
1663 2184 1721 2236 ἂν
1746 2188 1855 2254 εὕρῃ

276 2266 473 2337 “nh-(p,
502 2290 576 2317 και
601 2266 799 2332 ἦλθεν
772 2292 854 2322 εως
889 2268 1023 2334 ὅρους
1046 2268 1271 2337 Εφραιμ,
1295 2292 1370 2319 και
1395 2291 1478 2322 εως
1504 2268 1629 2319 οίκου
1657 2267 1853 2337 Μιχαία
1878 2296 1923 2334 25

277 2354 411 2399 “rofi
445 2353 640 2413 ποιῆσαι
674 2349 782 2401 ὁδὸν
817 2352 974 2401 αὐτοῦ.
1043 2375 1116 2401 και
1152 2349 1274 2402 εἶπεν
1305 2351 1429 2419 αὐτῷ
1463 2351 1672 2417 Μιχαίας
1699 2350 1856 2401 Πόθεν

239 2444 289 2476 C
278 2437 303 2459 ‘⁶
330 2430 474 2498 ε’ρχῃ·
464 2473 475 2493 ,
520 2434 595 2483 καὶ
621 2430 717 2484 εἰπε
743 2456 859 2500 προς
887 2433 1026 2484 αὐτόν
1044 2433 1264 2498 Λευίτης’
1272 2432 1383 2499 Εγω
1410 2437 1500 2495 εἶμι
1525 2432 1618 2484 ἀπὸ
1640 2433 1856 2497 Βηθλεεμ

276 2519 303 2541 “
331 2513 496 2576 Ἰούδα,
526 2537 601 2565 και
625 2515 717 2580 ἐγὼ
743 2515 997 2582 πορεύομαι
1024 2518 1300 2580 κατοικῆσαι
1325 2517 1372 2566 ἐν
1410 2513 1447 2584 ᾠ
1481 2515 1539 2566 ἂν
1565 2517 1682 2582 εὕρω
1705 2515 1850 2567 τόπω.

290 2596 402 2644 ίκαι
440 2594 565 2647 εἶπεν
603 2598 727 2667 αυτῷ
762 2600 971 2666 Μιχαιας
1007 2597 1169 2650 Κάθου
1207 2598 1302 2661 μετ’
1341 2600 1464 2662 ἐμοῦ,
1496 2600 1571 2648 καὶ
1605 2599 1738 2662 γίνου
1773 2621 1852 2661 μοι

277 2683 302 2704 “
327 2681 388 2729 εἰς
411 2678 589 2744 πατέρα
615 2681 689 2730 καὶ
715 2684 776 2734 εἷς
803 2682 935 2746 ἱερέα,
963 2683 1037 2731 καὶ
1069 2681 1160 2745 ἐγὼ
1197 2681 1337 2732 δώσω
1368 2703 1447 2730 σοι
1473 2680 1582 2731 δέκα
1608 2681 1852 2746 ἀργυρίους
1871 2705 1921 2740 30

276 2765 303 2786 ‘⁶
329 2762 390 2812 εἷς
433 2760 606 2826 ἡμέραν
647 2764 722 2813 καὶ
764 2762 947 2827 στολὴν
989 2763 1182 2826 ἱματίων
1221 2767 1295 2813 καὶ
1330 2762 1388 2813 τὰ
1426 2761 1543 2829 πρὸς
1586 2763 1705 2828 ζωήν
1741 2785 1846 2814 σου.

321 2887 354 2920 3.
380 2879 438 2910 τοῦ
456 2884 534 2922 post
550 2882 736 2921 προσώπου
754 2881 834 2915 add.
854 2881 945 2915 Edd.
1084 2892 1116 2926 5.
1144 2882 1292 2916 ἐκτόπων
1312 2881 1356 2915 D.
1498 2890 1620 2926 14—17.
1646 2880 1850 2924 μεμνήσεται

278 2925 378 2955 -τοῦ
395 2925 518 2960 βουνοῦ
535 2927 618 2969 φερέ
637 2939 707 2960 om.
728 2928 772 2962 D.
874 2930 926 2962 18.
945 2928 1186 2979 ε’πιδρομάδην]
1207 2929 1410 2972 ἐπιτομάδηι
1429 2927 1519 2961 Edd.
1626 2939 1680 2971 25.
1702 2927 1848 2972 Μιχαία]

275 2970 421 3014 Μιχαίου
439 2970 497 3004 iid.
641 2974 705 3006 26-
710 2985 762 3019 29.
788 2975 1018 3022 αὐτῷ-εἶπεν
1035 2988 1103 3010 om.
1126 2976 1170 3010 D.
1313 2986 1369 3020 30.
1396 2975 1575 3020 ἀργυρίους
1593 2974 1695 3008 habet
1714 2975 1755 3009 B.
1775 2976 1846 3020 (15,

279 3017 332 3056 18,
351 3016 422 3059 64.)
442 3017 641 3062 Ambiguus
663 3020 706 3053 D.
