2021 3434
94 200 136 240 ii.
159 213 200 252 4,
223 211 262 254 5.
582 201 655 241 IN
694 201 889 243 AMOS.
950 201 1102 243 TOM.
1143 201 1178 243 Ι.
1582 202 1665 242 399

94 307 377 374 σάλπιγγος,
410 310 664 373 τουτέστιν,
696 312 758 365 ὡς
791 312 839 361 ἐν
875 310 1068 380 πολέμῳ
1105 312 1180 361 καὶ
1217 309 1360 377 μάχῃ·
1403 311 1587 360 ἀπειλεῖ
1619 308 1666 359 δὲ

93 389 164 441 ὅτι
199 392 275 440 καὶ
312 397 453 458 κριταὶ
490 397 566 443 καὶ
607 392 809 463 ἄρχοντες
848 394 924 443 καὶ
960 391 1130 446 πάντες
1164 393 1305 455 αὐτῆς
1342 395 1383 442 οἱ
1421 390 1666 457 ἡγούμενοι

92 478 472 523 συναπολοῦνται
507 479 601 527 τοῖς
640 474 1022 541 ὑπεστρωμένοις.
1085 475 1212 525 αὐτοὶ
1245 473 1338 539 γὰρ
1375 472 1521 541 ἧρχον
1551 479 1664 534 βου-

93 556 180 618 λῆς
206 555 282 604 καὶ
307 554 666 621 ἐγχειρημάτων,
693 557 767 606 καὶ
800 558 882 619 τῆς
915 555 1029 621 ὅλης
1058 555 1339 617 δυσσεβείας
1364 554 1550 609 πάντως
1577 577 1669 607 που

53 652 78 690 5
95 633 318 701 γεγόνασι
343 640 437 689 τοῖς
463 636 629 690 ἄλλοις
655 638 912 702 εἷσηγηταί.

91 855 207 897 Τάδε
244 856 355 903 λὲΓει
385 855 531 913 Κύριος
551 855 653 898 Ἐπὶ
686 853 778 897 ταῖς
811 856 943 913 τρισὶν
970 855 1182 906 ἀσεβείαις
1214 853 1315 896 υἷών
1334 855 1476 896 Ἰούδα
1505 857 1572 897 καὶ
1598 857 1666 898 ἐπὶ
1687 875 1711 909 4

158 936 250 981 ταῖς
286 940 524 997 τέσσαρσιν,
557 941 633 981 οὐκ
670 940 1059 996 ἀποστραφήσομαι
1091 938 1256 988 αὐτοὺς,
1282 940 1425 980 ἕνεκεν
1451 941 1524 979 τοῦ
1549 939 1669 980 ἀπώ-

159 1032 311 1066 σασθαι
346 1023 499 1066 αὐτοὺς
533 1024 606 1067 τὸν
639 1025 768 1073 νόμον
812 1022 973 1080 Κυρίου,
1011 1022 1080 1063 καὶ
1115 1022 1166 1065 τὰ
1204 1024 1508 1080 ΠροστάΓματα
1542 1023 1708 1065 αὐτοῦο

159 1107 234 1147 οὐκ
273 1108 555 1163 ἐφυλάξαντο,
597 1108 665 1149 καὶ
706 1108 944 1149 ὲΠλάνΗσεν
988 1106 1141 1147 αὐτοὺς
1179 1106 1230 1147 τὰ
1267 1107 1424 1155 μάταια
1462 1107 1603 1148 αὐτῶν
1642 1109 1667 1148 ἃ

0 1206 1 1226 ¹
30 1200 76 1226 10
158 1190 377 1243 ὲΠοίΗσαν,
411 1188 473 1232 οἷς
509 1192 854 1235 ὲΕΗκολούθΗσαν
892 1189 931 1232 οἱ
966 1191 1149 1248 Πατέρεο
1180 1191 1322 1232 αὐτῶν
1347 1191 1485 1233 ὀπίσω
1511 1191 1667 1233 αὐτῶν·

160 1274 229 1316 καὶ
268 1275 545 1318 ἐξαποστελῶ
585 1278 663 1333 πῦρ
707 1275 776 1317 ἐπὶ
817 1275 996 1327 Ἰούδαν,
1036 1275 1104 1316 καὶ
1151 1277 1443 1331 καταφάΓεται
1491 1277 1706 1325 θεμέλια5

0 1293 2 1428 Ὲ
147 1357 447 1415 Ἰερουσαλήμ.

0 1433 3 1463 Ι

0 1465 3 1512 ἱ

0 1518 3 1542 ι

167 1471 603 1538 Προσεπενήνεκται
642 1476 737 1525 τοῖς
775 1471 962 1535 ἀνόμοις
1001 1471 1156 1522 ε”θνεσι
1185 1473 1260 1522 καὶ
1293 1472 1317 1522 ὁ
1350 1471 1477 1541 νόμῳ
1499 1474 1668 1523 παιδα-

93 1553 401 1619 γωγούμενος,
435 1554 678 1604 τουτέστιν
720 1554 744 1603 ὁ
785 1550 969 1608 Ἰούδας·
1030 1553 1475 1620 ἀπροσωπόληπτος
1509 1553 1602 1621 γὰρ
1641 1556 1666 1606 ὁ

32 1651 75 1690 15
96 1634 285 1701 Κριτής.
353 1635 423 1687 ὅτι
467 1635 515 1687 δὲ
554 1637 622 1686 ἀεὶ
659 1641 1050 1700 πλημμελοῦντος
1091 1635 1329 1703 ἠνέσχετο,
1369 1638 1445 1686 καὶ
1482 1639 1661 1704 διεκαρ-

92 1717 257 1784 τέρησε
301 1717 499 1785 μακρὰν,
542 1718 595 1769 τὸ
639 1719 713 1769 ἐπὶ
754 1718 886 1786 τρίτῃ
924 1717 1062 1782 μόλις
1100 1718 1303 1787 ἁμαρτίᾳ
1347 1720 1422 1768 καὶ
1459 1717 1553 1783 μὴν
1590 1721 1664 1770 καὶ
1682 1727 1710 1768 d

1 1773 7 1865 ξ
92 1800 287 1869 τετάρτῃ
320 1804 589 1865 κεκινῆσθαι
623 1804 774 1865 δηλοῖ.
842 1800 988 1851 καίτοι
1024 1801 1165 1867 ἐχρῆν
1199 1799 1361 1864 δήπου,
1388 1801 1507 1852 κατά
1531 1824 1585 1867 γε
1610 1801 1666 1853 τὸ

93 1883 222 1947 εἰκὸς,
255 1889 349 1937 τοῖς
384 1882 468 1947 μὲν
503 1881 670 1937 ἄλλοις
705 1882 902 1946 ἔθνεσιν,
928 1881 1006 1934 ἅτε
1039 1882 1096 1947 δὴ
1127 1882 1208 1934 τὸν
1241 1887 1363 1934 θεῖον
1395 1884 1476 1934 οὐκ
1505 1884 1667 1951 ἔχουσι

94 1965 247 2030 νόμον,
274 1965 698 2035 ἀμφιλαφεστέραν
723 1964 968 2029 ἀπονέμειν
992 1964 1077 2029 τὴν
1102 1963 1376 2031 ἡμερότητα,
1401 1967 1475 2016 καὶ
1503 1964 1557 2016 τὸ
1588 1969 1671 2030 τῆς

30 2070 77 2095 20
94 2049 379 2115 συγγνώμης
403 2047 822 2117 ἐπιδαψιλεύεσθαι
847 2050 1009 2112 μῆκος,
1036 2045 1233 2114 ἐξαιτεῖν
1259 2046 1308 2098 δὲ
1333 2050 1415 2111 τῆς
1440 2049 1668 2116 ῥᾳθυμίας

93 2130 175 2184 τὰς
199 2132 328 2185 δίκας
353 2133 640 2197 παραχρῆμα
665 2128 748 2181 τὸν
770 2129 986 2196 Ἰσραὴλ,
1014 2128 1092 2181 ἅτε
1119 2128 1175 2194 δὴ
1203 2131 1277 2180 καὶ
1303 2130 1668 2196 ἐντεθραμμένον

93 2218 186 2267 τοῖς
217 2214 352 2267 θείοις
386 2211 660 2275 ἐντάλμασι,
688 2213 762 2263 καὶ
796 2210 882 2276 τὴν
916 2217 998 2263 τοῦ
1031 2212 1357 2280 συμφέροντος
1383 2213 1463 2263 οὐκ
1489 2213 1662 2278 ἠγνοη-

7 2227 12 2374 Q
95 2294 207 2346 κότα
239 2297 420 2361 τρίβον,
450 2295 560 2345 ἀλλ’
590 2294 816 2362 ἠνέσχετο
849 2296 923 2345 καὶ
961 2298 1055 2345 τῶν
1089 2293 1274 2344 εἰδότων
1305 2292 1386 2344 τὸν
1418 2293 1573 2358 νόμον,
1605 2297 1705 2350 ὡςο

9 2378 13 2436 Ι
94 2376 157 2441 μὴ
198 2377 481 2444 ἐγνωκότων.
547 2376 700 2441 ἐπειδὴ
745 2375 793 2427 δὲ
834 2380 895 2430 εἷς
939 2376 1078 2444 λῆξιν
1120 2375 1207 2439 ἤδη
1252 2375 1550 2442 φαυλότητος
1593 2379 1668 2428 καὶ

9 2440 78 2543 Ξ25
96 2464 341 2526 λογισμῶν
381 2458 659 2524 σκαιότητος
700 2458 1094 2524 ἀπενηνεγμένους
1133 2456 1447 2509 κατεθεάσατο
1485 2457 1666 2522 λοιπὸν,

11 2546 14 2616 J
95 2541 196 2592 τότε
230 2545 304 2593 καὶ
338 2542 491 2596 αὐτοῖς
526 2543 677 2611 φησὶν
705 2545 801 2595 τοῖς
824 2539 1173 2606 Ἱεροσολύμοις
1198 2538 1461 2607 ἐπαφήσειν
1491 2539 1545 2591 τὸ
1570 2543 1666 2611 πῦρ,

12 2618 15 2645 ι

143 2706 174 2730 2.
199 2709 251 2730 και
268 2696 422 2741 primum
438 2695 555 2730 omisit
571 2694 762 2729 Aubertus.
812 2707 865 2726 και
877 2693 998 2727 πάντες
1015 2692 1115 2735 αὐτῆς
1131 2692 1162 2725 οἱ
1180 2690 1356 2744 ηγοὺμενοι
1373 2697 1553 2736 assumpta
1569 2704 1611 2726 ex
1623 2692 1667 2727 A.

13 2728 16 2771 Ι
96 2742 206 2778 αυτοῖς
222 2743 274 2776 καὶ
291 2742 467 2788 ἡγούμενοι
486 2742 528 2776 Β.
652 2752 685 2785 3.
711 2743 776 2774 τῶν
792 2739 1058 2784 ὑπεστρωμενων
1075 2738 1167 2772 Edd.
1185 2738 1303 2772 invitis
1320 2738 1364 2772 A.
1370 2737 1411 2771 B.
1541 2748 1573 2784 5.
1598 2741 1668 2775 τοῖς

13 2773 16 2793 ¹
95 2788 212 2824 ἄλλοις
228 2801 297 2824 om.
314 2790 358 2824 A.
497 2798 526 2833 7.
545 2788 664 2822 αὐτοὺς
679 2787 784 2820 habet
801 2787 844 2820 A.
990 2798 1023 2830 9.
1048 2785 1238 2828 ἐπλάνησεν
1255 2785 1299 2818 A.
1305 2784 1347 2818 B.
1365 2785 1558 2828 ἐπλάνησαν
1575 2785 1667 2821 Edd.

14 2829 17 2851 Ι
96 2835 171 2879 (42.
189 2835 251 2881 al.)
389 2847 441 2871 ΙΙ.
464 2834 594 2869 Ἰούδαν
610 2835 654 2868 A.
669 2832 779 2867 Ἰούδα
797 2833 835 2867 F.
855 2831 946 2866 Edd.
1089 2843 1142 2874 14.
1167 2831 1343 2866 τουτέστιν
1359 2843 1401 2865 ex
1421 2832 1544 2866 A.B.‘
1527 2847 1546 2866 ο
1564 2844 1606 2866 ex
1622 2833 1667 2867 A.

15 2917 18 2950 Ι
96 2889 287 2928 assumpta.
427 2892 478 2925 15.
497 2882 549 2916 ἀεὶ
565 2881 709 2916 accessit
721 2892 762 2914 ex
777 2880 820 2914 Α.
820 2879 862 2951 Vb.
913 2879 1037 2914 Statim
1054 2880 1332 2923 πλημμελοῦντος
1344 2878 1388 2912 A.
1406 2880 1668 2924 πλημμελοῦντα

97 2960 188 2997 Edd.
296 2962 349 2997 16.
365 2960 510 3007 μακρὰν]
529 2960 585 2995 Sic
603 2960 745 3005 edidiffl
722 2960 832 3005 μακρὰ
820 2936 891 2994 ΙΙΑ.
908 2960 1017 3004 μακρὰ
1034 2958 1126 2994 Edd.
1173 2957 1230 3004 τὸ]
1251 2961 1297 3006 τῷ
1316 2957 1409 2993 Edd.
1518 2968 1572 3005 25.
1590 2973 1668 2995 κατ-

98 3008 260 3044 εθεάσατο
277 3009 320 3045 Α.
337 3009 515 3044 κατεθεᾶτο
533 3006 624 3042 Edd.
832 3005 885 3040 26.
911 3006 1021 3052 φησὶν
1037 3010 1118 3051 post
1133 3005 1209 3051 Ἱερ.
1227 3011 1358 3051 transp.
1375 3005 1434 3040 iid.
