<?xml version="1.0" encoding="UTF-8"?>
<!DOCTYPE html PUBLIC "-//W3C//DTD XHTML 1.0 Transitional//EN"
    "http://www.w3.org/TR/xhtml1/DTD/xhtml1-transitional.dtd">
<html xmlns="http://www.w3.org/1999/xhtml" xml:lang="en" lang="en">
 <head>
  <title>
</title>
<meta http-equiv="Content-Type" content="text/html;charset=utf-8" />
  <meta name='ocr-system' content='tesseract 3.04.00' />
  <meta name='ocr-capabilities' content='ocr_page ocr_carea ocr_par ocr_line ocrx_word'/>
</head>
<body>
  <div class='ocr_page' id='page_1' title='image "./operacyrilli01cyriuoft/operacyrilli01cyriuoft_0713.png"; bbox 0 0 2021 3434; ppageno 0'>
   <div class='ocr_carea' id='block_1_1' title="bbox 109 213 1690 268">
    <p class='ocr_par' dir='ltr' id='par_1_1' title="bbox 109 213 1690 268">
     <span class='ocr_line' id='line_1_1' title="bbox 109 213 1690 268; baseline 0.003 -15"><span class='ocrx_word' id='word_1_1' title='bbox 109 213 163 254; x_wconf 90' lang='lat' dir='ltr'>iv.</span> <span class='ocrx_word' id='word_1_2' title='bbox 183 226 276 268; x_wconf 82' lang='lat'>3,4.</span> <span class='ocrx_word' id='word_1_3' title='bbox 498 215 572 256; x_wconf 94' lang='lat' dir='ltr'>IN</span> <span class='ocrx_word' id='word_1_4' title='bbox 616 215 1005 257; x_wconf 83' lang='lat' dir='ltr'>MICHAEAM.</span> <span class='ocrx_word' id='word_1_5' title='bbox 1067 216 1216 257; x_wconf 83' lang='lat' dir='ltr'>TOM.</span> <span class='ocrx_word' id='word_1_6' title='bbox 1252 216 1312 257; x_wconf 91' lang='lat' dir='ltr'>II.</span> <span class='ocrx_word' id='word_1_7' title='bbox 1609 218 1690 257; x_wconf 73' lang='lat'>663</span> 
     </span>
    </p>
   </div>
   <div class='ocr_carea' id='block_1_2' title="bbox 0 322 1917 2439">
    <p class='ocr_par' dir='ltr' id='par_1_2' title="bbox 0 322 1917 2439">
     <span class='ocr_line' id='line_1_2' title="bbox 107 322 1692 391; baseline 0.002 -18"><span class='ocrx_word' id='word_1_8' title='bbox 107 322 320 384; x_wconf 82' lang='grc' dir='ltr'>πολέμου</span> <span class='ocrx_word' id='word_1_9' title='bbox 351 323 468 390; x_wconf 79' lang='grc' dir='ltr'>πρὸς</span> <span class='ocrx_word' id='word_1_10' title='bbox 503 325 619 390; x_wconf 74' lang='grc' dir='ltr'>ἔργα</span> <span class='ocrx_word' id='word_1_11' title='bbox 660 323 893 391; x_wconf 84' lang='grc' dir='ltr'>γηπόνοις,</span> <span class='ocrx_word' id='word_1_12' title='bbox 934 328 1009 375; x_wconf 85' lang='grc' dir='ltr'>καί</span> <span class='ocrx_word' id='word_1_13' title='bbox 1056 325 1240 376; x_wconf 69' lang='grc' dir='ltr'>ἕκαστον</span> <span class='ocrx_word' id='word_1_14' title='bbox 1280 325 1327 376; x_wconf 76' lang='grc' dir='ltr'>δὲ</span> <span class='ocrx_word' id='word_1_15' title='bbox 1367 324 1692 386; x_wconf 63' lang='grc' dir='ltr'>ἀναπαύεσθαι,</span> 
     </span>
     <span class='ocr_line' id='line_1_3' title="bbox 109 404 1694 475; baseline 0.004 -22"><span class='ocrx_word' id='word_1_16' title='bbox 109 406 259 471; x_wconf 78' lang='grc' dir='ltr'>φησὶν</span> <span class='ocrx_word' id='word_1_17' title='bbox 309 405 334 456; x_wconf 82' lang='grc' dir='ltr'><em>ὃ</em></span> <span class='ocrx_word' id='word_1_18' title='bbox 386 407 660 475; x_wconf 82' lang='grc' dir='ltr'>Προφήτης,</span> <span class='ocrx_word' id='word_1_19' title='bbox 713 408 928 458; x_wconf 58' lang='grc' dir='ltr'>ὑποκάτω</span> <span class='ocrx_word' id='word_1_20' title='bbox 980 407 1116 467; x_wconf 54' lang='lat' dir='ltr'>‹rw-575</span> <span class='ocrx_word' id='word_1_21' title='bbox 1169 404 1288 462; x_wconf 56' lang='grc' dir='ltr'>ἰδίας</span> <span class='ocrx_word' id='word_1_22' title='bbox 1342 415 1418 458; x_wconf 69' lang='grc' dir='ltr'>καὶ</span> <span class='ocrx_word' id='word_1_23' title='bbox 1475 407 1568 471; x_wconf 85' lang='grc' dir='ltr'>μὴν</span> <span class='ocrx_word' id='word_1_24' title='bbox 1618 411 1694 459; x_wconf 82' lang='grc' dir='ltr'>καὶ</span> 
     </span>
     <span class='ocr_line' id='line_1_4' title="bbox 108 486 1695 556; baseline 0.003 -20"><span class='ocrx_word' id='word_1_25' title='bbox 108 486 332 554; x_wconf 64' lang='grc' dir='ltr'>ἀμπέλου,</span> <span class='ocrx_word' id='word_1_26' title='bbox 376 489 552 553; x_wconf 69' lang='grc' dir='ltr'>μηδένα</span> <span class='ocrx_word' id='word_1_27' title='bbox 591 512 639 540; x_wconf 93' lang='grc' dir='ltr'>τε</span> <span class='ocrx_word' id='word_1_28' title='bbox 681 487 794 539; x_wconf 76' lang='grc' dir='ltr'>εἶναι</span> <span class='ocrx_word' id='word_1_29' title='bbox 837 488 920 539; x_wconf 80' lang='grc' dir='ltr'>τὸν</span> <span class='ocrx_word' id='word_1_30' title='bbox 962 488 1293 552; x_wconf 84' lang='grc' dir='ltr'>δεδιττόμενον,</span> <span class='ocrx_word' id='word_1_31' title='bbox 1340 491 1388 540; x_wconf 84' lang='grc' dir='ltr'>τί</span> <span class='ocrx_word' id='word_1_32' title='bbox 1436 488 1492 539; x_wconf 76' lang='grc' dir='ltr'>ἂν</span> <span class='ocrx_word' id='word_1_33' title='bbox 1538 489 1695 556; x_wconf 77' lang='grc' dir='ltr'>ἕτερον</span> 
     </span>
     <span class='ocr_line' id='line_1_5' title="bbox 107 567 1695 638; baseline 0.003 -19"><span class='ocrx_word' id='word_1_34' title='bbox 107 567 216 630; x_wconf 82' lang='grc' dir='ltr'>ἡμῖν</span> <span class='ocrx_word' id='word_1_35' title='bbox 265 569 587 638; x_wconf 82' lang='grc' dir='ltr'>ὑπεμφήνειεν,</span> <span class='ocrx_word' id='word_1_36' title='bbox 632 569 660 633; x_wconf 89' lang='grc' dir='ltr'>ὴ</span> <span class='ocrx_word' id='word_1_37' title='bbox 707 570 778 621; x_wconf 77' lang='grc' dir='ltr'>ὅτι</span> <span class='ocrx_word' id='word_1_38' title='bbox 826 571 996 632; x_wconf 79' lang='grc' dir='ltr'>βαθεῖά</span> <span class='ocrx_word' id='word_1_39' title='bbox 1043 594 1112 623; x_wconf 91' lang='grc' dir='ltr'>τις</span> <span class='ocrx_word' id='word_1_40' title='bbox 1161 570 1295 620; x_wconf 76' lang='grc' dir='ltr'>ἔσται</span> <span class='ocrx_word' id='word_1_41' title='bbox 1347 573 1421 621; x_wconf 78' lang='grc' dir='ltr'>καί</span> <span class='ocrx_word' id='word_1_42' title='bbox 1466 571 1695 638; x_wconf 73' lang='grc' dir='ltr'>ἅῤῥηκτος</span> 
     </span>
     <span class='ocr_line' id='line_1_6' title="bbox 65 649 1694 718; baseline 0.003 -19"><span class='ocrx_word' id='word_1_43' title='bbox 65 649 134 713; x_wconf 75' lang='grc' dir='ltr'>δή</span> <span class='ocrx_word' id='word_1_44' title='bbox 172 650 342 717; x_wconf 85' lang='grc' dir='ltr'>εἰρήνη,</span> <span class='ocrx_word' id='word_1_45' title='bbox 374 654 450 702; x_wconf 86' lang='grc' dir='ltr'>καὶ</span> <span class='ocrx_word' id='word_1_46' title='bbox 493 651 651 718; x_wconf 80' lang='grc' dir='ltr'>καιρὸς</span> <span class='ocrx_word' id='word_1_47' title='bbox 692 651 960 716; x_wconf 85' lang='grc' dir='ltr'>ἀπόλεμος;</span> <span class='ocrx_word' id='word_1_48' title='bbox 1007 653 1278 703; x_wconf 83' lang='grc' dir='ltr'>τετέλεσται</span> <span class='ocrx_word' id='word_1_49' title='bbox 1319 653 1367 703; x_wconf 80' lang='grc' dir='ltr'>δὲ</span> <span class='ocrx_word' id='word_1_50' title='bbox 1405 655 1537 704; x_wconf 81' lang='grc' dir='ltr'>ταυτὶ</span> <span class='ocrx_word' id='word_1_51' title='bbox 1577 653 1694 704; x_wconf 82' lang='grc' dir='ltr'>κατὰ</span> 
     </span>
     <span class='ocr_line' id='line_1_7' title="bbox 104 732 1693 802; baseline 0.003 -21"><span class='ocrx_word' id='word_1_52' title='bbox 104 732 212 785; x_wconf 72' lang='grc' dir='ltr'>τοὺς</span> <span class='ocrx_word' id='word_1_53' title='bbox 249 736 333 796; x_wconf 82' lang='grc' dir='ltr'>τῆς</span> <span class='ocrx_word' id='word_1_54' title='bbox 372 735 613 798; x_wconf 81' lang='grc' dir='ltr'>ἐπιδημίας</span> <span class='ocrx_word' id='word_1_55' title='bbox 654 733 855 800; x_wconf 81' lang='grc' dir='ltr'>καιρούς.</span> <span class='ocrx_word' id='word_1_56' title='bbox 938 736 1014 784; x_wconf 79' lang='grc' dir='ltr'>καὶ</span> <span class='ocrx_word' id='word_1_57' title='bbox 1062 740 1178 799; x_wconf 83' lang='grc' dir='ltr'>γοῦν</span> <span class='ocrx_word' id='word_1_58' title='bbox 1227 734 1365 787; x_wconf 81' lang='grc' dir='ltr'>αὐτὸς</span> <span class='ocrx_word' id='word_1_59' title='bbox 1416 735 1623 802; x_wconf 73' lang='grc' dir='ltr'>ε”φασκεν</span> <span class='ocrx_word' id='word_1_60' title='bbox 1669 737 1693 786; x_wconf 85' lang='grc' dir='ltr'>ὁ</span> 
     </span>
     <span class='ocr_line' id='line_1_8' title="bbox 105 815 1906 883; baseline 0.003 -18"><span class='ocrx_word' id='word_1_61' title='bbox 105 815 317 880; x_wconf 85' lang='grc' dir='ltr'>Χριστός</span> <span class='ocrx_word' id='word_1_62' title='bbox 344 823 372 844; x_wconf 85' lang='grc'><strong>“</strong></span> <span class='ocrx_word' id='word_1_63' title='bbox 393 815 598 882; x_wconf 80' lang='grc' dir='ltr'>Εἰρήνην</span> <span class='ocrx_word' id='word_1_64' title='bbox 628 816 714 880; x_wconf 87' lang='grc' dir='ltr'>τὴν</span> <span class='ocrx_word' id='word_1_65' title='bbox 745 815 860 880; x_wconf 85' lang='grc' dir='ltr'>ἐμὴν</span> <span class='ocrx_word' id='word_1_66' title='bbox 898 818 1061 880; x_wconf 88' lang='grc' dir='ltr'>δίδωμι</span> <span class='ocrx_word' id='word_1_67' title='bbox 1101 818 1219 879; x_wconf 82' lang='grc' dir='ltr'>ὑμῖν,</span> <span class='ocrx_word' id='word_1_68' title='bbox 1247 816 1431 882; x_wconf 81' lang='grc' dir='ltr'>εἰρήνην</span> <span class='ocrx_word' id='word_1_69' title='bbox 1463 817 1548 881; x_wconf 83' lang='grc' dir='ltr'>τὴν</span> <span class='ocrx_word' id='word_1_70' title='bbox 1579 818 1693 883; x_wconf 85' lang='grc' dir='ltr'>ε’μὴν</span> <span class='ocrx_word' id='word_1_71' title='bbox 1755 830 1906 879; x_wconf 69' lang='lat' dir='ltr'>S3Joan-</span> 
     </span>
     <span class='ocr_line' id='line_1_9' title="bbox 107 881 1917 965; baseline 0.005 -18"><span class='ocrx_word' id='word_1_72' title='bbox 107 903 134 926; x_wconf 74' lang='lat'>‘⁶</span> <span class='ocrx_word' id='word_1_73' title='bbox 158 896 330 965; x_wconf 82' lang='grc' dir='ltr'>ἀφίημι</span> <span class='ocrx_word' id='word_1_74' title='bbox 366 898 519 960; x_wconf 83' lang='grc' dir='ltr'>ὑμῖν.”</span> <span class='ocrx_word' id='word_1_75' title='bbox 1711 931 1733 955; x_wconf 88' lang='lat' dir='ltr'>a</span> <span class='ocrx_word' id='word_1_76' title='bbox 1755 885 1854 956; x_wconf 44' lang='lat'>{¹382</span> <span class='ocrx_word' id='word_1_77' title='bbox 1864 881 1917 956; x_wconf 51' lang='grc' dir='ltr'>ῩᾸ.</span> 
     </span>
     <span class='ocr_line' id='line_1_10' title="bbox 181 978 1693 1049; baseline 0.002 -19"><span class='ocrx_word' id='word_1_78' title='bbox 181 980 307 1030; x_wconf 84' lang='grc' dir='ltr'>Πότε</span> <span class='ocrx_word' id='word_1_79' title='bbox 346 979 394 1030; x_wconf 80' lang='grc' dir='ltr'>δὲ</span> <span class='ocrx_word' id='word_1_80' title='bbox 428 978 457 1044; x_wconf 78' lang='grc' dir='ltr'>ἢ</span> <span class='ocrx_word' id='word_1_81' title='bbox 491 984 592 1033; x_wconf 81' lang='grc' dir='ltr'>πῶς</span> <span class='ocrx_word' id='word_1_82' title='bbox 627 982 702 1030; x_wconf 83' lang='grc' dir='ltr'>καί</span> <span class='ocrx_word' id='word_1_83' title='bbox 735 980 762 1043; x_wconf 84' lang='grc' dir='ltr'>ἡ</span> <span class='ocrx_word' id='word_1_84' title='bbox 798 981 847 1030; x_wconf 86' lang='grc' dir='ltr'>ἐν</span> <span class='ocrx_word' id='word_1_85' title='bbox 886 980 1052 1049; x_wconf 75' lang='grc' dir='ltr'>κόσμῳ</span> <span class='ocrx_word' id='word_1_86' title='bbox 1090 981 1282 1046; x_wconf 73' lang='grc' dir='ltr'>γέγονεν</span> <span class='ocrx_word' id='word_1_87' title='bbox 1306 981 1497 1046; x_wconf 79' lang='grc' dir='ltr'>εἰρήνης</span> <span class='ocrx_word' id='word_1_88' title='bbox 1538 981 1693 1047; x_wconf 84' lang='grc' dir='ltr'>ἐπειδὴ</span> 
     </span>
     <span class='ocr_line' id='line_1_11' title="bbox 41 1060 1694 1128; baseline 0.004 -20"><span class='ocrx_word' id='word_1_89' title='bbox 41 1083 87 1108; x_wconf 83' lang='lat'>10</span> <span class='ocrx_word' id='word_1_90' title='bbox 105 1060 197 1126; x_wconf 79' lang='grc' dir='ltr'>γὰρ</span> <span class='ocrx_word' id='word_1_91' title='bbox 231 1064 314 1125; x_wconf 83' lang='grc' dir='ltr'>τῆς</span> <span class='ocrx_word' id='word_1_92' title='bbox 352 1060 427 1113; x_wconf 85' lang='grc' dir='ltr'>ὑπ’</span> <span class='ocrx_word' id='word_1_93' title='bbox 457 1061 655 1128; x_wconf 79' lang='grc' dir='ltr'>οὐρανὸν</span> <span class='ocrx_word' id='word_1_94' title='bbox 695 1063 1012 1126; x_wconf 83' lang='grc' dir='ltr'>κατεκράτησε</span> <span class='ocrx_word' id='word_1_95' title='bbox 1053 1062 1223 1112; x_wconf 82' lang='grc' dir='ltr'>λοιπὸν</span> <span class='ocrx_word' id='word_1_96' title='bbox 1256 1063 1284 1126; x_wconf 82' lang='grc' dir='ltr'>ἡ</span> <span class='ocrx_word' id='word_1_97' title='bbox 1319 1067 1415 1114; x_wconf 83' lang='grc' dir='ltr'>τῶν</span> <span class='ocrx_word' id='word_1_98' title='bbox 1448 1065 1694 1127; x_wconf 87' lang='grc' dir='ltr'>Ῥωμαίων</span> 
     </span>
     <span class='ocr_line' id='line_1_12' title="bbox 21 1135 1691 1214; baseline 0.002 -21"><span class='ocrx_word' id='word_1_99' title='bbox 21 1135 26 1137; x_wconf 20' lang='grc' dir='ltr'>ἰ</span> <span class='ocrx_word' id='word_1_100' title='bbox 105 1141 228 1210; x_wconf 80' lang='grc' dir='ltr'>ἀρχὴ</span> <span class='ocrx_word' id='word_1_101' title='bbox 262 1145 338 1195; x_wconf 82' lang='grc' dir='ltr'>καὶ</span> <span class='ocrx_word' id='word_1_102' title='bbox 371 1143 684 1207; x_wconf 81' lang='grc' dir='ltr'>εὐκλεεστάτη</span> <span class='ocrx_word' id='word_1_103' title='bbox 725 1143 966 1207; x_wconf 79' lang='grc' dir='ltr'>βασιλεία,</span> <span class='ocrx_word' id='word_1_104' title='bbox 1006 1143 1372 1211; x_wconf 66' lang='grc' dir='ltr'>συνηνέχθησαν</span> <span class='ocrx_word' id='word_1_105' title='bbox 1409 1168 1459 1196; x_wconf 89' lang='grc' dir='ltr'>τε</span> <span class='ocrx_word' id='word_1_106' title='bbox 1497 1148 1572 1196; x_wconf 77' lang='grc' dir='ltr'>καὶ</span> <span class='ocrx_word' id='word_1_107' title='bbox 1612 1147 1691 1214; x_wconf 87' lang='grc' dir='ltr'>ὑφ’</span> 
     </span>
     <span class='ocr_line' id='line_1_13' title="bbox 105 1224 1694 1297; baseline 0.002 -21"><span class='ocrx_word' id='word_1_108' title='bbox 105 1225 185 1276; x_wconf 82' lang='grc' dir='ltr'>ἕνα</span> <span class='ocrx_word' id='word_1_109' title='bbox 223 1225 450 1292; x_wconf 83' lang='grc' dir='ltr'>γεγόνασι</span> <span class='ocrx_word' id='word_1_110' title='bbox 490 1224 630 1291; x_wconf 75' lang='grc' dir='ltr'>ζυγὸν</span> <span class='ocrx_word' id='word_1_111' title='bbox 660 1225 718 1276; x_wconf 80' lang='grc' dir='ltr'>τὰ</span> <span class='ocrx_word' id='word_1_112' title='bbox 756 1226 865 1289; x_wconf 76' lang='grc' dir='ltr'>ε”θνη</span> <span class='ocrx_word' id='word_1_113' title='bbox 904 1225 1177 1289; x_wconf 85' lang='grc' dir='ltr'>σύμπαντα,</span> <span class='ocrx_word' id='word_1_114' title='bbox 1204 1228 1280 1277; x_wconf 82' lang='grc' dir='ltr'>καὶ</span> <span class='ocrx_word' id='word_1_115' title='bbox 1317 1228 1584 1297; x_wconf 73' lang='grc' dir='ltr'>κατέληξαν</span> <span class='ocrx_word' id='word_1_116' title='bbox 1608 1227 1694 1291; x_wconf 81' lang='grc' dir='ltr'>μὲν</span> 
     </span>
     <span class='ocr_line' id='line_1_14' title="bbox 105 1307 1693 1374; baseline 0.004 -17"><span class='ocrx_word' id='word_1_117' title='bbox 105 1313 188 1358; x_wconf 84' lang='grc' dir='ltr'>τοῦ</span> <span class='ocrx_word' id='word_1_118' title='bbox 230 1307 350 1373; x_wconf 84' lang='grc' dir='ltr'>πρὸς</span> <span class='ocrx_word' id='word_1_119' title='bbox 396 1307 594 1372; x_wconf 77' lang='grc' dir='ltr'>ἄλληλα</span> <span class='ocrx_word' id='word_1_120' title='bbox 643 1307 873 1370; x_wconf 75' lang='grc' dir='ltr'>πολέμου,</span> <span class='ocrx_word' id='word_1_121' title='bbox 927 1307 1186 1374; x_wconf 80' lang='grc' dir='ltr'>ἐτράποντο</span> <span class='ocrx_word' id='word_1_122' title='bbox 1241 1308 1290 1359; x_wconf 79' lang='grc' dir='ltr'>δὲ</span> <span class='ocrx_word' id='word_1_123' title='bbox 1340 1308 1458 1374; x_wconf 78' lang='grc' dir='ltr'>πρὸς</span> <span class='ocrx_word' id='word_1_124' title='bbox 1507 1309 1566 1361; x_wconf 80' lang='grc' dir='ltr'>τὰ</span> <span class='ocrx_word' id='word_1_125' title='bbox 1610 1314 1693 1374; x_wconf 76' lang='grc' dir='ltr'>τῆς</span> 
     </span>
     <span class='ocr_line' id='line_1_15' title="bbox 105 1388 1691 1456; baseline 0.003 -17"><span class='ocrx_word' id='word_1_126' title='bbox 105 1388 284 1455; x_wconf 78' lang='grc' dir='ltr'>εἰρήνης</span> <span class='ocrx_word' id='word_1_127' title='bbox 331 1390 458 1456; x_wconf 68' lang='grc' dir='ltr'>ἔργα,</span> <span class='ocrx_word' id='word_1_128' title='bbox 509 1392 655 1453; x_wconf 78' lang='grc' dir='ltr'>δῆλον</span> <span class='ocrx_word' id='word_1_129' title='bbox 706 1389 753 1440; x_wconf 73' lang='grc' dir='ltr'>δὲ</span> <span class='ocrx_word' id='word_1_130' title='bbox 804 1389 874 1441; x_wconf 78' lang='grc' dir='ltr'>ὅτι</span> <span class='ocrx_word' id='word_1_131' title='bbox 922 1389 1041 1456; x_wconf 79' lang='grc' dir='ltr'>πρὸς</span> <span class='ocrx_word' id='word_1_132' title='bbox 1091 1391 1365 1455; x_wconf 81' lang='grc' dir='ltr'>γεωπονιάς,</span> <span class='ocrx_word' id='word_1_133' title='bbox 1408 1392 1605 1443; x_wconf 82' lang='grc' dir='ltr'>ἕκαστοί</span> <span class='ocrx_word' id='word_1_134' title='bbox 1643 1416 1691 1444; x_wconf 92' lang='grc' dir='ltr'>τε</span> 
     </span>
     <span class='ocr_line' id='line_1_16' title="bbox 39 1471 1692 1541; baseline 0.004 -20"><span class='ocrx_word' id='word_1_135' title='bbox 39 1486 86 1525; x_wconf 88' lang='lat'>15</span> <span class='ocrx_word' id='word_1_136' title='bbox 106 1473 343 1539; x_wconf 79' lang='grc' dir='ltr'>ἀσφαλῶς</span> <span class='ocrx_word' id='word_1_137' title='bbox 377 1471 461 1527; x_wconf 79' lang='grc' dir='ltr'>τὰς</span> <span class='ocrx_word' id='word_1_138' title='bbox 502 1474 677 1523; x_wconf 78' lang='grc' dir='ltr'>ἑαυτῶν</span> <span class='ocrx_word' id='word_1_139' title='bbox 722 1476 903 1523; x_wconf 80' lang='grc' dir='ltr'>οἰκοῦσι</span> <span class='ocrx_word' id='word_1_140' title='bbox 944 1471 1123 1526; x_wconf 79' lang='grc' dir='ltr'>πόλεις.</span> <span class='ocrx_word' id='word_1_141' title='bbox 1191 1474 1320 1524; x_wconf 77' lang='grc' dir='ltr'>οὔπω</span> <span class='ocrx_word' id='word_1_142' title='bbox 1358 1473 1441 1537; x_wconf 76' lang='grc' dir='ltr'>μὲν</span> <span class='ocrx_word' id='word_1_143' title='bbox 1479 1473 1572 1541; x_wconf 78' lang='grc' dir='ltr'>γὰρ</span> <span class='ocrx_word' id='word_1_144' title='bbox 1609 1479 1692 1539; x_wconf 82' lang='grc' dir='ltr'>τῆς</span> 
     </span>
     <span class='ocr_line' id='line_1_17' title="bbox 104 1553 1691 1622; baseline 0.003 -18"><span class='ocrx_word' id='word_1_145' title='bbox 104 1554 351 1617; x_wconf 89' lang='grc' dir='ltr'>Ῥωμαίων</span> <span class='ocrx_word' id='word_1_146' title='bbox 401 1553 554 1622; x_wconf 78' lang='grc' dir='ltr'>χειρὸς</span> <span class='ocrx_word' id='word_1_147' title='bbox 614 1555 999 1620; x_wconf 81' lang='grc' dir='ltr'>κατακρατούσης</span> <span class='ocrx_word' id='word_1_148' title='bbox 1052 1555 1218 1617; x_wconf 82' lang='grc' dir='ltr'>αὐτῶν,</span> <span class='ocrx_word' id='word_1_149' title='bbox 1267 1554 1470 1618; x_wconf 83' lang='grc' dir='ltr'>πόλεμοί</span> <span class='ocrx_word' id='word_1_150' title='bbox 1515 1580 1565 1608; x_wconf 87' lang='grc' dir='ltr'>τε</span> <span class='ocrx_word' id='word_1_151' title='bbox 1616 1560 1691 1609; x_wconf 80' lang='grc' dir='ltr'>καί</span> 
     </span>
     <span class='ocr_line' id='line_1_18' title="bbox 104 1635 1736 1706; baseline 0.002 -20"><span class='ocrx_word' id='word_1_152' title='bbox 104 1635 447 1704; x_wconf 74' lang='grc' dir='ltr'>ἐξαναστάσεις</span> <span class='ocrx_word' id='word_1_153' title='bbox 480 1641 648 1704; x_wconf 80' lang='grc' dir='ltr'>χωρῶν</span> <span class='ocrx_word' id='word_1_154' title='bbox 682 1659 732 1687; x_wconf 88' lang='grc' dir='ltr'>τε</span> <span class='ocrx_word' id='word_1_155' title='bbox 765 1638 841 1686; x_wconf 80' lang='grc' dir='ltr'>καὶ</span> <span class='ocrx_word' id='word_1_156' title='bbox 878 1636 1066 1687; x_wconf 87' lang='grc' dir='ltr'>πόλεων</span> <span class='ocrx_word' id='word_1_157' title='bbox 1101 1637 1328 1702; x_wconf 84' lang='grc' dir='ltr'>γεγόνασι</span> <span class='ocrx_word' id='word_1_158' title='bbox 1354 1642 1586 1706; x_wconf 75' lang='grc' dir='ltr'>πανταχῆ,</span> <span class='ocrx_word' id='word_1_159' title='bbox 1615 1642 1736 1691; x_wconf 71' lang='grc' dir='ltr'>καὶί)</span> 
     </span>
     <span class='ocr_line' id='line_1_19' title="bbox 0 1717 1690 1830; baseline 0.002 -62"><span class='ocrx_word' id='word_1_160' title='bbox 0 1746 2 1830; x_wconf 47' lang='grc' dir='ltr'>ή</span> <span class='ocrx_word' id='word_1_161' title='bbox 103 1719 349 1783; x_wconf 70' lang='grc' dir='ltr'>προῦκειτο</span> <span class='ocrx_word' id='word_1_162' title='bbox 396 1717 481 1782; x_wconf 78' lang='grc' dir='ltr'>μὲν</span> <span class='ocrx_word' id='word_1_163' title='bbox 521 1723 616 1772; x_wconf 80' lang='grc' dir='ltr'>τοῖς</span> <span class='ocrx_word' id='word_1_164' title='bbox 666 1719 911 1769; x_wconf 76' lang='grc' dir='ltr'>ἐθέλουσιν</span> <span class='ocrx_word' id='word_1_165' title='bbox 953 1718 1030 1772; x_wconf 69' lang='grc' dir='ltr'>οὓς</span> <span class='ocrx_word' id='word_1_166' title='bbox 1079 1718 1136 1769; x_wconf 79' lang='grc' dir='ltr'>ἂν</span> <span class='ocrx_word' id='word_1_167' title='bbox 1186 1720 1370 1771; x_wconf 78' lang='grc' dir='ltr'>ἕλοιντο</span> <span class='ocrx_word' id='word_1_168' title='bbox 1415 1725 1690 1789; x_wconf 84' lang='grc' dir='ltr'>καταδῃοῦν,</span> 
     </span>
     <span class='ocr_line' id='line_1_20' title="bbox 104 1799 1689 1869; baseline 0.003 -19"><span class='ocrx_word' id='word_1_169' title='bbox 104 1800 235 1865; x_wconf 76' lang='grc' dir='ltr'>ἄγειν</span> <span class='ocrx_word' id='word_1_170' title='bbox 259 1822 310 1850; x_wconf 89' lang='grc' dir='ltr'>τε</span> <span class='ocrx_word' id='word_1_171' title='bbox 336 1801 410 1850; x_wconf 75' lang='grc' dir='ltr'>καὶ</span> <span class='ocrx_word' id='word_1_172' title='bbox 437 1800 594 1869; x_wconf 78' lang='grc' dir='ltr'>φέρειν</span> <span class='ocrx_word' id='word_1_173' title='bbox 628 1799 686 1850; x_wconf 78' lang='grc' dir='ltr'>τὰ</span> <span class='ocrx_word' id='word_1_174' title='bbox 721 1800 888 1866; x_wconf 80' lang='grc' dir='ltr'>ἑτέρων</span> <span class='ocrx_word' id='word_1_175' title='bbox 918 1803 980 1854; x_wconf 78' lang='grc' dir='ltr'>ὡς</span> <span class='ocrx_word' id='word_1_176' title='bbox 1014 1801 1290 1866; x_wconf 82' lang='grc' dir='ltr'>νενικηκόσι,</span> <span class='ocrx_word' id='word_1_177' title='bbox 1317 1805 1393 1853; x_wconf 77' lang='grc' dir='ltr'>καὶ</span> <span class='ocrx_word' id='word_1_178' title='bbox 1424 1801 1482 1866; x_wconf 81' lang='grc' dir='ltr'>ἧν</span> <span class='ocrx_word' id='word_1_179' title='bbox 1508 1804 1689 1869; x_wconf 79' lang='grc' dir='ltr'>ἀνάγκη</span> 
     </span>
     <span class='ocr_line' id='line_1_21' title="bbox 37 1882 1691 1954; baseline 0.004 -25"><span class='ocrx_word' id='word_1_180' title='bbox 37 1904 86 1930; x_wconf 90' lang='lat'>20</span> <span class='ocrx_word' id='word_1_181' title='bbox 105 1887 198 1935; x_wconf 84' lang='grc' dir='ltr'>τοῖς</span> <span class='ocrx_word' id='word_1_182' title='bbox 225 1887 307 1933; x_wconf 83' lang='grc' dir='ltr'>τοῦ</span> <span class='ocrx_word' id='word_1_183' title='bbox 331 1882 543 1946; x_wconf 80' lang='grc' dir='ltr'>πολέμου</span> <span class='ocrx_word' id='word_1_184' title='bbox 569 1883 788 1933; x_wconf 83' lang='grc' dir='ltr'>σκεύεσιν</span> <span class='ocrx_word' id='word_1_185' title='bbox 807 1883 1095 1948; x_wconf 85' lang='grc' dir='ltr'>ἐνηρμόσθαι</span> <span class='ocrx_word' id='word_1_186' title='bbox 1122 1889 1282 1938; x_wconf 82' lang='grc' dir='ltr'>καλῶς</span> <span class='ocrx_word' id='word_1_187' title='bbox 1308 1883 1414 1938; x_wconf 74' lang='grc' dir='ltr'>τοὺς</span> <span class='ocrx_word' id='word_1_188' title='bbox 1440 1887 1488 1936; x_wconf 86' lang='grc' dir='ltr'>ἐν</span> <span class='ocrx_word' id='word_1_189' title='bbox 1515 1885 1691 1954; x_wconf 86' lang='grc' dir='ltr'>ἑκάστῃ</span> 
     </span>
     <span class='ocr_line' id='line_1_22' title="bbox 105 1964 1696 2035; baseline 0.003 -21"><span class='ocrx_word' id='word_1_190' title='bbox 105 1964 237 2033; x_wconf 73' lang='grc' dir='ltr'>χώρᾳ</span> <span class='ocrx_word' id='word_1_191' title='bbox 261 1987 311 2015; x_wconf 86' lang='grc' dir='ltr'>τε</span> <span class='ocrx_word' id='word_1_192' title='bbox 341 1966 416 2015; x_wconf 80' lang='grc' dir='ltr'>καὶ</span> <span class='ocrx_word' id='word_1_193' title='bbox 450 1964 600 2026; x_wconf 88' lang='grc' dir='ltr'>πόλει,</span> <span class='ocrx_word' id='word_1_194' title='bbox 630 1967 705 2015; x_wconf 79' lang='grc' dir='ltr'>καὶ</span> <span class='ocrx_word' id='word_1_195' title='bbox 736 1965 937 2027; x_wconf 77' lang='grc' dir='ltr'>μελέτην</span> <span class='ocrx_word' id='word_1_196' title='bbox 963 1970 1199 2017; x_wconf 80' lang='grc' dir='ltr'>ποιεῖσθαι</span> <span class='ocrx_word' id='word_1_197' title='bbox 1224 1965 1282 2016; x_wconf 77' lang='grc' dir='ltr'>τὰ</span> <span class='ocrx_word' id='word_1_198' title='bbox 1308 1966 1515 2029; x_wconf 77' lang='grc' dir='ltr'>τακτικὰ,</span> <span class='ocrx_word' id='word_1_199' title='bbox 1542 1969 1696 2035; x_wconf 84' lang='grc' dir='ltr'>σφισί</span> 
     </span>
     <span class='ocr_line' id='line_1_23' title="bbox 104 2045 1688 2114; baseline 0.003 -18"><span class='ocrx_word' id='word_1_200' title='bbox 104 2069 155 2097; x_wconf 94' lang='grc' dir='ltr'>τε</span> <span class='ocrx_word' id='word_1_201' title='bbox 179 2047 332 2100; x_wconf 78' lang='grc' dir='ltr'>αὐτοῖς</span> <span class='ocrx_word' id='word_1_202' title='bbox 358 2045 604 2110; x_wconf 81' lang='grc' dir='ltr'>ἐπαμύνειν</span> <span class='ocrx_word' id='word_1_203' title='bbox 628 2069 677 2097; x_wconf 86' lang='grc' dir='ltr'>τε</span> <span class='ocrx_word' id='word_1_204' title='bbox 715 2050 791 2097; x_wconf 82' lang='grc' dir='ltr'>καὶ</span> <span class='ocrx_word' id='word_1_205' title='bbox 829 2048 1017 2100; x_wconf 83' lang='grc' dir='ltr'>τέκνοις.</span> <span class='ocrx_word' id='word_1_206' title='bbox 1086 2047 1242 2112; x_wconf 85' lang='grc' dir='ltr'>ἐπειδὴ</span> <span class='ocrx_word' id='word_1_207' title='bbox 1275 2048 1324 2099; x_wconf 75' lang='grc' dir='ltr'>δὲ</span> <span class='ocrx_word' id='word_1_208' title='bbox 1358 2049 1560 2114; x_wconf 79' lang='grc' dir='ltr'>ἡδρύνθη</span> <span class='ocrx_word' id='word_1_209' title='bbox 1588 2057 1688 2100; x_wconf 86' lang='grc' dir='ltr'>λοι-</span> 
     </span>
     <span class='ocr_line' id='line_1_24' title="bbox 104 2126 1691 2197; baseline 0.003 -19"><span class='ocrx_word' id='word_1_210' title='bbox 104 2126 195 2178; x_wconf 78' lang='grc' dir='ltr'>πὸν</span> <span class='ocrx_word' id='word_1_211' title='bbox 242 2128 270 2192; x_wconf 85' lang='grc' dir='ltr'>ἡ</span> <span class='ocrx_word' id='word_1_212' title='bbox 319 2131 402 2193; x_wconf 76' lang='grc' dir='ltr'>τῆς</span> <span class='ocrx_word' id='word_1_213' title='bbox 444 2132 539 2179; x_wconf 80' lang='grc' dir='ltr'>τῶν</span> <span class='ocrx_word' id='word_1_214' title='bbox 580 2129 826 2192; x_wconf 83' lang='grc' dir='ltr'>Ῥωμαίων</span> <span class='ocrx_word' id='word_1_215' title='bbox 868 2129 1118 2190; x_wconf 78' lang='grc' dir='ltr'>βασιλείας</span> <span class='ocrx_word' id='word_1_216' title='bbox 1164 2130 1313 2197; x_wconf 77' lang='grc' dir='ltr'>ἰσχὺς,</span> <span class='ocrx_word' id='word_1_217' title='bbox 1354 2131 1585 2182; x_wconf 82' lang='grc' dir='ltr'>πέπαυται</span> <span class='ocrx_word' id='word_1_218' title='bbox 1631 2132 1691 2183; x_wconf 82' lang='grc' dir='ltr'>τὰ</span> 
     </span>
     <span class='ocr_line' id='line_1_25' title="bbox 105 2209 1691 2283; baseline 0.004 -24"><span class='ocrx_word' id='word_1_219' title='bbox 105 2209 270 2273; x_wconf 80' lang='grc' dir='ltr'>τοιάδε,</span> <span class='ocrx_word' id='word_1_220' title='bbox 309 2214 384 2262; x_wconf 81' lang='grc' dir='ltr'>καὶ</span> <span class='ocrx_word' id='word_1_221' title='bbox 425 2216 509 2262; x_wconf 84' lang='grc' dir='ltr'>τοῦ</span> <span class='ocrx_word' id='word_1_222' title='bbox 554 2212 765 2275; x_wconf 75' lang='grc' dir='ltr'>πολέμου</span> <span class='ocrx_word' id='word_1_223' title='bbox 803 2210 861 2261; x_wconf 78' lang='grc' dir='ltr'>τὰ</span> <span class='ocrx_word' id='word_1_224' title='bbox 900 2212 1059 2275; x_wconf 81' lang='grc' dir='ltr'>σκεύη,</span> <span class='ocrx_word' id='word_1_225' title='bbox 1099 2212 1339 2263; x_wconf 84' lang='grc' dir='ltr'>σκαπάναι</span> <span class='ocrx_word' id='word_1_226' title='bbox 1378 2215 1452 2264; x_wconf 86' lang='grc' dir='ltr'>καί</span> <span class='ocrx_word' id='word_1_227' title='bbox 1493 2211 1691 2283; x_wconf 52' lang='grc' dir='ltr'>δρέπανα</span> 
     </span>
     <span class='ocr_line' id='line_1_26' title="bbox 38 2290 1730 2363; baseline 0.005 -21"><span class='ocrx_word' id='word_1_228' title='bbox 38 2310 86 2348; x_wconf 84' lang='lat'>25</span> <span class='ocrx_word' id='word_1_229' title='bbox 105 2294 180 2343; x_wconf 80' lang='grc' dir='ltr'>καὶ</span> <span class='ocrx_word' id='word_1_230' title='bbox 217 2290 311 2356; x_wconf 87' lang='grc' dir='ltr'>μὴν</span> <span class='ocrx_word' id='word_1_231' title='bbox 344 2294 419 2344; x_wconf 79' lang='grc' dir='ltr'>καὶ</span> <span class='ocrx_word' id='word_1_232' title='bbox 452 2293 609 2363; x_wconf 68' lang='grc' dir='ltr'>ἄροτρα,</span> <span class='ocrx_word' id='word_1_233' title='bbox 643 2292 911 2359; x_wconf 82' lang='grc' dir='ltr'>γεγόνασιν,</span> <span class='ocrx_word' id='word_1_234' title='bbox 938 2295 1012 2344; x_wconf 84' lang='grc' dir='ltr'>καί</span> <span class='ocrx_word' id='word_1_235' title='bbox 1046 2297 1108 2348; x_wconf 90' lang='grc' dir='ltr'>εἰς</span> <span class='ocrx_word' id='word_1_236' title='bbox 1140 2292 1273 2361; x_wconf 75' lang='grc' dir='ltr'>ἕτερα</span> <span class='ocrx_word' id='word_1_237' title='bbox 1308 2293 1423 2345; x_wconf 84' lang='grc' dir='ltr'>ἅττα</span> <span class='ocrx_word' id='word_1_238' title='bbox 1452 2295 1510 2346; x_wconf 77' lang='grc' dir='ltr'>τὰ</span> <span class='ocrx_word' id='word_1_239' title='bbox 1535 2296 1688 2347; x_wconf 84' lang='grc' dir='ltr'>τοιάδε</span> <span class='ocrx_word' id='word_1_240' title='bbox 1709 2324 1730 2351; x_wconf 85' lang='lat' dir='ltr'><strong>e</strong></span> 
     </span>
     <span class='ocr_line' id='line_1_27' title="bbox 105 2373 691 2439; baseline 0.003 -14"><span class='ocrx_word' id='word_1_241' title='bbox 105 2373 274 2426; x_wconf 81' lang='grc' dir='ltr'>λοιπὸν</span> <span class='ocrx_word' id='word_1_242' title='bbox 297 2374 691 2439; x_wconf 84' lang='grc' dir='ltr'>μετεπλάττοντο.</span> 
     </span>
    </p>
   </div>
   <div class='ocr_carea' id='block_1_3' title="bbox 109 2550 1691 2970">
    <p class='ocr_par' dir='ltr' id='par_1_3' title="bbox 109 2550 1691 2970">
     <span class='ocr_line' id='line_1_28' title="bbox 159 2550 1688 2601; baseline 0.005 -18"><span class='ocrx_word' id='word_1_243' title='bbox 159 2561 187 2584; x_wconf 92' lang='lat'>1.</span> <span class='ocrx_word' id='word_1_244' title='bbox 213 2550 274 2594; x_wconf 86' lang='grc' dir='ltr'>μὲν</span> <span class='ocrx_word' id='word_1_245' title='bbox 290 2562 352 2594; x_wconf 89' lang='lat' dir='ltr'>pro</span> <span class='ocrx_word' id='word_1_246' title='bbox 370 2551 406 2584; x_wconf 79' lang='grc' dir='ltr'>δὲ</span> <span class='ocrx_word' id='word_1_247' title='bbox 422 2551 467 2585; x_wconf 90' lang='lat' dir='ltr'>A.</span> <span class='ocrx_word' id='word_1_248' title='bbox 517 2550 643 2585; x_wconf 80' lang='lat' dir='ltr'>Statim</span> <span class='ocrx_word' id='word_1_249' title='bbox 663 2550 912 2586; x_wconf 82' lang='grc' dir='ltr'>καταπαύεσθαι</span> <span class='ocrx_word' id='word_1_250' title='bbox 930 2552 973 2585; x_wconf 91' lang='lat' dir='ltr'>A.</span> <span class='ocrx_word' id='word_1_251' title='bbox 1280 2563 1312 2586; x_wconf 88' lang='lat'>2.</span> <span class='ocrx_word' id='word_1_252' title='bbox 1331 2554 1441 2597; x_wconf 82' lang='grc' dir='ltr'>φησὶν</span> <span class='ocrx_word' id='word_1_253' title='bbox 1458 2555 1475 2587; x_wconf 92' lang='grc' dir='ltr'>ὁ</span> <span class='ocrx_word' id='word_1_254' title='bbox 1492 2554 1688 2601; x_wconf 86' lang='grc' dir='ltr'>προφήτης]</span> 
     </span>
     <span class='ocr_line' id='line_1_29' title="bbox 110 2596 1689 2645; baseline 0.003 -14"><span class='ocrx_word' id='word_1_255' title='bbox 110 2596 208 2631; x_wconf 86' lang='lat' dir='ltr'>Haec</span> <span class='ocrx_word' id='word_1_256' title='bbox 233 2597 362 2632; x_wconf 83' lang='lat' dir='ltr'>retinui</span> <span class='ocrx_word' id='word_1_257' title='bbox 386 2609 428 2631; x_wconf 85' lang='lat' dir='ltr'>ex</span> <span class='ocrx_word' id='word_1_258' title='bbox 453 2598 496 2632; x_wconf 88' lang='lat' dir='ltr'>A.</span> <span class='ocrx_word' id='word_1_259' title='bbox 531 2598 658 2632; x_wconf 80' lang='lat' dir='ltr'><strong>desunt</strong></span> <span class='ocrx_word' id='word_1_260' title='bbox 694 2598 731 2632; x_wconf 85' lang='lat' dir='ltr'>in</span> <span class='ocrx_word' id='word_1_261' title='bbox 761 2598 803 2632; x_wconf 89' lang='lat' dir='ltr'>B.</span> <span class='ocrx_word' id='word_1_262' title='bbox 869 2598 977 2632; x_wconf 82' lang='grc' dir='ltr'>καθὼς</span> <span class='ocrx_word' id='word_1_263' title='bbox 1011 2598 1240 2642; x_wconf 65' lang='lat' dir='ltr'>praemietunt</span> <span class='ocrx_word' id='word_1_264' title='bbox 1266 2599 1358 2634; x_wconf 87' lang='lat' dir='ltr'>Edd.</span> <span class='ocrx_word' id='word_1_265' title='bbox 1396 2608 1613 2645; x_wconf 68' lang='lat' dir='ltr'>repugnante</span> <span class='ocrx_word' id='word_1_266' title='bbox 1644 2604 1689 2636; x_wconf 84' lang='lat' dir='ltr'>A.</span> 
     </span>
     <span class='ocr_line' id='line_1_30' title="bbox 109 2642 1690 2691; baseline 0.003 -13"><span class='ocrx_word' id='word_1_267' title='bbox 109 2655 144 2689; x_wconf 89' lang='lat'>3.</span> <span class='ocrx_word' id='word_1_268' title='bbox 169 2644 202 2678; x_wconf 87' lang='grc' dir='ltr'>τί</span> <span class='ocrx_word' id='word_1_269' title='bbox 218 2642 257 2678; x_wconf 81' lang='grc' dir='ltr'>ἂν</span> <span class='ocrx_word' id='word_1_270' title='bbox 273 2644 365 2679; x_wconf 87' lang='grc' dir='ltr'><strong>Α.Β.</strong></span> <span class='ocrx_word' id='word_1_271' title='bbox 382 2644 415 2678; x_wconf 82' lang='grc' dir='ltr'>τί</span> <span class='ocrx_word' id='word_1_272' title='bbox 431 2645 471 2688; x_wconf 85' lang='grc' dir='ltr'>δὴ</span> <span class='ocrx_word' id='word_1_273' title='bbox 491 2644 583 2678; x_wconf 88' lang='lat' dir='ltr'>Edd.</span> <span class='ocrx_word' id='word_1_274' title='bbox 804 2657 837 2687; x_wconf 93' lang='lat'>4.</span> <span class='ocrx_word' id='word_1_275' title='bbox 863 2643 1090 2690; x_wconf 83' lang='grc' dir='ltr'>ὑπεμφήνειεν</span> <span class='ocrx_word' id='word_1_276' title='bbox 1107 2645 1150 2679; x_wconf 88' lang='grc' dir='ltr'>Β.</span> <span class='ocrx_word' id='word_1_277' title='bbox 1168 2645 1372 2691; x_wconf 79' lang='grc' dir='ltr'>ὑποφήνειεν</span> <span class='ocrx_word' id='word_1_278' title='bbox 1387 2645 1428 2680; x_wconf 86' lang='grc' dir='ltr'>ἂν</span> <span class='ocrx_word' id='word_1_279' title='bbox 1445 2647 1537 2681; x_wconf 81' lang='lat' dir='ltr'>Edd.</span> <span class='ocrx_word' id='word_1_280' title='bbox 1587 2649 1690 2691; x_wconf 72' lang='grc' dir='ltr'>ἄληκ-</span> 
     </span>
     <span class='ocr_line' id='line_1_31' title="bbox 109 2690 1691 2739; baseline 0.003 -15"><span class='ocrx_word' id='word_1_281' title='bbox 109 2705 167 2726; x_wconf 83' lang='grc' dir='ltr'>τος</span> <span class='ocrx_word' id='word_1_282' title='bbox 183 2690 243 2724; x_wconf 82' lang='lat' dir='ltr'>iid.</span> <span class='ocrx_word' id='word_1_283' title='bbox 461 2692 494 2726; x_wconf 90' lang='lat'>6.</span> <span class='ocrx_word' id='word_1_284' title='bbox 520 2693 578 2736; x_wconf 83' lang='grc' dir='ltr'>τῆς</span> <span class='ocrx_word' id='word_1_285' title='bbox 595 2691 691 2726; x_wconf 85' lang='lat' dir='ltr'><strong>deest</strong></span> <span class='ocrx_word' id='word_1_286' title='bbox 708 2691 744 2725; x_wconf 84' lang='lat' dir='ltr'>in</span> <span class='ocrx_word' id='word_1_287' title='bbox 762 2691 854 2725; x_wconf 86' lang='lat' dir='ltr'>Edd.</span> <span class='ocrx_word' id='word_1_288' title='bbox 1073 2701 1105 2737; x_wconf 82' lang='lat'>7.</span> <span class='ocrx_word' id='word_1_289' title='bbox 1132 2693 1230 2726; x_wconf 84' lang='lat' dir='ltr'>Haec</span> <span class='ocrx_word' id='word_1_290' title='bbox 1247 2693 1378 2737; x_wconf 81' lang='grc' dir='ltr'>εἰρήνην</span> <span class='ocrx_word' id='word_1_291' title='bbox 1394 2694 1454 2737; x_wconf 86' lang='grc' dir='ltr'>τὴν</span> <span class='ocrx_word' id='word_1_292' title='bbox 1471 2695 1552 2738; x_wconf 84' lang='grc' dir='ltr'>ἐμὴν</span> <span class='ocrx_word' id='word_1_293' title='bbox 1567 2695 1691 2739; x_wconf 79' lang='grc' dir='ltr'>ἀφίημι</span> 
     </span>
     <span class='ocr_line' id='line_1_32' title="bbox 109 2737 1691 2786; baseline 0.004 -16"><span class='ocrx_word' id='word_1_294' title='bbox 109 2737 187 2780; x_wconf 84' lang='grc' dir='ltr'>ὑμῖν</span> <span class='ocrx_word' id='word_1_295' title='bbox 203 2741 425 2772; x_wconf 78' lang='lat' dir='ltr'>accesserunt</span> <span class='ocrx_word' id='word_1_296' title='bbox 442 2750 484 2772; x_wconf 84' lang='lat' dir='ltr'>ex</span> <span class='ocrx_word' id='word_1_297' title='bbox 497 2739 541 2773; x_wconf 92' lang='lat' dir='ltr'>A.</span> <span class='ocrx_word' id='word_1_298' title='bbox 749 2749 763 2772; x_wconf 88' lang='lat'>1</span> <span class='ocrx_word' id='word_1_299' title='bbox 774 2749 802 2771; x_wconf 91' lang='lat'>1.</span> <span class='ocrx_word' id='word_1_300' title='bbox 829 2738 916 2783; x_wconf 82' lang='grc' dir='ltr'>ἀρχὴ</span> <span class='ocrx_word' id='word_1_301' title='bbox 935 2739 988 2772; x_wconf 87' lang='grc' dir='ltr'>καὶ</span> <span class='ocrx_word' id='word_1_302' title='bbox 1006 2737 1134 2773; x_wconf 84' lang='lat' dir='ltr'>desunt</span> <span class='ocrx_word' id='word_1_303' title='bbox 1151 2739 1188 2773; x_wconf 84' lang='lat' dir='ltr'>in</span> <span class='ocrx_word' id='word_1_304' title='bbox 1202 2739 1244 2773; x_wconf 93' lang='lat' dir='ltr'>B.</span> <span class='ocrx_word' id='word_1_305' title='bbox 1449 2752 1501 2775; x_wconf 88' lang='lat'>12.</span> <span class='ocrx_word' id='word_1_306' title='bbox 1527 2744 1691 2786; x_wconf 79' lang='grc' dir='ltr'>γεγόνασι</span> 
     </span>
     <span class='ocr_line' id='line_1_33' title="bbox 109 2784 1690 2832; baseline 0.003 -14"><span class='ocrx_word' id='word_1_307' title='bbox 109 2785 210 2829; x_wconf 75' lang='grc' dir='ltr'>ζυγὸν</span> <span class='ocrx_word' id='word_1_308' title='bbox 228 2784 293 2818; x_wconf 87' lang='lat' dir='ltr'>hoc</span> <span class='ocrx_word' id='word_1_309' title='bbox 311 2784 431 2818; x_wconf 81' lang='lat' dir='ltr'>ordine</span> <span class='ocrx_word' id='word_1_310' title='bbox 447 2786 492 2820; x_wconf 84' lang='lat' dir='ltr'>A.</span> <span class='ocrx_word' id='word_1_311' title='bbox 541 2784 720 2828; x_wconf 77' lang='grc' dir='ltr'>σύμπαντα</span> <span class='ocrx_word' id='word_1_312' title='bbox 736 2785 781 2818; x_wconf 90' lang='grc' dir='ltr'>Α.</span> <span class='ocrx_word' id='word_1_313' title='bbox 798 2786 907 2818; x_wconf 87' lang='grc' dir='ltr'>πάντα</span> <span class='ocrx_word' id='word_1_314' title='bbox 925 2784 1016 2818; x_wconf 89' lang='lat' dir='ltr'>Edd.</span> <span class='ocrx_word' id='word_1_315' title='bbox 1274 2798 1327 2828; x_wconf 91' lang='lat'>14.</span> <span class='ocrx_word' id='word_1_316' title='bbox 1352 2789 1530 2832; x_wconf 82' lang='grc' dir='ltr'>γεοπονίαν</span> <span class='ocrx_word' id='word_1_317' title='bbox 1548 2789 1628 2832; x_wconf 85' lang='lat' dir='ltr'>(Sic)</span> <span class='ocrx_word' id='word_1_318' title='bbox 1645 2790 1690 2823; x_wconf 89' lang='lat' dir='ltr'>A.</span> 
     </span>
     <span class='ocr_line' id='line_1_34' title="bbox 113 2831 1691 2881; baseline 0.003 -17"><span class='ocrx_word' id='word_1_319' title='bbox 113 2841 166 2874; x_wconf 93' lang='lat'>17.</span> <span class='ocrx_word' id='word_1_320' title='bbox 192 2834 306 2875; x_wconf 84' lang='grc' dir='ltr'>χηρῶν</span> <span class='ocrx_word' id='word_1_321' title='bbox 323 2831 408 2875; x_wconf 77' lang='lat' dir='ltr'>(Sic)</span> <span class='ocrx_word' id='word_1_322' title='bbox 425 2833 470 2866; x_wconf 90' lang='lat' dir='ltr'>A.</span> <span class='ocrx_word' id='word_1_323' title='bbox 520 2832 724 2876; x_wconf 82' lang='grc' dir='ltr'>ἐπράττοντο</span> <span class='ocrx_word' id='word_1_324' title='bbox 742 2843 805 2877; x_wconf 91' lang='lat' dir='ltr'>pro</span> <span class='ocrx_word' id='word_1_325' title='bbox 821 2833 984 2877; x_wconf 81' lang='grc' dir='ltr'>γεγόνασι</span> <span class='ocrx_word' id='word_1_326' title='bbox 1002 2832 1045 2865; x_wconf 91' lang='lat' dir='ltr'>A.</span> <span class='ocrx_word' id='word_1_327' title='bbox 1097 2831 1222 2866; x_wconf 82' lang='lat' dir='ltr'>Statim</span> <span class='ocrx_word' id='word_1_328' title='bbox 1238 2836 1392 2879; x_wconf 85' lang='grc' dir='ltr'>πανταχῆ</span> <span class='ocrx_word' id='word_1_329' title='bbox 1409 2834 1500 2869; x_wconf 81' lang='lat' dir='ltr'>A.ss.</span> <span class='ocrx_word' id='word_1_330' title='bbox 1519 2838 1691 2881; x_wconf 87' lang='grc' dir='ltr'>πανταχοῦ</span> 
     </span>
     <span class='ocr_line' id='line_1_35' title="bbox 110 2876 1690 2923; baseline 0.004 -13"><span class='ocrx_word' id='word_1_331' title='bbox 110 2876 203 2911; x_wconf 87' lang='lat' dir='ltr'>Edd.</span> <span class='ocrx_word' id='word_1_332' title='bbox 357 2878 410 2912; x_wconf 88' lang='lat'>18.</span> <span class='ocrx_word' id='word_1_333' title='bbox 437 2878 494 2915; x_wconf 71' lang='grc' dir='ltr'>οὓς</span> <span class='ocrx_word' id='word_1_334' title='bbox 511 2890 581 2913; x_wconf 91' lang='lat' dir='ltr'>om.</span> <span class='ocrx_word' id='word_1_335' title='bbox 599 2879 643 2912; x_wconf 88' lang='lat' dir='ltr'>A.</span> <span class='ocrx_word' id='word_1_336' title='bbox 720 2917 723 2919; x_wconf 38' lang='lat'>,</span> <span class='ocrx_word' id='word_1_337' title='bbox 800 2889 856 2912; x_wconf 87' lang='lat'>21.</span> <span class='ocrx_word' id='word_1_338' title='bbox 881 2878 972 2923; x_wconf 82' lang='grc' dir='ltr'>φησί</span> <span class='ocrx_word' id='word_1_339' title='bbox 989 2890 1051 2922; x_wconf 89' lang='lat' dir='ltr'>pro</span> <span class='ocrx_word' id='word_1_340' title='bbox 1069 2877 1180 2923; x_wconf 79' lang='grc' dir='ltr'>σφισῖ</span> <span class='ocrx_word' id='word_1_341' title='bbox 1195 2880 1274 2923; x_wconf 77' lang='lat' dir='ltr'>(Sic)</span> <span class='ocrx_word' id='word_1_342' title='bbox 1292 2880 1336 2914; x_wconf 83' lang='lat' dir='ltr'>A.</span> <span class='ocrx_word' id='word_1_343' title='bbox 1496 2892 1551 2915; x_wconf 82' lang='lat'>22.</span> <span class='ocrx_word' id='word_1_344' title='bbox 1577 2896 1614 2916; x_wconf 86' lang='grc' dir='ltr'>τε</span> <span class='ocrx_word' id='word_1_345' title='bbox 1631 2884 1690 2917; x_wconf 86' lang='lat' dir='ltr'>alt.</span> 
     </span>
     <span class='ocr_line' id='line_1_36' title="bbox 109 2924 1690 2970; baseline 0.003 -12"><span class='ocrx_word' id='word_1_346' title='bbox 109 2929 331 2968; x_wconf 82' lang='lat' dir='ltr'><strong>assumptum</strong></span> <span class='ocrx_word' id='word_1_347' title='bbox 348 2936 390 2958; x_wconf 83' lang='lat' dir='ltr'>ex</span> <span class='ocrx_word' id='word_1_348' title='bbox 409 2925 450 2959; x_wconf 90' lang='grc' dir='ltr'>Β.</span> <span class='ocrx_word' id='word_1_349' title='bbox 583 2936 638 2970; x_wconf 84' lang='lat'>23.</span> <span class='ocrx_word' id='word_1_350' title='bbox 668 2925 765 2959; x_wconf 83' lang='lat' dir='ltr'>Haec</span> <span class='ocrx_word' id='word_1_351' title='bbox 783 2928 849 2960; x_wconf 82' lang='grc' dir='ltr'>τῶν</span> <span class='ocrx_word' id='word_1_352' title='bbox 863 2924 1032 2970; x_wconf 81' lang='grc' dir='ltr'>Ῥωμαίων</span> <span class='ocrx_word' id='word_1_353' title='bbox 1049 2932 1271 2960; x_wconf 82' lang='lat' dir='ltr'>accesserunt</span> <span class='ocrx_word' id='word_1_354' title='bbox 1288 2939 1329 2960; x_wconf 81' lang='lat' dir='ltr'>ex</span> <span class='ocrx_word' id='word_1_355' title='bbox 1348 2927 1390 2962; x_wconf 91' lang='lat' dir='ltr'>B.</span> <span class='ocrx_word' id='word_1_356' title='bbox 1527 2939 1582 2970; x_wconf 89' lang='lat'>24.</span> <span class='ocrx_word' id='word_1_357' title='bbox 1608 2943 1690 2963; x_wconf 87' lang='grc' dir='ltr'>σκα-</span> 
     </span>
    </p>
   </div>
   <div class='ocr_carea' id='block_1_4' title="bbox 108 2971 1690 3061">
    <p class='ocr_par' dir='ltr' id='par_1_4' title="bbox 108 2971 1690 3061">
     <span class='ocr_line' id='line_1_37' title="bbox 108 2971 1690 3017; baseline 0.004 -13"><span class='ocrx_word' id='word_1_358' title='bbox 108 2971 208 3004; x_wconf 89' lang='grc' dir='ltr'>πάναι</span> <span class='ocrx_word' id='word_1_359' title='bbox 226 2971 269 3005; x_wconf 89' lang='grc' dir='ltr'>Β.</span> <span class='ocrx_word' id='word_1_360' title='bbox 288 2972 444 3005; x_wconf 82' lang='grc' dir='ltr'>σκιὶπιινα</span> <span class='ocrx_word' id='word_1_361' title='bbox 461 2972 504 3006; x_wconf 93' lang='grc' dir='ltr'>Α.</span> <span class='ocrx_word' id='word_1_362' title='bbox 523 2973 686 3007; x_wconf 82' lang='grc' dir='ltr'>σκεπάναι</span> <span class='ocrx_word' id='word_1_363' title='bbox 705 2971 795 3006; x_wconf 81' lang='lat' dir='ltr'>Edd.</span> <span class='ocrx_word' id='word_1_364' title='bbox 962 2983 1016 3017; x_wconf 84' lang='lat'>25.</span> <span class='ocrx_word' id='word_1_365' title='bbox 1043 2974 1224 3017; x_wconf 81' lang='grc' dir='ltr'>γεγόνασιν</span> <span class='ocrx_word' id='word_1_366' title='bbox 1241 2985 1310 3008; x_wconf 88' lang='lat' dir='ltr'>om.</span> <span class='ocrx_word' id='word_1_367' title='bbox 1330 2976 1371 3008; x_wconf 83' lang='lat' dir='ltr'>A.</span> <span class='ocrx_word' id='word_1_368' title='bbox 1421 2975 1462 3009; x_wconf 84' lang='grc' dir='ltr'>τὰ</span> <span class='ocrx_word' id='word_1_369' title='bbox 1480 2974 1576 3009; x_wconf 72' lang='lat' dir='ltr'><strong>deest</strong></span> <span class='ocrx_word' id='word_1_370' title='bbox 1593 2976 1628 3010; x_wconf 77' lang='lat' dir='ltr'>in</span> <span class='ocrx_word' id='word_1_371' title='bbox 1648 2977 1690 3010; x_wconf 83' lang='lat' dir='ltr'>B.</span> 
     </span>
     <span class='ocr_line' id='line_1_38' title="bbox 110 3016 502 3061; baseline 0.005 -11"><span class='ocrx_word' id='word_1_372' title='bbox 110 3016 165 3052; x_wconf 88' lang='grc'>26.</span> <span class='ocrx_word' id='word_1_373' title='bbox 191 3018 440 3061; x_wconf 85' lang='grc' dir='ltr'>μετεπλάττετο</span> <span class='ocrx_word' id='word_1_374' title='bbox 460 3021 502 3052; x_wconf 92' lang='lat' dir='ltr'>A.</span> 
     </span>
    </p>
   </div>
  </div>
 </body>
</html>
