2021 3434
299 181 382 220 190
694 183 742 221 B.
786 182 1058 223 CYRILLI
1100 183 1475 225 ALEXANDR.
1742 185 1796 224 ix.
1821 184 1859 224 8.

256 396 465 438 8Σκοπόε
490 394 681 454 Ἔφραῒμ
718 400 824 447 μετὰ
859 399 967 440 Θεοῦ
1002 402 1241 457 ΠροφήτΗε,
1277 401 1400 449 παι-ἴε
1439 401 1586 443 σκολιὰ
1622 401 1691 443 ἐπὶ
1726 404 1862 445 Πάσαε

363 481 436 521 τὰς
463 481 590 522 ὁδοὺς
616 482 754 524 αὑτοῦ.

369 576 569 634 §non-&5
607 579 843 647 ὀνομάζειν
882 581 983 635 ε”θος
1025 585 1082 650 τῇ
1118 584 1218 652 θείᾳ
1258 587 1420 651 γραφῇ
1461 581 1568 636 τοὺς
1605 585 1699 632 τῶν
1736 586 1866 633 λαῶν

293 660 643 726 προεστηκότας
684 665 758 713 καὶ
797 663 1221 730 προβεβλημένους,
1266 666 1392 734 ὑψοῦ
1441 688 1489 715 τε
1528 663 1750 731 ἠρμένους
1791 664 1865 714 διὰ

294 741 447 806 τιμὴν,
476 741 542 797 οἷς
576 741 631 794 ἂν
663 746 738 795 καὶ
762 745 934 815 ἐνορῴη
960 769 1041 808 τις,
1068 751 1105 797 εὶ
1132 745 1187 810 δὴ
1213 747 1435 808 βούλοιτο
1465 745 1546 797 τὸν
1575 747 1682 809 εύθῆ
1707 768 1756 796 τε
1789 747 1863 796 καὶ
1883 764 1905 801 5

294 826 639 889 ἀνεπίπληκτον
672 827 892 894 διαζῆσαι
925 829 1047 889 βί.ον
1115 852 1191 880 και
1224 835 1339 895 γοῦν
1371 829 1461 898 ἔφη
1485 851 1576 880 που
1603 826 1723 881 Θεος
1747 851 1865 894 προς

73 912 192 987 {2610}
293 929 375 957 τον
411 906 639 974 μακάριον
678 909 927 1009 προφητην
960 909 1178 977 Ἰεζεκιήλ
1215 910 1345 962 “Yie
1383 910 1643 977 ἀνθρωπου,
1682 932 1865 961 σκοπον

110 981 118 988 ’
163 973 174 997 l
291 995 318 1017 “
345 989 521 1040 δεδωκά
546 1014 604 1042 σε
638 993 703 1042 τῶ
741 992 849 1061 οἴκῳ
875 992 1087 1059 Ἰσραὴλ,
1123 1017 1198 1044 και
1234 994 1414 1062 ἀκούση
1449 996 1497 1044 ἐκ
1522 999 1603 1044 τοῦ
1628 990 1864 1055 στόματός

247 1075 318 1115 ἃς(
342 1094 433 1134 μου
466 1072 626 1138 λόγον,
661 1077 736 1125 καὶ
772 1075 1052 1144 διαπειλήσῃ
1090 1077 1241 1130 αυτοῖς
1279 1075 1387 1142 παρ’
1419 1077 1570 1140 ἐμοῦ.”
1635 1075 1737 1128 ε’θος
1771 1097 1864 1142 γαρ

289 1159 384 1207 τοῖς
426 1158 612 1208 τοιοῖςδε
655 1159 857 1220 σκοποῖς,
899 1158 1002 1225 οὐχὶ
1043 1156 1186 1222 μόνον
1230 1163 1324 1213 τοῖς
1362 1157 1703 1221 παιδευομένοις
1745 1156 1863 1223 πρὸς
1886 1187 1933 1211 10

289 1236 592 1288 ὑποτύπωσιν
636 1240 800 1303 ἀρετῆς
851 1239 952 1304 ἤτοι
1001 1241 1237 1294 πολιτείας
1287 1239 1525 1304 συννόμου
1566 1239 1648 1290 τὸν
1689 1240 1863 1290 ἑαυτῶν

288 1319 554 1383 προτιθέναι
577 1320 695 1383 βίον,
723 1320 853 1371 ἀλλὰ
886 1321 979 1388 γὰρ
1013 1324 1087 1373 καὶ
1120 1327 1413 1388 εἰσηγεῖσθαι
1443 1322 1501 1373 τὰ
1536 1321 1761 1390 χρήσιμα,
1787 1324 1863 1372 καὶ

287 1398 341 1450 τὸ
385 1404 451 1470 τῷ
494 1404 600 1470 Θεῷ
641 1405 806 1454 δοκοῦν
850 1404 1155 1470 διερμηνεύειν
1199 1407 1361 1472 ὀρθῶς.
1425 1406 1533 1456 ἀλλ’
1569 1409 1611 1455 οἱ
1649 1404 1733 1467 μὲν
1772 1403 1861 1456 ὑπὸ

288 1485 480 1537 σκοποὺς
507 1483 633 1538 ὄντες
659 1484 877 1550 ἀγαθοὺς,
904 1485 1001 1537 κατ’
1030 1485 1137 1538 εὐθὺ
1170 1493 1252 1538 τοῦ
1282 1489 1539 1553 πρέποντος
1564 1486 1718 1549 ἰόντες,
1742 1486 1861 1553 ἐσώ-

287 1564 436 1631 ζοντο·
477 1569 518 1616 οἱ
544 1565 592 1617 δὲ
617 1572 836 1633 πονηροῖς
869 1570 944 1619 καὶ
984 1570 1184 1638 φαύλοις
1222 1569 1422 1637 ἀνδράσι
1456 1573 1535 1634 τῆς
1566 1570 1740 1620 ἑαυτῶν
1764 1571 1861 1620 δια-
1884 1597 1930 1635 15

68 1654 185 1738 ΞίΤΙΙΙΞῙ·
287 1648 411 1701 νοίας
444 1648 787 1715 προσνέμοντες
817 1650 903 1713 τὴν
935 1650 1098 1718 ῥοπὴν,
1129 1659 1155 1682 “
1173 1651 1441 1707 πλανῶντές
1479 1675 1528 1703 τε
1568 1654 1641 1702 καὶ
1671 1650 1862 1702 πλανώ-

105 1723 110 1729 ’
176 1722 182 1729 ’
248 1754 269 1781 e
287 1736 315 1758 ‘⁶
340 1731 499 1793 μενοι”
539 1730 787 1796 διετέλουν,
826 1735 902 1784 καὶ
944 1733 1134 1798 ἁπάσης
1176 1735 1489 1801 ἀγαθουργίας
1527 1737 1602 1784 καὶ
1642 1733 1862 1800 γνώσεως

286 1813 491 1877 ἀληθοῦς
521 1813 832 1882 ἐξῳκισμένον
870 1815 1052 1884 ἔχοντες
1091 1821 1214 1868 νοῦν.
1268 1822 1405 1868 τοῦτο
1436 1815 1726 1869 πεπονθότας
1750 1838 1860 1866 κατ-

285 1898 482 1946 αιτιᾶται
512 1897 586 1946 καὶ
625 1902 705 1948 νῦν
730 1897 837 1952 τοῦς
871 1900 921 1949 ἐκ
952 1901 1108 1968 φυλῆς
1133 1898 1357 1969 Ἐφραὶμ,
1392 1898 1494 1963 ἤτοι
1531 1898 1614 1949 τὸν
1644 1897 1860 1964 Ἰσραήλ.

284 1975 446 2042 γέγονε
479 1976 572 2045 γὰρ
605 1979 730 2048 αὐτῷ
757 1982 878 2048 φησὶ
912 1981 1085 2036 σκοπὶς
1118 1981 1238 2050 μετὰ
1277 1980 1362 2033 θεοῦ
1397 1982 1635 2051 προφήτης.
1703 1980 1862 2044 ὅμοιον
1882 2010 1930 2035 20

286 2060 346 2112 ὡς
374 2062 411 2110 εἰ
437 2058 581 2125 λέγοι,
606 2062 714 2112 καθ’
743 2061 942 2113 ἕκαστον
971 2067 1065 2114 τῶν
1090 2063 1410 2131 ψευδωνύμων
1435 2067 1566 2125 θεῶν,
1590 2064 1665 2114 καὶ
1689 2061 1862 2132 ψευδό-

67 2145 174 2220 {Q}-
285 2164 446 2204 μάντις
473 2142 624 2197 ἱδικός.
688 2145 749 2198 ὡς
780 2143 871 2211 γὰρ
905 2145 992 2210 ἤδη
1025 2150 1263 2211 προεῖπον,
1289 2149 1350 2199 εἰς
1375 2146 1675 2212 πολύτροπον
1706 2145 1858 2212 ἐμερί-

91 2210 107 2228 ³
285 2223 418 2290 ζοντο
448 2224 650 2290 πλάνην.
717 2228 792 2277 καὶ
818 2231 859 2278 οἱ
885 2227 969 2291 μὲν
994 2228 1337 2294 λελατρεύκασι
1362 2232 1428 2297 τῷ
1451 2227 1604 2278 Βάαλ·
1646 2231 1688 2279 οἱ
1714 2227 1763 2279 δὲ
1795 2231 1861 2298 τῷ

74 2317 149 2351 133
170 2316 219 2351 A·
247 2305 477 2370 ἃΧαμὼς,
517 2307 662 2373 ἤγουν
702 2313 768 2378 τῷ
807 2309 1103 2378 Βεελφεγώρ·
1145 2312 1219 2361 καὶ
1261 2312 1308 2361 ἐν
1346 2310 1531 2381 ἑκάστῳ
1569 2310 1742 2373 τεμένει
1778 2332 1860 2361 πε-

285 2388 657 2456 πλαστούργητό
683 2413 740 2454 τι,
767 2393 842 2442 καὶ
868 2390 1173 2459 χειρόκμητον
1197 2390 1255 2456 ἧν
1280 2391 1478 2458 ἄγαλμά
1503 2416 1552 2444 τε
1576 2395 1651 2444 καὶ
1676 2391 1860 2459 βρέτας,
1881 2418 1927 2456 25

285 2471 360 2521 καὶ
387 2471 411 2521 ὁ
436 2471 762 2539 προσεδρεύων
795 2474 980 2544 ἑκάστῳ
1013 2474 1410 2543 ψευδοπροφήτης
1443 2474 1594 2528 ὶδικός.
1658 2475 1734 2526 καὶ
1758 2473 1858 2526 διά-

286 2555 431 2618 φορος
457 2555 564 2620 παρ’
593 2555 745 2609 αὐτοῖς
780 2557 805 2607 ὁ
836 2559 918 2620 τῆς
943 2558 1159 2619 μαντείας
1193 2556 1250 2622 ἧν
1283 2556 1469 2623 τρόπος.
1533 2556 1784 2624 ἠρεύγοντο
1810 2556 1860 2608 δὲ

285 2637 379 2686 τοῖς
412 2637 802 2705 προσερχομένοις
839 2637 893 2689 τὸ
928 2641 1094 2689 δοκοῦν
1133 2638 1297 2692 ἁπλῶς
1332 2640 1393 2692 ὡς
1430 2637 1665 2706 χρήσιμόν
1699 2661 1749 2689 τε
1783 2641 1858 2690 καὶ

337 2766 365 2789 Ι.
392 2757 534 2803 Σκοπὸς]
553 2759 578 2793 ὧ
596 2761 723 2796 σκοπὸς
741 2760 849 2806 (legas
866 2762 910 2796 ὡς
927 2762 1069 2805 σκοπὸς)
1089 2761 1135 2795 D.
1315 2774 1349 2805 4.
1377 2761 1474 2797 Haec
1490 2762 1543 2796 καὶ
1559 2761 1858 2807 προβεβλημένους

286 2809 505 2839 accesserunt
522 2817 562 2839 ex
581 2806 627 2841 D.
815 2817 848 2852 5.
874 2808 952 2851 εὐθῆ
970 2823 1006 2842 τε
1025 2809 1071 2842 D.
1089 2808 1191 2853 ὀρθὸν
1209 2807 1301 2843 Edd.
1501 2809 1534 2843 8.
1559 2811 1619 2843 τοῦ
1636 2815 1856 2854 assumptum

285 2860 327 2882 ex
347 2849 391 2882 D·
408 2850 478 2894 (23·
491 2852 532 2885 al
539 2852 549 2895 )
636 2864 688 2888 10.
707 2855 776 2890 τοῖς
792 2854 956 2900 τοιοῖσδε]
976 2857 1045 2891 τοῖς
1063 2856 1098 2889 δε
1108 2822 1209 2890 ἒάᾶ.
1308 2866 1361 2890 ΙΙ.
1380 2855 1563 2901 συννόμου]
1585 2855 1649 2890 σὺν
1666 2857 1778 2899 νόμοις
1793 2855 1854 2889 iid.

290 2905 342 2928 12.
369 2910 420 2928 και
438 2897 532 2940 prius
550 2910 617 2933 om
639 2900 684 2934 D.
850 2912 902 2946 13.
929 2903 967 2936 τὸ
985 2914 1054 2936 om.
1075 2902 1120 2936 D.
1282 2903 1334 2936 18.
1361 2901 1510 2948 ἔχοντες]
1530 2908 1567 2943 -1-
1584 2904 1641 2938 τὸν
1657 2902 1716 2937 iid.
1767 2902 1854 2936 οὕτω

284 2952 347 2984 pro
365 2944 462 2975 τοῦτο
479 2944 538 2978 iid.
684 2958 736 2992 19.
763 2947 814 2993 ἐκ]
834 2953 870 2989 -4-
887 2949 944 2992 τῆς
962 2948 1020 2983 iid.
1165 2959 1220 2994 23.
1245 2950 1292 2995 τῷ
1310 2949 1423 2995 prius]
1443 2952 1480 2993 τῇ
1501 2949 1547 2984 D.
1700 2958 1754 2994 25.
1775 2949 1853 2983 Hoc

285 2986 324 3030 ἧν
340 2996 558 3034 assumptum
578 3003 618 3025 ex
638 2992 683 3027 D.
