2021 3434
132 217 186 258 iv.
215 231 280 269 14.
582 218 655 258 IN
696 217 931 258 OSEAM.
993 215 1141 256 ΤΟΜ.
1185 215 1272 255 ΠΙ.
1622 214 1701 253 111

134 328 443 399 φαυλότητος,
482 332 543 384 ὡς
585 329 954 400 συναναφύρεσθαι
994 330 1182 398 πόρναις.
1267 325 1575 378 συντεθύκατε
1613 324 1706 391 γὰρ

134 416 229 466 τοῖς
257 414 589 481 τετελεσμένοις.

268 495 279 509 s
469 496 481 512 2
727 500 736 513 ‚
828 499 847 508 Α
969 494 981 511 ,
1126 500 1145 509 Α
1424 491 1436 507 x
1531 494 1541 507 .

210 505 376 564 Πορνας
426 499 475 547 δε
524 500 674 564 φησιν
725 499 876 549 ιδικως
929 518 1012 548 τας
1064 517 1146 546 του
1198 495 1480 560 Βεελφεγωρ
1529 512 1703 556 ιερειας.

136 576 419 645 Βεελφεγωρ
466 578 521 629 δέ
561 580 703 640 ἐστιν,
752 580 776 628 ὁ
827 577 1110 641 καλούμενος
1161 575 1391 642 Πρίαπος.
1472 577 1518 624 αἱ
1562 572 1611 624 δὲ
1653 572 1706 623 τὸ

94 671 115 709 5
135 660 279 712 οὕτως
311 658 511 726 αἰσχρὸν
544 664 747 723 τιμῶσαι
785 659 1045 726 βδέλυγμα,
1073 659 1222 723 πόρναι
1256 655 1424 707 λοιπὸν
1450 657 1709 721 ὁμολογου-

133 740 292 804 μένως.
375 741 699 809 τετελεσμένους
741 741 788 793 δὲ
831 740 1039 807 ὀνομάζει
1090 739 1237 791 πάλιν
1286 737 1392 791 τοὺς
1430 737 1709 804 ἱερομύστας

133 828 216 873 τοῦ
256 822 550 891 Βεελφεγὼρ,
586 824 748 890 ἄνδρες
787 823 834 874 δὲ
876 822 1002 887 ἦσαν
1043 820 1155 873 εἶναι
1193 820 1278 884 μὲν
1316 821 1398 871 οὐκ
1441 819 1708 887 ἀνεχόμενοι

133 905 263 956 τοῦθ’
308 904 421 971 ὅπερ
470 908 575 968 εἶσὶ,
625 910 994 974 μεταφοιτῶντες
1043 903 1090 956 δὲ
1134 908 1324 967 μᾶλλον
1376 906 1437 956 εἷς
1488 902 1747 970 φρόνημαρ

133 986 187 1038 τὸ
233 987 539 1054 θηλυπρεπὲς,
581 987 742 1054 λόγοις
792 1011 841 1040 τε
894 990 969 1039 καὶ
1020 986 1207 1054 τρόποις
1252 985 1453 1038 ἀνοσίως
1503 991 1705 1047 μαλακι-

9 1068 11 1073 ’
70 1091 116 1115 10
134 1068 328 1137 ζόμενοι.
409 1071 662 1137 θηλυδρίας
712 1070 758 1122 δὲ
817 1072 892 1122 καὶ
939 1069 1252 1133 μαλθάκωνας
1313 1066 1420 1121 τοὺς
1475 1066 1708 1120 τοιούτους

134 1154 436 1204 ἀποκαλοῦσί
475 1176 605 1215 τινες,
644 1152 686 1203 οἳ
728 1152 1003 1218 γυναικείαις
1042 1153 1297 1217 ὀλολυγαῖς
1334 1151 1408 1200 καὶ
1448 1148 1708 1212 κυμβάλοις

133 1235 375 1303 χρώμενοι,
411 1235 696 1301 περιθέοντες
733 1258 782 1286 τε
819 1234 944 1288 τινὰς
983 1234 1166 1304 δαδίσιν
1211 1234 1339 1296 ὁμοῦ,
1378 1235 1708 1297 μυσταγωγεῖν

134 1318 444 1385 ὑπεκρίνοντο,
481 1321 562 1382 τῆς
604 1324 686 1368 τοῦ
730 1316 1013 1386 Βεελφεγὼρ
1056 1315 1282 1384 αἰσχύνης
1323 1319 1611 1379 πληροῦντες
1650 1313 1708 1364 τὰ

133 1400 340 1466 παίγνια.
396 1399 500 1452 ἔθυον
531 1402 686 1452 τοίνυν
717 1403 840 1469 φησὶ
870 1399 992 1469 μετα
1023 1399 1102 1450 τῶν
1128 1394 1452 1465 τετελεσμένων,
1481 1397 1706 1457 τουτέστι,

70 1502 116 1540 15
134 1481 389 1547 μεμύηνται
431 1482 491 1534 τὰ
526 1484 722 1546 ἐκείνων,
761 1485 835 1534 καὶ
870 1483 985 1546 ὁμοῦ
1024 1486 1118 1535 τοῖς
1157 1482 1277 1532 οὕτω
1316 1479 1709 1548 κατεφθαρμένοις

134 1568 379 1632 προσῆγον
404 1566 571 1619 θυσίας
593 1569 660 1635 τῷ
686 1565 984 1634 Βεελφεγώρ.

357 1716 431 1757 Καὶ
457 1717 480 1758 ὁ
506 1717 610 1759 λαὸς
637 1718 659 1758 ὁ
687 1716 840 1758 συνιών
867 1716 1149 1758 συνεπλέκετο
1175 1713 1279 1763 μετὰ
1307 1714 1480 1769 ΠόρνΗε,
1726 1735 1747 1757 a
1781 1724 1835 1762 78
1857 1727 1905 1760 Α,

209 1813 519 1880 Μετακομίζει
551 1813 634 1865 τὸν
671 1814 818 1879 λόγον
847 1815 920 1864 ἐπὶ
954 1812 1036 1864 τὸν
1058 1811 1253 1873 Ἰούδαν,
1277 1811 1502 1873 τουτέστι,
1528 1808 1634 1864 τοὺς
1662 1811 1710 1860 ἐκ

135 1897 291 1963 φυλῆς
314 1894 466 1947 Ἰούδα
497 1899 572 1947 καὶ
598 1898 829 1959 Βενιαμὶν,
855 1894 898 1946 οἳ
921 1894 1006 1957 τὴν
1030 1893 1346 1961 Ἰερουσαλὴμ
1372 1896 1600 1947 οἰκοῦντες
1627 1893 1707 1955 ἔτι,

69 2005 117 2030 20
134 1979 211 2028 καὶ
241 1977 295 2029 τὸ
320 1981 442 2030 θεῖον
472 1979 654 2048 ἔχοντες
688 1976 1037 2044 θυσιαστήριον·
1078 1975 1371 2039 συνειστήκει
1403 1975 1495 2041 γὰρ
1531 1976 1555 2026 ὁ
1583 1974 1706 2029 ναός·

133 2058 192 2110 τὰ
228 2061 473 2116 Μωυσέως
506 2061 775 2125 ἐντάλματα
812 2065 965 2127 τηρεῖν
1004 2060 1232 2129 ἔφασκον,
1273 2059 1347 2108 καὶ
1389 2057 1474 2121 τὴν
1519 2056 1594 2108 διὰ
1628 2063 1710 2108 τοῦ

135 2141 279 2207 νόμου
323 2144 518 2195 σύνεσιν
561 2144 693 2212 ἔχειν.
757 2144 888 2194 ἀλλὰ
932 2145 1006 2194 καὶ
1050 2143 1178 2193 αὐτοι
1222 2139 1620 2207 λελατρεύκασιζ
1624 2140 1712 2206 ςτῇ

135 2231 163 2254 6<
188 2226 198 2242 ’
1123 2223 1148 2239 ’ς

1203 2221 1475 2288 Ἀσταρτην
1513 2220 1560 2272 δὲ
1597 2218 1716 2271 εἶναί
1773 2230 1889 2271 4Reg

204 2225 432 2295 Αστάρτῃ
455 2228 841 2294 προσοχθίσματι
867 2226 1116 2277 Σιδωνίων.
1772 2274 1862 2305 xxm
1880 2284 1915 2313 13

137 2314 262 2378 φασι
309 2310 395 2374 τὴν
456 2312 564 2377 παρ’
607 2309 852 2375 (Ἓλλησιν
915 2311 996 2361 οὐκ
1054 2306 1135 2360 οἶδ’
1190 2331 1316 2360 οπως
1370 2305 1710 2372 ὀνομαζομενην
1732 2316 1758 2357 b

71 2392 441 2461 25Ἀφροδίτην.
507 2393 672 2457 ἕστηκε
707 2392 755 2444 δὲ
792 2392 846 2443 τὸ
884 2392 1081 2457 ἄγαλμα
1113 2388 1304 2456 γυμνὸν,
1340 2389 1415 2439 καὶ
1443 2390 1504 2441 ὡς
1533 2389 1581 2438 ἐν
1605 2387 1710 2439 ε’ίδει

135 2473 324 2541 πόρνης,
362 2473 644 2542 ἀσχημόνως
692 2477 992 2540 ἀπογυμνοῦν
1040 2477 1134 2526 τοῖς
1178 2471 1398 2522 ἁπάντων
1443 2471 1710 2539 ὀφθαλμοῖς

136 2557 212 2607 καὶ
234 2554 294 2606 τὰ
319 2556 509 2607 ἄποπτα
538 2563 620 2607 τοῦ
653 2557 875 2619 σώματος
899 2555 1028 2622 μέρη.
1099 2554 1262 2605 οὐκοῦν
1288 2554 1340 2603 οὐ
1366 2551 1519 2616 μόνος,
1545 2555 1709 2622 φησὶν,

137 2639 162 2689 ὁ
213 2637 427 2705 Ἰσραὴλ,
479 2639 624 2689 καίτοι
684 2639 917 2702 πλείστην
980 2637 1100 2700 ὅσην
1154 2636 1383 2696 ἀβουλίαν
1435 2635 1708 2700 νενοσηκὼς,

137 2719 525 2788 ιζσυνανεφύρετο
556 2719 762 2786 πόρναις,
788 2721 862 2770 καὶ
897 2718 1015 2783 μετὰ
1045 2722 1138 2769 τῶν
1164 2717 1508 2780 τετελεσμένων
1534 2718 1707 2770 ε”θυεν·”

188 2847 218 2871 1.
235 2837 301 2882 γὰρ
315 2849 384 2871 orn.
398 2836 445 2870 D.
527 2849 560 2879 4.
579 2834 797 2881 καλούμενος]
813 2837 995 2881 λεγόμενος
1013 2835 1045 2868 b.
1081 2834 1166 2868 Post
1181 2835 1327 2879 πρίαπος
1339 2835 1479 2870 abbrev.
1491 2835 1527 2871 b.
1626 2847 1656 2881 7.
1675 2836 1711 2870 δὲ

137 2889 217 2928 post
232 2884 293 2927 μὲν
309 2883 389 2918 add.
407 2882 498 2917 Edd.
599 2894 651 2916 10.
672 2881 725 2927 δὲ]
741 2896 777 2916 τε
793 2883 838 2916 D.
878 2882 1098 2926 μαλθάκωνας
1111 2881 1153 2915 B.
1166 2881 1257 2916 Edd.
1268 2882 1504 2926 μάλθωναςῙ).
1604 2894 1656 2917 12.
1674 2898 1711 2918 τε

137 2936 359 2975 assumptum
383 2942 425 2964 ex
451 2930 498 2964 D.
548 2930 682 2974 δᾳδίσιν
706 2926 860 2974 (δαδίσις
885 2928 951 2973 1).)
969 2927 1069 2984 ὁμοῦ]
1100 2927 1197 2962 Haec
1220 2929 1391 2973 praestitit
1416 2929 1519 2964 nobis
1544 2929 1591 2964 D.
1609 2930 1712 2975 δᾴδας

138 2988 167 3011 c.
185 2977 310 3012 lacuna
326 2977 370 3011 B.
386 2976 477 3011 Edd.
562 2986 615 3022 15.
632 2975 813 3020 μεμὺηνται
830 2976 874 3009 D.
888 2975 924 3009 b.
935 2974 1101 3019 μεμύηντο
1120 2974 1211 3009 Edd.
1299 2986 1354 3011 20.
1372 2976 1513 3012 νεὼςΒ.
1587 2976 1642 3011 26.
1661 2977 1712 3011 αι’-

139 3025 315 3069 σχημόνως
332 3023 423 3059 Edd.
443 3023 665 3069 [αἷσχιμόνως
684 3022 785 3057 Pont.
789 3021 843 3068 ]’
824 3021 1018 3068 ασχὴμονος
1035 3022 1069 3057 b.
1168 3031 1222 3067 27.
1249 3022 1357 3058 ιἰτοπα
1374 3035 1436 3069 pro
1453 3024 1588 3059 ἄποπτα
1606 3024 1652 3058 D.
