2021 3434
542 818 1249 882 PRAEFATIO.

107 1191 466 1288 UNIVERSA
494 1192 535 1234 S.
555 1192 700 1248 Cyrilli
721 1207 847 1248 opera
872 1194 997 1235 semel
1022 1209 1155 1249 neque
1176 1194 1349 1249 amplius
1371 1193 1483 1236 edita
1503 1192 1690 1241 dixerim,

247 1275 272 1302 a
286 1261 315 1302 J
318 1275 448 1302 oanne
464 1260 666 1310 Auberto,
685 1261 891 1303 Ecclesiae
913 1263 1194 1304 Laudunensis
1218 1262 1435 1310 Canonico‚
1453 1262 1549 1303 A.S.
1570 1261 1690 1316 1638.

103 1329 210 1369 Nam
253 1329 438 1384 quamvis
477 1329 658 1385 Mignius
705 1345 820 1371 suam
866 1330 908 1371 in
949 1331 1189 1388 Patrologia
1232 1332 1389 1387 Magna
1429 1330 1693 1372 “editionem

101 1397 274 1438 alteram
284 1399 305 1415 ’'
326 1403 458 1447 vocet,
480 1398 613 1439 altera
633 1398 759 1439 editio
784 1399 895 1440 nullo
920 1399 999 1441 alio
1021 1400 1118 1454 jure
1139 1400 1322 1442 vocanda
1342 1405 1416 1447 est,
1439 1413 1561 1454 quam
1583 1398 1693 1453 quod

104 1466 386 1507 Aubertanam
408 1465 585 1508 fideliter
606 1467 869 1522 expresserit,
886 1467 1217 1523 interpunctione
1233 1473 1393 1509 tantum
1411 1467 1515 1508 bene
1537 1472 1692 1516 curata,

102 1539 146 1575 et
173 1533 343 1590 adjectis
371 1534 460 1575 aliis
490 1534 532 1576 S.
557 1534 702 1591 Cyrilli
731 1535 935 1590 operibus,
957 1551 1062 1591 quae
1089 1542 1212 1578 antea
1233 1536 1395 1592 quidem
1422 1536 1536 1577 edita
1560 1541 1692 1584 erant,

102 1602 175 1643 sed
213 1602 256 1642 in
290 1602 413 1643 variis
453 1602 569 1644 libris
609 1603 807 1658 dispersa,
843 1604 898 1645 ibi
939 1604 1103 1646 demum
1142 1604 1446 1646 accuratissime
1486 1604 1528 1645 in
1568 1618 1692 1644 unum

103 1669 365 1726 colliguntur.

160 1739 216 1780 Et
245 1753 343 1780 sane
374 1739 584 1780 Aubertus
614 1739 764 1781 idcirco
796 1741 1024 1782 laudandus
1053 1747 1130 1790 est,
1158 1741 1269 1796 quod
1296 1754 1453 1782 summa
1481 1740 1694 1795 diligentia

104 1807 146 1848 S.
172 1807 316 1863 Cyrilli
348 1821 487 1862 opera,
518 1812 620 1862 quot
658 1808 841 1850 invenire
876 1815 1027 1864 posset,
1060 1824 1108 1850 eo
1144 1816 1329 1864 tempore
1360 1809 1572 1864 collegerit
1603 1823 1693 1849 cum

103 1874 266 1916 minime
302 1881 408 1916 esset
443 1875 540 1917 satis
576 1883 843 1931 compertum,
879 1883 1075 1932 quantum
1113 1878 1311 1919 librorum
1347 1877 1498 1918 inesset
1534 1877 1694 1933 magnis

103 1943 384 1993 bibliothecis;
436 1945 626 2000 quodque
674 1946 958 1988 collationibus
1005 1947 1201 1997 codicum,
1251 1947 1283 1987 si
1330 1961 1502 2001 quorum
1548 1946 1693 2001 potuit,

103 2027 265 2068 semper
299 2027 396 2054 usus
431 2013 568 2055 fuerit.
634 2014 698 2054 Ex
734 2013 784 2055 iis
816 2020 952 2056 autem
989 2029 1095 2070 quae
1126 2015 1194 2056 ille
1230 2015 1406 2071 collegit,
1444 2015 1566 2070 hujus
1602 2015 1695 2056 libri

103 2085 242 2121 textus
269 2080 453 2136 plurimis
474 2081 582 2123 vitiis
610 2081 786 2123 laborat.
847 2083 1038 2138 Namque
1063 2083 1104 2123 in
1129 2089 1261 2124 totum
1283 2097 1384 2138 opus
1406 2098 1510 2124 unus
1534 2089 1694 2124 tantum

104 2149 234 2190 bonus
262 2155 326 2191 est
355 2150 497 2191 Codex
529 2151 689 2200 Mstus,
720 2166 859 2192 eorum
889 2151 1053 2206 quidem
1085 2152 1154 2206 qui
1186 2152 1227 2192 in
1259 2152 1425 2207 Europa
1456 2151 1695 2192 occidentali

105 2225 224 2269 sunt3
257 2225 299 2261 et
319 2219 385 2260 hic
406 2219 492 2275 ipse
509 2219 551 2260 in
570 2220 827 2262 Bibliotheca
840 2220 1043 2262 Vaticana
1063 2221 1337 2271 absconditus,
1355 2221 1468 2262 fonte
1485 2220 1695 2261 doctrinae

106 2287 312 2328 uberrimo
333 2288 406 2329 sed
427 2288 553 2329 etiam
573 2288 708 2329 adhuc
730 2303 860 2344 paene
880 2288 1034 2344 ignoto.

163 2355 325 2396 Primus
372 2356 448 2397 hoc
489 2357 679 2398 volumen
720 2357 832 2412 typis
875 2357 1079 2412 expressit
1120 2357 1396 2412 Ingolstadtii,
1437 2357 1534 2399 A.S.
1572 2358 1695 2410 1607,

105 2424 286 2465 Jacobus
317 2425 526 2465 Pomanus
557 2440 580 2466 e
612 2425 817 2467 Societate
846 2426 960 2475 Jesu,
990 2425 1043 2466 ad
1075 2425 1197 2466 fidem
1229 2425 1389 2466 Codicis
1420 2425 1696 2476 Monacensis,

106 2491 170 2532 cui
206 2492 314 2532 Osee
350 2498 391 2533 et
428 2492 650 2534 Zacharias
690 2494 917 2548 prophetae
958 2493 1191 2534 defuerunt.
1269 2494 1392 2534 Hunc
1428 2508 1505 2549 ego
1542 2494 1698 2535 credidi

107 2573 207 2609 esse,
242 2560 311 2614 qui
347 2575 453 2601 nunc
488 2560 529 2601 in
564 2561 813 2602 bibliotheca
851 2561 1087 2602 Monacensi
1123 2567 1198 2611 est,
1234 2561 1426 2602 Codicem
1462 2575 1532 2614 41,
1564 2563 1697 2603 seculo

108 2627 279 2668 XVImo
327 2628 631 2684 conscriptum:
682 2629 857 2670 alterum
906 2644 1082 2684 quoque,
1123 2629 1225 2670 Cod.
1272 2640 1335 2683 17,
1382 2630 1563 2685 ejusdem
1610 2631 1698 2671 fere

107 2695 266 2745 aetatis,
299 2695 442 2736 iisdem
474 2697 608 2737 verbis
639 2697 915 2752 descripseris.
979 2698 1084 2738 Eum
1118 2697 1344 2745 Fontanus,
1374 2713 1453 2752 quo
1484 2697 1570 2753 ipse
1601 2712 1698 2739 usus

109 2766 183 2809 est,
207 2763 424 2817 pessimum
445 2764 568 2805 fuisse
589 2771 801 2806 memorat.
863 2765 974 2817 Quos
996 2765 1094 2815 dixi,
1117 2771 1292 2819 uterque
1313 2765 1459 2806 horum
1482 2781 1532 2806 ex
1555 2766 1697 2807 eadem

109 2835 170 2870 cst
201 2830 366 2880 familia,
399 2831 457 2872 ita
488 2837 532 2872 ut
562 2846 642 2872 non
673 2831 726 2872 sit
756 2846 906 2886 operae
942 2832 1120 2887 pretium
1157 2833 1298 2874 ambos
1333 2833 1570 2888 perlegisse.
1632 2833 1699 2874 Ad

111 2896 216 2938 Osee
257 2904 299 2939 et
340 2899 597 2947 Zachariam,
640 2900 852 2940 Fontanus
895 2900 1088 2941 Codicum
1133 2901 1411 2942 Romanorum
1457 2901 1700 2956 apographa

110 2965 309 3016 adhibuit,
333 2967 477 3009 Jacobi
506 2967 711 3009 Sirmondi
743 2983 852 3015 cura,
877 2983 927 3008 ex
957 2969 1098 3009 eadem
1122 2968 1326 3011 societate
1350 2969 1437 3019 viri,
1462 2969 1528 3023 qui
1559 2975 1700 3024 postea
