2021 3434
97 867 189 898 Infra
205 867 247 899 ix.

96 913 125 950 8,
150 921 180 952 9.

315 171 399 212 370
689 176 737 216 Β.
781 176 1057 216 CYRILLI
1100 176 1479 217 ALEXANDR.
1793 174 1818 214 i.
1848 186 1881 211 1.

315 281 579 346 ἀναγκαῖον.
636 283 738 334 ε”στι
763 286 916 335 τοίνυν
941 285 1091 340 διττὸς
1125 287 1234 350 ἡμῖν
1259 289 1339 349 τῆς
1365 286 1624 350 ἀπολογίας
1650 285 1674 334 ὁ
1699 282 1883 348 τρόπος.

315 368 503 429 πρῶτον
536 365 619 428 μὲν
656 367 748 434 γὰρ
787 368 1070 432 εἷσκεκόμικε
1108 369 1190 420 τὸν
1229 374 1323 420 τῶν
1361 368 1487 420 ὅλων
1525 366 1648 419 Θεὸν
1685 367 1768 420 τὰς
1805 369 1887 428 τῆς

316 449 410 495 τῶν
446 445 680 499 Ἰουδαίων
718 453 1004 516 Συναγωγῆς
1042 452 1268 517 ἁμαρτίας
1312 450 1651 519 ἀφηγούμενον·
1697 446 1794 498 εἶτα
1830 446 1889 497 τὰ

315 527 516 591 ἐσόμενα
549 531 645 580 κατ’
677 532 829 582 αὐτῶν
859 531 1301 599 προαπηγγελκότα,
1328 533 1595 599 προσετίθει
1630 530 1677 581 δὲ
1712 529 1890 582 τούτοις

277 607 374 660 er&
408 610 464 679 ἐξ
494 611 774 678 ἡμερότητος
809 613 977 679 ἀγαθὰ,
1004 618 1078 665 καὶ
1112 615 1181 665 ὅτι
1216 614 1333 665 κατὰ
1367 611 1550 681 καιροὺς
1583 613 1787 675 πλείστη
1821 633 1889 664 τις
1910 634 1931 670 5

315 691 561 756 γενήσεται
596 694 748 745 αὐτῶν
783 694 926 765 φειδὼ
964 699 1038 747 καὶ
1074 696 1406 761 ἀνακαινισμὸς
1441 700 1502 750 εἷς
1538 695 1592 746 τὸ
1625 695 1701 745 ἀπ’
1729 695 1888 759 ἀρχῆς.

316 772 406 841 ἔφη
441 772 533 841 γὰρ
570 775 716 826 πάλιν
750 776 886 831 αὐτὸς
923 777 1144 842 ὁἈμὼς,
1177 781 1239 832 ὡς
1273 780 1322 829 ἐκ
1360 777 1618 844 προσώπου
1652 780 1734 826 τοῦ
1765 778 1890 825 Θεοῦ

317 862 344 884 “
372 855 512 921 Πλὴν
549 856 619 908 ὅτι
661 860 743 910 οὐκ
785 864 847 914 εἷς
884 861 1019 915 τέλος
1059 861 1209 930 ἐξαρῶ
1253 860 1335 912 τὸν
1379 859 1503 912 οἶκον
1532 858 1719 920 Ἰακὼβ,
1761 857 1886 922 λέγει

318 944 344 966 “
373 937 559 1004 Κύριος.
624 941 738 993 διότι
776 941 874 993 ἰδοὺ
914 941 1006 1008 ἐγὼ
1040 943 1330 1006 ἐντέλλομαι,
1366 944 1440 993 καὶ
1479 946 1648 1004 λικμιῶ
1683 942 1730 991 ἐν
1767 944 1889 991 πᾶσι

319 1027 345 1049 “
371 1025 466 1075 τοῖς
498 1021 652 1073 ε”θνεσι
685 1022 767 1074 τὸν
798 1022 922 1075 οἶκον
956 1031 1037 1076 τοῦ
1061 1025 1275 1091 Ἰσραὴλ,
1309 1024 1361 1076 ὃν
1388 1024 1562 1092 τρόπον
1595 1027 1815 1086 λικμᾶται
1844 1023 1890 1072 ἐν

317 1108 344 1131 “
370 1104 435 1172 τῷ
459 1107 624 1174 λικμῷ,
651 1107 726 1156 καὶ
760 1107 813 1156 οὐ
845 1105 910 1171 μὴ
933 1106 1056 1175 πέσῃ
1081 1108 1348 1173 σύντριμμα
1373 1109 1446 1157 ἐπὶ
1470 1105 1556 1169 τὴν
1579 1105 1715 1170 γῆν.”
1767 1126 1887 1168 προ-

317 1185 595 1250 καταμηνύει
636 1185 683 1237 δὲ
726 1189 986 1253 ἀναγκαίως
1030 1191 1105 1240 καὶ
1147 1188 1232 1254 τὴν
1272 1187 1496 1252 ἐσομένην
1534 1187 1772 1253 λύτρωσιν
1816 1184 1890 1235 διὰ

317 1269 546 1333 Χριστοῦ,
571 1271 646 1319 καὶ
678 1269 749 1320 ὅτι
785 1269 1177 1338 μεταχωρήσουσι
1214 1270 1332 1337 πρὸς
1370 1268 1719 1333 ἀνακαινισμὸν,
1745 1270 1819 1319 καὶ
1843 1269 1891 1318 ἐν

99 1360 185 1394 249
203 1360 253 1394 Α-
280 1370 302 1394 a
318 1349 537 1418 εὐπαθείᾳ
564 1349 751 1401 ἔσονται
785 1353 1172 1417 κατοικτείροντος
1201 1356 1339 1403 Θεοῦ.
1409 1353 1499 1421 ε”φη
1527 1350 1575 1402 δὲ
1600 1351 1719 1401 οὕτω
1744 1349 1891 1400 πάλιν

98 1441 213 1473 Ihm.

319 1437 346 1460 ‘⁶
369 1431 456 1481 Ἐν
494 1435 552 1499 τῇ
593 1432 740 1501 ἡμερᾳ
779 1434 925 1501 ἐκείνῃ
963 1434 1221 1498 ἀναστήσω
1259 1434 1343 1498 τὴν
1382 1432 1562 1497 σκηνὴν
1599 1435 1772 1483 Δαυεὶδ
1805 1430 1891 1495 τὴν

319 1519 346 1542 “
368 1518 681 1577 πεπτωκυῖαν,
723 1517 798 1565 καὶ
837 1515 1188 1580 ἀνοικοδομήσω
1227 1515 1285 1567 τὰ
1321 1515 1597 1567 πεπτωκότα
1629 1516 1781 1578 αὐτῆς,
1817 1516 1892 1565 καὶ

318 1601 345 1624 “
371 1594 429 1646 τὰ
462 1596 820 1660 κατεσκαμμένα
858 1598 998 1662 αὐτῆς
1035 1597 1308 1662 ἀναστήσω,
1335 1600 1408 1648 καὶ
1435 1595 1786 1660 ἀνοικοδομήσω
1813 1597 1891 1646 αὐ-

318 1683 346 1706 “
370 1677 455 1742 τὴν
518 1677 670 1732 καθὼς
726 1682 773 1729 αἱ
823 1678 987 1746 ἡμέραι
1045 1686 1128 1731 τοῦ
1181 1681 1388 1733 αἰῶνος.”
1455 1682 1619 1730 οὐκοῦν
1670 1678 1773 1747 ὑπὲρ
1821 1677 1893 1738 τῆς

315 1759 604 1830 Ἰερουσαλὴμ
642 1765 684 1812 οἱ
722 1761 874 1827 λόγοι.
943 1764 1018 1812 καὶ
1057 1761 1164 1813 καθ’
1192 1762 1347 1828 ἕτερον
1380 1761 1428 1813 δὲ
1466 1759 1641 1828 τρόπον
1679 1759 1782 1831 ὑπὲρ
1813 1761 1893 1810 αὐ-

316 1845 398 1907 τῆς
445 1843 665 1909 γενέσθαι
712 1845 873 1894 νοοῖντ’
918 1842 976 1895 ἂν
1026 1844 1222 1897 εἰκότως.
1300 1843 1446 1910 Συρία
1494 1866 1542 1894 τε
1589 1842 1680 1909 γὰρ
1729 1845 1803 1894 καὶ
1851 1846 1893 1893 οἱ

318 1930 586 1989 Δαμασκοῦ
619 1930 852 1988 βασιλεῖς,
891 1927 966 1976 καὶ
999 1930 1092 1977 τῶν
1127 1925 1310 1993 ὁμόρων
1343 1928 1487 1977 ἐθνῶν
1522 1926 1605 1976 οὐκ
1637 1925 1778 1991 ὀλίγα
1808 1924 1894 1989 τὴν

317 2010 412 2058 τῶν
454 2007 690 2058 Ἰουδαίων
733 2007 892 2076 χώραν
936 2007 1284 2072 διελυμήναντο,
1323 2008 1499 2058 ἄλλοτε
1544 2007 1687 2058 ἄλλοι
1729 2007 1895 2076 κατεξ-

319 2088 623 2151 ανιστάμενοί
667 2112 717 2140 τε
767 2091 842 2140 καὶ
892 2092 1226 2158 καταδῃοῦντες
1275 2088 1432 2154 αὐτὴν,
1481 2089 1672 2153 ἄγοντές
1721 2112 1770 2139 τε
1820 2092 1896 2140 καὶ

276 2181 302 2222 b
321 2171 554 2239 φέροντες,
580 2174 652 2222 καὶ
686 2170 745 2222 τὰ
779 2171 836 2240 ἐξ
869 2170 1072 2238 ἀκράτου
1105 2175 1302 2238 δρῶντες
1333 2173 1489 2239 ὀργῆς,
1517 2175 1578 2226 ὡς
1604 2176 1665 2226 εἰς
1689 2170 1897 2240 ἐσχάτην

320 2252 484 2307 αὐτοὺς
517 2252 789 2304 καθικέσθαι
822 2255 1156 2321 ταλαιπωρίαν.
1225 2255 1404 2308 τούτοις
1434 2254 1490 2319 δὴ
1518 2255 1598 2305 οὖν
1623 2252 1776 2306 ἅπασι
1802 2258 1897 2307 τοῖς

318 2334 669 2401 πεπορθηκόσιν
709 2335 852 2399 αὐτὴν
894 2335 1207 2400 εἷσκεκόμικεν
1252 2338 1276 2386 ὁ
1317 2335 1576 2406 Προφήτης
1614 2338 1896 2388 ἀπειλοῦντα

320 2416 402 2468 τὸν
445 2417 569 2469 Θεὸν
605 2417 689 2483 τὴν
732 2417 981 2484 ἐρήμωσιν,
1027 2421 1102 2469 καὶ
1148 2419 1278 2483 δίκην
1323 2419 1413 2486 ἔφη
1451 2419 1896 2487 εἰσπραχθήσεσθαι

321 2504 415 2550 τῶν
449 2501 652 2551 ἀνοσίων
684 2499 1029 2568 ἐγχειρημάτων
1067 2501 1246 2555 αὐτούς.
1309 2501 1474 2552 οὐκοῦν
1499 2500 1603 2570 ὑπὲρ
1641 2500 1716 2561 τῆς
1749 2501 1896 2571 Ἰερου-

369 2667 401 2690 2.
427 2656 486 2691 τὰς
502 2656 560 2699 τῆς
576 2659 641 2690 τῶν
660 2655 752 2690 B.D.
771 2656 829 2691 τὰς
845 2659 912 2690 τῶν
929 2656 972 2690 Α.
991 2656 1050 2692 τὰς
1068 2667 1137 2690 om.
1157 2655 1249 2690 Edd.
1419 2668 1452 2699 4.
1479 2656 1581 2690 αὐτοῦ
1599 2668 1662 2700 pro
1679 2656 1787 2690 αὐτῶν
1805 2655 1896 2690 Edd.

322 2710 355 2746 5.
382 2702 515 2746 καιροὺς
532 2703 576 2736 Α.
594 2703 708 2746 καιρὸν
726 2702 817 2737 Edd.
1075 2702 1108 2737 6.
1135 2703 1242 2737 αὐτῶν
1258 2702 1437 2759 γενήσεται
1455 2715 1517 2747 pro
1533 2703 1724 2759 γενήσεται
1727 2703 1835 2737 αὐτῶν
1852 2704 1896 2737 Α.

324 2760 356 2792 9.
384 2749 455 2782 ἰδοὺ
473 2761 541 2782 om.
561 2749 604 2783 A.
623 2748 736 2792 (Vat.)
1111 2761 1164 2795 13.
1189 2748 1473 2795 μεταχωρήσουσι
1494 2750 1534 2783 Β.
1552 2748 1785 2795 μεταχωρήσει
1803 2749 1894 2784 Edd.

327 2805 379 2836 14.
405 2794 578 2841 εὐπαθείᾳ]
599 2795 788 2831 εὐπαθείαις
805 2808 863 2840 per
881 2802 964 2830 cast.
983 2796 1027 2830 A.
1243 2807 1307 2839 15-
1314 2798 1366 2830 18.
1392 2797 1445 2830 καὶ
1461 2797 1501 2830 τὰ
1519 2797 1595 2841 ἑξῆς
1612 2809 1675 2841 pro
1693 2797 1752 2840 τὴν
1767 2810 1846 2830 πεπ.
1850 2815 1895 2821 —

323 2841 440 2876 αἰῶνος
458 2842 550 2875 Edd.
817 2854 869 2887 9.
897 2844 1075 2886 δὲτρόπον
1092 2854 1162 2877 orn.
1180 2843 1374 2878 Aubertus.
1657 2854 1711 2877 20.
1737 2842 1894 2888 ’γενεσθαι

324 2894 543 2931 assumptum
560 2901 601 2922 ex
619 2889 661 2922 A.
668 2889 709 2923 Β.
761 2889 885 2923 Statim
905 2889 1004 2924 νοοῖτ’
1022 2890 1066 2924 A.
1412 2901 1467 2924 21.
1492 2890 1593 2936 ὀλίγα
1613 2890 1654 2924 Β.
1672 2889 1782 2935 ὀλίγοι
1800 2888 1891 2923 Edd.

326 2943 380 2966 22.
407 2934 520 2970 ἄλλως
537 2946 600 2980 pro
617 2935 718 2969 ἶίλλοι
735 2936 778 2970 A.
923 2947 977 2981 23-
1004 2951 1039 2970 τε
1057 2935 1153 2980 prius
1171 2944 1394 2981 assumptum
1411 2949 1453 2971 ex
1471 2937 1514 2971 A.
1657 2948 1712 2979 24.
1730 2936 1892 2980 ἀκρατους

326 2979 416 3013 Edd.
575 2991 630 3026 27.
655 2983 713 3016 τὸν
729 2988 948 3027 assumptum
968 2995 1009 3017 ex
1028 2983 1069 3017 Β.
1119 2982 1437 3029 εἷσπραχθνισεσθαι
1457 2983 1497 3017 Β.
1516 2983 1642 3028 πραχθ.
1661 2982 1751 3017 Edd.

1919 1048 1966 1072 10

1919 1872 1967 1896 20
