2021 3434
99 227 140 268 ii.
168 241 206 268 1.
565 228 637 268 IN
679 227 913 268 OSEAM.
975 225 1124 266 TOM.
1167 224 1203 264 Ι.
1616 222 1670 260 43

99 339 336 390 ἀποδώσει
387 339 572 411 ἑκάστῳ
620 339 738 392 κατὰ
781 339 840 391 τὰ
891 340 1005 405 ἔργα
1057 339 1212 388 αὐτοῦ.
1267 339 1302 386 εὶ
1353 333 1400 385 δὲ
1452 331 1507 395 δὴ
1559 330 1698 389 ,Βού-
1694 341 1855 415 {v'iffzffith-

98 419 230 472 λοιτό
272 445 341 475 τις
383 422 542 490 ἡμέραν
587 428 704 474 νοεῖν
745 421 827 474 τὸν
864 425 946 485 τῆς
986 420 1226 484 ἐπιδημίας
1270 416 1443 482 καιρὸν,
1483 413 1582 464 καθ’
1621 411 1674 463 ὃν
1802 404 1825 423 ¹

99 503 325 570 ἡόίφεσις
362 509 456 555 τῶν
494 504 826 571 ἡμαρτημένων
861 503 1019 554 δέδοτο
1057 500 1187 568 παρὰ
1220 502 1436 566 Χριστοῦ
1460 497 1680 559 Ἑλλησί

99 607 149 635 τε
186 587 262 636 καὶ
305 590 577 653 βαρβάροις,
623 589 697 638 καὶ
738 587 977 638 Ἰουδαίοις
1021 589 1116 637 τοῖς
1160 587 1220 636 εἷς
1263 580 1404 632 αὐτὸν
1446 586 1668 642 πεπλημ-

61 687 82 724 5
100 667 349 733 μεληκόσι,
397 668 593 720 κατευθὺ
631 671 706 719 καὶ
747 669 879 721 οὗτος
922 671 1015 717 τῶν
1059 668 1141 729 τῆς
1186 665 1407 728 ἀληθείας
1447 663 1675 723 βαδιεῖται

100 750 275 816 λόγων.
340 752 460 801 οὕτω
499 753 572 801 καὶ
613 752 638 801 ὁ
678 751 852 800 Δαυεὶδ
891 751 974 811 τῆς
1017 751 1100 798 τοῦ
1139 749 1357 811 Σωτῆρος
1396 746 1525 808 ἡμῶν
1571 746 1669 794 ε’πι-

100 834 265 895 δημιάς
308 831 390 883 τὸν
433 832 592 898 καιρὸν
638 833 881 898 ὑποφαινει
930 829 1083 895 λε’γων
1127 829 1306 891 ((Αὔτη
1358 827 1385 890 ἡ
1429 827 1575 891 ἡμέρα
1619 825 1676 888 ἢν
1738 827 1898 911 xcxvii.

101 916 319 978 ε’ποιησεν
363 915 388 964 ὃ
436 913 621 981 Κύριος·
688 911 1095 979 ἀγαλλιασώμεθα
1134 913 1208 961 καὶ
1254 911 1587 976 εὐφρανθῶμεν
1629 909 1677 958 ἐν

103 997 264 1064 αὐτῄ.”

39 1161 85 1185 10
108 1143 265 1186 Εἷ’Πατε
318 1149 379 1186 τᾶ)
430 1146 609 1202 ἀδελφᾶ)
661 1147 777 1194 ὑμᾶηι
824 1146 932 1187 Λαός
976 1160 1066 1194 μου,
1117 1144 1183 1184 καὶ
1232 1159 1282 1183 τΗ
1342 1142 1509 1199 ἀδελφῌ
1559 1142 1718 1215 ὑμὰψᾶ
1700 1122 1798 1215 ΚεφΙ
1819 1117 1874 1169 β

164 1228 423 1277 ἨλεΗμένΗ.

178 1338 470 1403 Ἀναγκαίως
503 1337 696 1406 σφόδρα
733 1343 828 1392 τοῖς
866 1339 952 1403 ἤδη
990 1336 1333 1403 προειρημένοις
1367 1333 1571 1402 ἐπιφέρει
1605 1337 1679 1383 καὶ

103 1422 265 1470 ταῦτα.
332 1420 486 1484 ἐπειδὴ
527 1420 619 1487 γὰρ
664 1421 854 1486 εἴρηκεν,
897 1423 958 1474 ὡς
1000 1419 1090 1471 ὑπὸ
1134 1419 1244 1482 μίαν
1288 1418 1475 1468 ἔσονται
1509 1415 1679 1469 πάντες

105 1505 266 1572 ἀρχὴν,
306 1505 489 1561 οὐδενὸς
518 1507 582 1557 ε”τι
624 1507 972 1574 διατειχίζοντος
1012 1505 1040 1570 ἢ
1085 1504 1407 1568 διατέμνοντος
1446 1507 1505 1555 εἰς
1545 1500 1673 1569 διχό-

0 1625 1 1632 1
42 1607 86 1646 15
107 1610 245 1650 νοιαν,
293 1589 557 1655 κρατούσης
602 1589 650 1640 δὲ
693 1594 883 1653 μᾶλλον
934 1588 1213 1657 ὁμοψυχίας,
1255 1588 1330 1637 καὶ
1380 1590 1440 1639 εἱς
1485 1582 1679 1648 ἑνότητα

0 1703 1 1732 γ
105 1669 189 1733 τὴν
229 1672 277 1721 ἐν
320 1671 545 1735 πνεύματι
590 1671 924 1736 συλλεγούσης
968 1669 1178 1723 ἅπαντας
1228 1671 1310 1732 τῆς
1359 1672 1420 1721 εἷς
1463 1665 1723 1731 Χριστὸνῖο

0 1733 2 1828 l
105 1752 326 1816 πίστεως,
356 1753 524 1805 λοιπὸν
556 1754 816 1818 ἀναγκαίως
849 1753 903 1803 τὸ
932 1757 1126 1816 Πνεῦμα
1149 1750 1443 1817 προστέταχε
1470 1752 1565 1801 τοῖς
1590 1747 1678 1812 ἤδη

0 1829 2 1901 ᾖ
105 1834 191 1899 τὴν
215 1836 378 1887 πίστιν
402 1835 768 1899 πεπλουτηκόσι,
796 1838 870 1886 καὶ
896 1834 1145 1901 γεγονόσιν
1173 1833 1261 1884 ὑπὸ
1288 1835 1500 1900 Χριστῷ,
1521 1830 1680 1894 μηκέτι

0 1903 2 1936 ¹
106 1918 191 1982 τὴν
229 1917 347 1985 πρὸς
391 1919 585 1972 ἐκείνους
629 1916 811 1984 εἰρήνην
854 1918 1160 1968 ἀποσείεσθαι
1204 1920 1372 1984 φιλεῖν,
1412 1913 1455 1965 οἳ
1497 1912 1680 1964 δικαίως

43 2024 90 2048 20
109 2000 334 2065 κε’κληντο
365 2002 440 2052 Οὐ
474 1999 590 2054 λαός
625 2023 728 2063 μου,
764 2003 838 2050 καὶ
875 2001 978 2051 Οὐκ
1022 1998 1266 2063 ἠλεημένη.
1332 1995 1681 2061 εἶσδεδεγμένου

108 2083 200 2149 γὰρ
245 2081 378 2152 ἅπαξ
416 2087 499 2134 τοῦ
529 2080 745 2148 Ἰσραὴλ,
784 2085 857 2151 καὶ
903 2081 1219 2145 κομισαμένου
1257 2079 1343 2144 τὴν
1381 2079 1568 2147 ἄφεσιν,
1609 2079 1683 2126 καὶ

74 2214 77 2217 ,
109 2165 356 2232 γεγονότος
384 2165 471 2216 ὑπὸ
499 2169 709 2234 Χριστῷ,
736 2169 835 2219 πῶς
870 2163 927 2228 ἧν
953 2164 1214 2215 ἀκόλουθον
1249 2166 1470 2230 διχονοεῖν
1497 2161 1578 2220 ἔτι,
1609 2160 1685 2209 καὶ

110 2249 212 2316 οὐχὶ
238 2247 294 2313 δὴ
322 2253 510 2311 μᾶλλον
535 2249 583 2299 ἐν
610 2249 803 2316 ὁμονοίᾳ
829 2251 1055 2298 διατελεῖν
1081 2245 1187 2299 τοὺς
1219 2246 1283 2295 ἑνὶ
1312 2248 1378 2312 τῷ
1409 2245 1490 2306 τῆς
1531 2245 1681 2292 υἱοθε-

110 2354 218 2386 σιας
239 2331 476 2395 Πνεύματι
499 2330 809 2395 κεκλημένους
829 2334 890 2383 εἷς
911 2328 1235 2396 ἀδελφότητα;
1276 2324 1312 2376 εὖ
1331 2325 1499 2387 τοίνυν,
1518 2325 1683 2392 φησὶν,

45 2435 92 2473 25
112 2417 154 2465 οἱ
193 2414 352 2465 πίστει
394 2416 452 2481 τῇ
493 2416 554 2467 εὶς
598 2411 814 2479 Χριστὸν
856 2410 1337 2476 ἐκλελαμπρυσμένοι,
1379 2409 1454 2458 καὶ
1499 2405 1559 2456 τὰ
1601 2408 1723 2470 τῆςο

111 2494 418 2561 γνησιότητος
445 2495 670 2562 λαχόντες
696 2494 956 2562 αὐχήματα,
982 2497 1048 2562 τῷ
1069 2494 1262 2559 ἀδελφῷ
1290 2492 1417 2553 ὑμῶν
1441 2492 1507 2558 τῷ
1533 2487 1685 2539 πάλαι

112 2578 296 2631 δικαίως
316 2578 391 2628 Οὐ
417 2575 532 2630 λαός
556 2600 647 2641 μου
672 2578 951 2645 κεκλημένῳ,
973 2575 1133 2639 λε’γετε
1159 2571 1327 2623 λοιπὸν
1353 2571 1406 2623 τὸ
1429 2569 1556 2624 Λαός
1581 2588 1684 2634 μου·

112 2662 186 2711 καὶ
212 2664 269 2727 τῇ
296 2660 481 2727 ἀδελφῇ
510 2660 636 2719 ὑμῶν
661 2663 719 2726 τῇ
742 2660 846 2708 Οὐκ
871 2656 1118 2723 ἡλεημένῃ,
1141 2654 1301 2720 λε’γετε
1325 2652 1378 2705 τὸ
1396 2652 1684 2717 Ἠλεημένη.

112 2744 187 2793 καὶ
221 2740 315 2807 γὰρ
350 2742 479 2791 ἐστιν
514 2742 778 2806 ἀναγκαῖον,
805 2739 1084 2807 σύμφρονας
1115 2740 1181 2806 τῷ
1216 2736 1426 2805 δεσπότῃ
1456 2735 1564 2790 τοὺς
1598 2734 1688 2786 ὑπὸ

158 2916 192 2950 3.
217 2904 350 2939 δέδοται
369 2904 415 2938 D.
616 2916 649 2946 4.
677 2903 772 2937 Haec
789 2903 983 2960 βαρβάροις
995 2902 1047 2935 καὶ
1064 2907 1284 2936 accesserunt
1301 2914 1341 2935 ex
1361 2901 1407 2935 D.
1428 2901 1512 2935 Post
1530 2901 1687 2936 ἱουδαίοις

113 2951 193 2987 add.
211 2966 263 2985 και
282 2951 372 2985 Edd.
390 2951 499 2985 invito
518 2951 563 2984 D.
753 2959 785 2994 5.
812 2948 924 2994 οὗτος]
945 2963 1029 2982 ουτω
1047 2949 1082 2982 b.
1286 2960 1338 2983 10.
1364 2949 1455 2992 ὑμῶν
1472 2949 1530 2981 alt.
1550 2960 1619 2981 om.
1640 2948 1685 2981 D.

116 3009 169 3033 ²0.
196 2999 369 3042 κέκληνται
398 2999 443 3032 D.
470 2998 592 3032 Statim
617 2999 634 3031 ὁ
658 3009 721 3042 pro
744 2998 782 3030 οὐ
805 2996 895 3030 Edd.
919 2995 1197 3040 repugnantibus
1218 2995 1257 3030 B.
1272 2995 1318 3030 D.
1385 2996 1452 3029 Οὐκ
1478 2995 1622 3029 1ccessit
1647 3006 1687 3028 ex

118 3044 158 3078 B.
179 3046 224 3079 D.
463 3056 516 3089 29.
544 3045 617 3079 ἐστι
636 3048 716 3089 post
733 3044 910 3089 ἀναγκαῖον
928 3049 969 3077 tr.
991 3043 1036 3077 D.

866 3111 936 3139 G2

6 3250 14 3434 ——-—
0 2560 12 3243 —-———-a-——a
