2021 3434
121 223 176 264 vi.
194 223 232 274 8,
256 239 293 279 9.
569 225 641 266 IN
682 225 916 266 OSEAM.
977 224 1125 265 TOM.
1160 224 1237 264 IV.
1614 223 1693 261 145

118 334 333 386 τουτέστι
359 334 418 386 τὰ
451 335 526 388 διὰ
560 340 774 404 Χριστοῦ
801 337 1121 401 θεσπίσματα,
1148 334 1224 387 διὰ
1256 335 1461 388 πίστεως
1499 330 1697 384 ἐκάλουν

74 461 77 466 ,
119 420 179 471 εἰς
215 418 451 469 υἱοθεσίαν
485 422 622 481 Θεοῦ,
657 424 719 473 εἰς
757 418 916 488 δόξαν,
951 422 1013 473 εἰς
1050 418 1338 487 ἀφθαρσίαν,
1365 421 1426 471 εἷς
1458 414 1696 482 ἀμήρυτον

118 497 250 565 ζωὴν,
291 504 353 554 εὶς
390 500 578 570 μέθεξιν
615 505 740 553 Θεοῦ
776 500 860 566 τὴν
903 499 978 552 διὰ
1019 501 1306 564 Πνεύματος,
1345 503 1406 553 εἷς
1444 496 1697 560 βασιλείαν

118 581 340 647 οὐρανῶν.
407 582 516 634 ἀλλ’
544 584 627 635 οὐκ
649 584 892 648 ἠθέλησαν
923 583 1042 650 ἔχειν
1071 581 1153 633 τὸν
1191 581 1495 646 ε’κνεμηθέντα
1520 581 1697 646 κλῆρον

77 675 98 713 5
119 663 273 718 αὐτοῖς
300 664 355 715 δι’
381 668 498 716 Υὶοῦ
523 664 652 732 παρὰ
683 671 764 717 τοῦ
797 670 922 716 Θεοῦ
959 666 1033 715 καὶ
1071 664 1275 731 Πατρός.
1344 664 1441 714 κατ’
1469 662 1613 730 ἄμφω
1639 660 1696 725 δὴ

117 745 199 795 οὖν
237 747 535 811 λελυπήκασι
569 749 917 817 παραβαίνοντες
950 745 1036 811 τὴν
1071 744 1283 808 διαθήκην,
1308 743 1491 796 καὶτὸν
1517 751 1691 809 κληρο-

118 826 274 891 νόμον,
301 831 363 882 ὡς
388 829 520 898 ἔφην,
545 828 599 880 τὸ
623 830 740 881 ὅσον
765 831 836 898 ἐφ’
865 830 1040 882 ἑαυτοῖς
1070 833 1152 879 τοῦ
1184 828 1395 880 δοθέντος
1422 828 1546 895 αὐτῷ
1568 824 1697 891 παρὰ

117 916 200 960 τοῦ
237 911 425 976 Πατρὸς
466 911 728 980 ἐξώσαντες
765 912 956 978 κλήρου,
996 909 1340 963 ἐκπεπτωκότες
1375 907 1421 960 δὲ
1461 912 1535 959 καὶ
1575 910 1693 959 αὐτοὶ
1713 910 1740 950 b

117 996 212 1043 τῶν
236 992 365 1060 παρὰ
391 997 514 1045 Θεοῦ
541 994 867 1060 δεδωρημένων
893 995 1047 1047 αὐτοῖς
1072 995 1120 1044 ἐν
1146 996 1360 1061 Χριστῷ.

54 1223 230 1268 ΙοἘκεῖ
258 1228 550 1283 κατεφρόνΗσέ
575 1242 654 1276 μου
683 1226 866 1278 Γαλαὰδ,
893 1227 1016 1269 Πόλις
1052 1227 1307 1284 ἑρταζομένΗ
1341 1226 1512 1275 μάταια,
1538 1224 1693 1281 ταράσ-
1713 1228 1735 1263 8

185 1324 313 1352 σουσα
340 1309 468 1367 ὕδωρ,
497 1310 564 1351 καὶ
591 1310 614 1352 ἡ
643 1308 755 1366 ἰσχύς
782 1325 855 1352 σου
882 1310 942 1350 ὡς
968 1309 1123 1366 ἀνδρὸς
1154 1312 1371 1365 Πειρατοῦ.
1714 1318 1736 1353 9

191 1432 435 1484 Ἐπάνεισι
469 1433 616 1485 πάλιν
650 1435 675 1485 ὁ
710 1435 853 1501 λόγος
893 1438 954 1488 εἷς
992 1434 1238 1503 ἀφήγησιν
1275 1430 1596 1499 ἐγκλημάτων,
1622 1428 1694 1499 ἐφ’

118 1514 184 1570 οἷς
228 1515 413 1571 εἰκότως
457 1516 680 1586 ἀνῄρηται
728 1522 821 1569 τῶν
863 1519 971 1585 παρ’
1014 1519 1169 1572 αὐτοῖς
1213 1519 1623 1585 ψευδοπροφητῶν
1669 1514 1696 1577 ἡ

117 1599 287 1649 ἀνοσία
327 1600 530 1664 πληθύς.
596 1601 688 1652 ἐκεῖ
718 1600 810 1666 γάρ
856 1604 991 1669 φησι,
1025 1599 1251 1662 τουτέστι,
1293 1599 1391 1650 κατ’
1433 1600 1574 1649 ἐκεῖνο
1613 1602 1696 1649 τοῦ

54 1709 66 1733 ι
77 1706 98 1744 5
120 1686 280 1748 καιροῦ
318 1683 418 1733 καθ’
455 1680 508 1733 ὃν
549 1683 807 1734 ἐκκέκλικεν
844 1683 869 1733 ὁ
902 1681 1118 1749 Ἰσραὴλ,
1145 1684 1219 1733 καὶ
1253 1683 1301 1733 ἐν
1338 1685 1396 1750 τῇ
1434 1682 1587 1749 τοιᾷδε
1613 1702 1696 1730 κα-

117 1764 348 1815 ταστάσει
373 1763 575 1831 γέγονεν,
615 1762 738 1816 ὥστε
770 1767 845 1816 καὶ
877 1764 1069 1816 ἑλέσθαι
1107 1765 1357 1829 δαιμονίοις
1393 1767 1692 1829 προσκυνεῖν·
1713 1785 1735 1811 o

118 1851 254 1897 τοῦτο
281 1845 373 1913 γάρ
406 1848 509 1898 ἐστι
542 1845 596 1898 τὸ
631 1849 723 1899 ἐκεῖ
751 1851 1083 1914 πραγματικῶς
1119 1846 1380 1909 νοούμενον,
1405 1847 1479 1896 καὶ
1511 1846 1615 1913 οὐχὶ
1640 1844 1696 1910 δὴ

118 1934 308 1994 μᾶλλον
348 1934 562 1984 τοπικῶς·
614 1930 808 1998 σφόδρα
851 1955 934 1999 μου
977 1931 1364 1999 καταπεφρόνηκεν
1406 1928 1434 1992 ἡ
1478 1924 1694 1980 ramo&-

117 2011 256 2066 πόλις
291 2011 339 2063 δὲ
373 2013 488 2077 αὕτη
522 2013 606 2075 μία
640 2017 734 2063 τῶν
767 2011 1004 2080 Ἰορδάνου
1045 2011 1264 2077 ναμάτων
1309 2010 1527 2073 ἐπέκεινα,
1558 2010 1586 2074 ἦ
1621 2012 1696 2061 καὶ

52 2123 101 2148 20
120 2095 422 2160 ἐκνεμηθεῖσα
462 2099 557 2148 τοῖς
598 2094 822 2158 Λευίταις,
867 2095 985 2146 κατὰ
1025 2094 1107 2145 τὸν
1150 2094 1396 2148 Μωυσέως
1436 2092 1592 2156 νόμον·
1638 2091 1696 2157 ἧν
1756 2100 1858 2175 38¹1ss-

12 2168 14 2177 Δ
121 2177 202 2227 οὖν
224 2176 402 2243 Ἱερέων
439 2179 514 2228 καὶ
549 2181 756 2228 Λευϊτῶν
792 2175 947 2231 πόλις.
1010 2179 1118 2228 ἀλλ’
1145 2181 1187 2228 οὶ
1212 2176 1320 2230 τοὺς
1353 2175 1532 2228 ἄλλους
1559 2175 1691 2245 ὀφεί-
1792 2154 1869 2184 ‘43⁸

121 2265 282 2312 λοντες
308 2259 597 2326 ἀποκομίζειν
619 2263 702 2323 τῆς
726 2260 923 2325 πλάνης,
952 2262 1026 2311 καὶ
1050 2263 1365 2325 παιδαγωγεῖν
1387 2262 1448 2311 εἷς
1472 2256 1696 2321 ἀλήθειαν

122 2342 197 2391 καὶ
231 2345 291 2394 εὶς
323 2340 408 2405 τὴν
441 2346 524 2391 τοῦ
560 2342 886 2410 συμφέροντος
927 2347 1124 2408 γνῶσιν·
1168 2349 1195 2371 “
1215 2341 1366 2405 Χείλη
1394 2339 1487 2406 γὰρ
1519 2339 1690 2406 ἱερέως,
1755 2355 1916 2395 Ma1.ii.7.

122 2429 150 2452 ‘⁴
178 2424 313 2492 φησὶ,
378 2422 640 2492 φυλάξεται
700 2424 870 2490 κρίσιν,
921 2426 996 2475 καὶ
1048 2422 1191 2488 νόμον
1252 2421 1591 2490 ἐκζητήσουσιν
1645 2424 1694 2474 ἐκ
1712 2426 1739 2468 d

54 2534 101 2572 25
122 2512 150 2535 ‘⁶
175 2504 412 2567 στόματος
449 2506 634 2555 αὐτοῦ·”
673 2504 927 2572 γεγόνασιν
964 2506 1094 2557 αὐτοὶ
1133 2509 1227 2556 τῶν
1264 2505 1469 2555 εἰδώλων
1502 2506 1694 2571 εὑρεταὶ,

19 2582 21 2591 ⁴
122 2591 198 2639 καὶ
241 2592 336 2638 τῶν
378 2587 586 2650 ματαίων
627 2590 669 2637 οὶ
710 2588 997 2654 τεχνουργοί.
1066 2587 1307 2657 εἰργάζοντο
1355 2585 1448 2653 γὰρ
1491 2588 1692 2655 μάταια,

121 2670 334 2721 τουτέστι
367 2668 427 2720 τὰ
463 2668 648 2719 εἴδωλα.
716 2670 947 2741 ἐτάραττον
972 2668 1021 2720 δὲ
1056 2672 1130 2721 καὶ
1167 2666 1284 2739 ὕδωρ,
1309 2668 1522 2721 τουτέστι
1547 2670 1695 2721 πάλιν

171 2857 202 2881 2.
231 2845 328 2880 Haeo
345 2846 390 2882 εἷς
408 2846 509 2891 δόξαν
526 2850 744 2880 accesserunt
761 2857 802 2879 ex
821 2845 915 2879 B.D.
1114 2845 1147 2880 8.
1174 2846 1226 2879 καὶ
1243 2857 1313 2880 orn.
1334 2846 1380 2881 D.
1571 2858 1624 2882 11.
1650 2848 1695 2884 ὡς

124 2894 267 2927 accessit
284 2905 325 2927 ex
342 2893 382 2928 B.
396 2894 453 2937 (22
473 2893 543 2935 aL).
557 2892 653 2926 deest
669 2893 705 2926 in
726 2893 770 2926 D.
789 2892 881 2926 Edd.
980 2902 1033 2934 14.
1051 2894 1111 2926 τοῦ
1128 2904 1197 2926 om.
1214 2893 1261 2927 D.
1359 2902 1412 2937 15.
1432 2893 1582 2930 κέκλικεν
1600 2894 1691 2929 Edd.

129 2941 181 2974 18.
208 2940 359 2986 Γαλαάδ]
380 2941 540 2986 Γάλγαλα
556 2939 591 2973 b.
610 2940 658 2982 (et
675 2939 710 2973 in
727 2939 841 2973 Textu
860 2938 896 2972 S.
916 2938 1060 2984 Script.)
1329 2951 1381 2986 19.
1407 2943 1466 2975 τοῦ
1483 2953 1546 2985 pro
1563 2945 1629 2976 τῶν
1647 2942 1693 2976 D.

125 2987 144 3030 ἡ
162 2999 231 3020 om.
252 2987 298 3020 D.
499 2997 554 3031 23.
579 2987 638 3030 τὴν
656 2991 734 3031 post
752 2985 986 3031 συμφέροντος
1003 2986 1082 3019 add.
1102 2985 1194 3020 Edd.
1382 2988 1436 3022 26.
1459 2988 1628 3034 εἷργάζετο
1648 2989 1694 3023 D.

127 3035 165 3067 τὰ
185 3039 263 3078 post
280 3034 345 3078 γὰρ
363 3032 442 3067 add.
463 3033 495 3067 b.
686 3042 739 3077 27.
769 3033 847 3066 Hoc
864 3034 967 3066 πάλιν
983 3033 1126 3066 accessit
1143 3045 1183 3067 ex
1205 3033 1249 3067 D.

185 3102 276 3127 UH..
303 3102 330 3127 I.
897 3100 919 3126 [J
