2021 3434
316 222 398 261 724·
713 222 762 262 B.
806 221 1078 263 CYRILLI
1118 222 1494 264 ALEXANDR.
1648 223 1718 263 vii.
1738 236 1800 272 10,
1820 235 1882 262 11.

313 331 476 393 βόντες
522 337 563 384 οἱ
601 334 917 397 Βαβυλώνιοι,
961 336 1038 385 καῖ
1079 339 1177 388 ταῖς
1221 337 1394 386 ἑαυτῶν
1438 332 1691 397 δυνάμεσιν
1730 332 1879 385 ἀνάπ-

313 437 470 468 τοντες
489 413 542 465 τὸ
563 420 705 478 νικᾶν,
724 418 798 466 καὶ
820 417 959 480 αὐτῆς
979 419 1061 480 τῆς
1087 418 1210 470 θειάς
1235 415 1705 482 κατεσοβαρεύσαντο
1732 415 1884 483 δόξης,

314 495 460 565 ᾤοντό
501 519 550 547 τε
595 497 844 563 κρατήσειν
888 501 970 562 τῆς
1010 499 1248 560 Ἰουδαίας,
1300 497 1387 549 κᾶν
1439 502 1475 548 εἰ
1519 498 1674 547 ἕλοιτο
1724 495 1887 562 σώζειν

313 578 477 632 αὐτοὺς
512 581 536 630 ὁ
568 584 661 630 τῶν
701 579 827 631 ὅλων
855 579 989 634 Θεός·
1032 583 1106 631 καὶ
1143 581 1370 640 λαβόντες
1403 578 1492 631 ὑπὸ
1528 584 1659 646 χεῖρα
1692 577 1798 631 τοὺς
1831 578 1884 641 ἦ·

311 660 624 727 μαρτηκότας,
665 665 826 716 δεινοῖς
869 686 918 714 τε
952 664 1029 714 καὶ
1069 662 1321 731 ἀφορήτοις
1359 661 1671 729 κατῃκίσαντο
1711 658 1928 718 πόνοις,5

311 743 524 810 χαλεπὴν
559 745 712 797 αὐτοῖς
750 743 1096 812 ἐπαρτήσαντες
1130 744 1216 809 τὴν
1252 746 1481 796 δουλείαν.
1539 744 1613 793 καὶ
1650 747 1764 808 γοῦν
1798 741 1888 809 ε”φη

311 848 402 876 που
447 826 566 880 Θεὸς
610 826 686 877 διὰ
726 830 886 896 φωνῆς
925 828 1146 893 Ἱερεμίου
1190 827 1308 893 πρὸς
1349 826 1433 890 τὴν
1478 830 1571 876 τῶν
1613 823 1889 890 Ἀσσυρίων

92 963 185 993 Hier.

91 914 176 947 463
193 912 241 947 Α·
274 908 508 958 ἃάνοσίαν
551 907 752 972 πληθὺν,
796 909 941 975 ἠ’γουν
983 907 1101 976 πρὸς
1145 909 1229 974 τὴν
1274 913 1542 970 Βαβυλῶνα
1587 905 1756 957 ((Ἰδού
1798 904 1889 972 ἐγὼ
2016 962 2019 965 ,

90 1007 250 1046 Χχνῑηι.
313 997 339 1019 “
364 989 480 1055 πρὸς
515 990 573 1042 σὲ
606 990 691 1054 τὴν
724 993 1032 1058 ὑβρίστριαν”
1067 994 1142 1042 καὶ
1180 990 1336 1055 μέντοι
1370 991 1445 1041 καὶ
1477 991 1580 1056 περὶ
1611 990 1764 1040 αὐτῶν
1795 992 1890 1039 τῶν
2007 913 2013 1160 Ι

1910 1096 1956 1122 10

89 1085 249 1160 gisflw'i-
310 1072 365 1140 ἐξ
385 1072 586 1139 Ἰσραήλ
619 1081 646 1103 “
661 1072 790 1139 Ἐγὼ
826 1074 1001 1125 δέδωκα
1037 1073 1200 1127 αὐτοὺς
1227 1077 1289 1127 εἰς
1314 1072 1396 1126 τὰς
1433 1072 1587 1139 χειράς
1613 1094 1718 1134 σου,
1744 1069 1808 1122 σὺ
1841 1069 1888 1121 δὲ

110 1151 164 1169 ”’
310 1160 339 1183 “
366 1155 446 1205 οὐκ
481 1155 653 1209 ἔδωκας
691 1156 845 1210 αὐτοῖς
878 1154 1023 1209 ἐ’λεος·
1067 1161 1149 1206 τοῦ
1184 1154 1508 1222 πρεσβυτέρου
1546 1153 1774 1219 ἐβάρυνας
1807 1151 1889 1203 τὸν
2006 1162 2018 1224 Ι

311 1243 337 1266 “
363 1237 503 1303 ζυγὸν
530 1237 737 1306 σφόδρα,
765 1241 838 1288 καὶ
874 1236 1003 1292 εἶπας
1031 1242 1114 1291 Εἰς
1148 1237 1229 1289 τὸν
1256 1241 1402 1288 αἰῶνα
1432 1236 1600 1299 ἔσομαι
1627 1233 1886 1304 ἅρχουσα.”

310 1320 362 1369 οὐ
398 1319 491 1385 γὰρ
525 1318 583 1384 ἧν
610 1317 739 1373 ἐ’λεος
777 1321 883 1386 παρ’
911 1321 1108 1382 ἐκείνοις,
1144 1322 1196 1371 οὐ
1235 1318 1380 1386 φειδῶ
1417 1319 1611 1383 ἡλικίας,
1644 1319 1697 1369 οὐ
1733 1316 1889 1384 γήρως

309 1399 460 1463 αἰδώς,
496 1403 549 1452 οὗ
587 1401 850 1469 σπλάγχνα
887 1405 1138 1468 οἰκτιρμοῦ.
1207 1399 1416 1453 δέδονται
1455 1401 1510 1465 δὴ
1550 1401 1631 1451 οὖν
1669 1399 1888 1468 ταύτῃτοι

310 1483 493 1537 δικαίως
529 1488 589 1536 εἰς
627 1488 783 1552 χεῖρας
826 1486 901 1534 καὶ
936 1485 1064 1534 αὐτοὶ
1094 1488 1297 1550 Περσῶν
1330 1506 1378 1534 τε
1416 1485 1489 1534 καὶ
1518 1482 1711 1547 Μήδων,
1739 1505 1881 1533 κατα·
1909 1504 1955 1542 15

265 1571 291 1611 b
310 1571 688 1632 στρατηγοῦντος
732 1566 903 1632 Κύρου,
949 1564 999 1619 ὃς
1050 1566 1144 1618 εἷλε
1194 1565 1279 1630 τὴν
1322 1569 1603 1626 Βαβυλῶνα.
1667 1567 1742 1616 καὶ
1784 1567 1887 1631 περὶ

90 1663 183 1715 Hie-r..
310 1648 463 1699 αὐτῶν
500 1671 593 1700 που
630 1647 755 1716 τάχα
790 1651 940 1718 φησὶν
976 1649 1000 1699 ὃ
1031 1647 1279 1716 προφήτης
1304 1647 1524 1714 Ἱερεμίας
1549 1654 1576 1676 “
1601 1646 1889 1710 Ἐπιθήσον-

91 1718 249 1791 ζζ.“1’24’
310 1737 338 1759 “
361 1731 442 1781 ταί
480 1753 574 1793 σοι,
617 1733 692 1781 καὶ
732 1731 902 1798 ἁλώσῃ
953 1729 1204 1793 Βαβυλὼν,
1251 1732 1325 1781 καὶ
1374 1730 1426 1781 οὐ
1476 1729 1652 1798 γνώσῃ·
1706 1727 1890 1795 εὑρέθης

309 1819 337 1841 “
362 1814 438 1863 καὶ
462 1812 689 1882 ἐλήφθης,
717 1812 786 1864 ὅτι
819 1817 885 1883 τῷ
914 1813 1073 1883 Κυρίῳ
1109 1813 1351 1877 ἀντέστης.
1414 1811 1569 1881 ἤνοιξε
1600 1812 1774 1878 Κύριος
1807 1809 1889 1862 τὸν

311 1902 337 1925 “
365 1895 606 1962 θησαυρὸν
630 1897 772 1948 αὑτοῦ
797 1899 871 1947 καὶ
898 1895 1115 1965 ἐξήνεγκε
1146 1894 1205 1946 τὰ
1236 1895 1381 1959 σκεύη
1417 1898 1499 1958 τῆς
1534 1896 1676 1961 ὀργῆς
1701 1893 1886 1944 αὐτοῦ.”
1908 1921 1956 1946 20
2012 1872 2017 1950 l

309 1977 455 2043 σκεύη
490 1978 544 2029 δέ
573 1983 696 2044 φησι
730 1981 810 2042 τῆς
846 1980 987 2044 ὀργῆς
1018 1976 1124 2031 τοὺς
1155 1976 1509 2044 πεπορθηκότας
1549 1976 1706 2041 αὑτήν.
1767 1998 1889 2039 συμ-

309 2061 484 2124 βέβηκε
522 2061 677 2112 τοίνυν
714 2063 955 2129 ληφθῆναι
989 2059 1074 2123 μὲν
1109 2058 1199 2112 ὑπὸ
1234 2059 1392 2124 Κύρου
1426 2057 1511 2123 τὴν
1547 2058 1884 2121 Βαβυλωνίων,

309 2144 525 2207 ἀνεθῆναι
552 2143 599 2195 δὲ
625 2146 707 2207 τῆς
733 2144 1063 2211 αἰχμαλωσίας
1098 2141 1179 2193 τὸν
1204 2141 1423 2208 Ἰσραήλ.
1493 2142 1717 2210 ταύτῃτοί
1739 2145 1889 2209 φασιν

269 2308 529 2372 οαῖσχῦνην.
587 2308 700 2359 ὅταν
738 2307 830 2374 γὰρ
866 2307 940 2376 ’ίδῃ
975 2308 1159 2369 κείμενα
1184 2307 1268 2371 μὲν
1301 2311 1362 2361 εἰς
1397 2310 1489 2373 γῆν
1525 2305 1585 2358 τὰ
1622 2305 1716 2357 ἰ’δια
1753 2306 1889 2357 τέκνα
1906 2327 1952 2367 25

309 2394 500 2457 οἰκτρῶς
544 2413 594 2441 τε
642 2393 718 2441 καὶ
762 2389 999 2455 ἀδοκήτως
1038 2389 1344 2453 ἀπολωλότα,
1386 2389 1493 2444 τοὺς
1537 2389 1584 2440 δὲ
1627 2389 1716 2440 ὑπὸ
1757 2387 1890 2456 χεῖρά

306 2496 420 2524 ποτε
457 2472 704 2541 χαίροντάς
737 2496 785 2524 τε
821 2475 895 2524 καὶ
931 2472 1207 2535 ἀνιεμένους,
1246 2472 1361 2523 οἴκοι
1394 2495 1444 2523 τε
1482 2470 1651 2523 λοιπὸν
1685 2469 1882 2537 ἀποτρέ·
1933 2519 1938 2523 .

306 2577 488 2622 χοντας,
521 2559 620 2608 πῶς
652 2556 705 2605 οὐ
731 2554 885 2619 πάντη
912 2578 961 2605 τε
993 2557 1067 2605 καὶ
1098 2553 1286 2608 πάντως
1317 2556 1636 2623 περιβαλεῖται
1669 2552 1886 2617 αἰσχύνην,

355 2713 387 2735 2.
414 2699 751 2746 κατεσοβαρεύσαντο
769 2701 813 2735 Α.
832 2699 1143 2746 κατεσοβαρεύοντο
1161 2700 1254 2735 Edd.
1475 2710 1507 2746 7.
1533 2700 1649 2744 φωνῆς
1665 2705 1887 2744 assumptum

307 2761 349 2782 ex
367 2749 410 2782 A.
638 2749 670 2782 8.
695 2748 835 2783 ἀνοσίαν
851 2761 921 2782 om.
939 2749 983 2782 A.
1214 2759 1246 2793 9.
1273 2748 1358 2792 πρὸς
1375 2746 1467 2782 Edd.
1487 2748 1620 2791 (Alex.)
1639 2747 1693 2781 ἐπὶ
1713 2746 1754 2781 Β.
1774 2746 1886 2790 (Vat.)

311 2806 364 2829 10.
394 2795 452 2830 τὰς
469 2802 691 2839 assumptum
709 2807 750 2829 ex
768 2797 812 2829 A.
831 2795 875 2829 cf.
893 2795 984 2829 infra
1000 2795 1067 2840 478
1086 2806 1115 2828 c.
1134 2795 1170 2829 in
1189 2795 1251 2828 Es.
1271 2794 1337 2828 216
1355 2794 1389 2828 d.
1583 2805 1635 2828 11.
1663 2794 1826 2838 ἐβάρυνας
1842 2793 1886 2827 A.

307 2841 454 2886 βαρύνας
473 2842 514 2876 Β.
533 2841 625 2876 Edd.
1094 2853 1146 2885 13.
1173 2842 1212 2875 οὐ
1231 2841 1426 2875 secundum
1444 2841 1488 2875 A.
1507 2841 1583 2875 οὐδὲ
1602 2840 1694 2875 Edd.
1762 2839 1884 2874 Statim

308 2889 434 2932 φειδὼς
451 2890 494 2922 Α.
765 2900 817 2932 14.
844 2889 1028 2933 σπλάγχνα
1047 2888 1269 2933 (σπλάγχνον
1289 2888 1350 2933 Β.)
1373 2888 1544 2932 οἰκτιρμοῦ
1569 2887 1659 2921 Α.Β.
1678 2888 1886 2932 σπλάγχνων

308 2934 473 2979 οἰκτιρμοί
492 2935 583 2970 Edd.
794 2946 847 2981 17.
873 2935 997 2981 αὐτῶν]
1017 2936 1119 2970 αὐτοῦ
1137 2935 1196 2969 iid.
1412 2936 1465 2969 18.
1492 2935 1545 2968 καὶ
1562 2935 1600 2968 οὐ
1617 2936 1732 2979 γνώσῃ
1751 2945 1820 2967 om.
1841 2932 1883 2967 Β.

309 2991 363 3014 21.
390 2983 447 3024 τῆς
465 2981 560 3016 deest
576 2982 612 3015 in
630 2982 673 3015 A.
832 2993 887 3027 23.
913 2984 1022 3026 φησιν
1039 2982 1083 3016 A.
1250 2990 1306 3025 25¹.
1331 2980 1395 3027 εἷς]
1415 2986 1451 3023 -Ι-
1469 2981 1529 3027 τὴν
1548 2981 1638 3015 Edd.
1657 2980 1774 3015 invitis
1791 2979 1880 3014 A.B.

309 3036 364 3073 27.
390 3027 577 3072 ἀνιεμένους
594 3029 637 3064 A.
656 3028 845 3074 ἀνειμένους
863 3029 954 3064 Edd.
1004 3028 1087 3064 οἴκοι
1105 3028 1157 3074 τε]
1178 3029 1231 3063 καὶ
1248 3027 1333 3063 οἴκοι
1352 3028 1394 3063 Β.

309 2229 351 2276 οἱ
386 2226 741 2293 λελυτρωμένοι,
778 2225 850 2276 ὅτι
894 2224 1063 2295 ἴψεται
1100 2228 1121 2286 ἦ
1156 2224 1290 2294 ἐχθροί
1328 2249 1412 2292 μου
1452 2230 1529 2276 καὶ
1573 2226 1888 2295 περιβαλεῖται
