2021 3434
337 179 421 219 632
732 184 780 224 B.
825 184 1103 225 CYRILLI
1144 185 1524 226 ALEXANDR.
1741 182 1782 223 ii.
1809 192 1847 234 7,
1871 181 1909 220 8-

337 293 431 340 τῶν
466 295 528 343 εἷς
564 290 839 357 φαυλότητα
877 294 1199 358 ἐγκλημάτων,
1235 294 1444 359 δακρύειν
1476 293 1523 344 δὲ
1562 295 1681 344 οὕτω
1719 293 1793 342 καὶ
1828 290 1907 358 ἐξ·

297 395 318 420 e
338 377 674 437 ομολογεῖσθαι
701 378 820 443 Θεῴ,
847 375 1146 439 τετιμηκότας
1176 376 1263 440 ἤδη
1298 375 1350 426 τὸ
1383 378 1705 441 ἀγαθουργεῖν.
1771 375 1795 423 ὁ
1820 371 1912 437 γὰρ

337 453 456 506 Θεὸς
491 455 577 521 οὐχ
612 456 776 508 ἁπλῶς
812 461 874 511 εἷς
909 455 1114 526 ὃνζκρυον,
1142 457 1246 508 οὐδὲ
1274 461 1334 511 εἰς
1362 456 1597 525 χρηστοὺς
1623 455 1912 522 ἐμβλέψεται

334 535 520 600 λόγους,
549 538 659 586 ἀλλ’
689 541 750 591 εἷς
786 537 876 602 ἤθη
912 541 985 589 καὶ
1020 539 1235 605 τρόπους.
1305 538 1593 608 ὀνησιφόρον
1631 537 1679 588 δὲ
1716 535 1820 587 τότε
1855 535 1911 599 δὴ

334 615 436 667 τότε
460 617 513 667 τὸ
541 620 716 668 κλαίειν
741 619 887 682 ἔσται,
916 623 1052 689 φησὶ,
1089 624 1228 682 τισὶν,
1256 620 1368 671 ὅταν
1402 621 1655 687 φαίνωνται
1681 622 1763 682 τῆς
1794 620 1910 682 ἇγα-
1930 634 1952 672 5

333 700 553 764 θουργιάς
579 704 621 751 οἱ
646 700 809 767 τρόποι
836 706 893 770 τῇ
920 706 1002 766 τῆς
1029 702 1325 771 φαυλότητος
1351 706 1591 770 ἀνατροπῇ
1616 700 1912 752 συνεισθεόν-

331 803 420 833 τες.
489 782 816 848 ἀναιρουμένης
851 783 942 850 γὰρ
977 786 1024 835 ἐν
1058 785 1168 849 ἡμῖν
1205 788 1287 848 τῆς
1326 785 1563 850 ἁμαρτίας,
1589 784 1616 847 ἡ
1643 786 1723 847 τῆς
1749 784 1912 847 ἀρετῆς

331 863 655 932 παρειστρέχει
683 864 877 930 γένεσις.

331 1131 416 1188 Οὐχ
442 1130 479 1173 οἱ
508 1133 626 1181 λόΓοι
654 1135 783 1176 αὐτοῦ
811 1133 889 1177 εἰσί
919 1136 1040 1177 καλοὶ
1071 1137 1154 1185 μετ’
1189 1137 1332 1188 αὐτοῦ,
1360 1137 1427 1177 καὶ
1451 1135 1571 1192 ὀρθοὶ
1598 1136 1908 1191 Πεπὸρευνται,·

398 1218 465 1257 καὶ
502 1217 740 1274 ἔμπροσθεν
779 1220 801 1261 ὁ
839 1220 944 1262 λαός
982 1236 1060 1269 μου
1099 1219 1157 1261 eie
1194 1221 1347 1277 ἔχθραν
1379 1220 1558 1262 ἀντὲσΤΗ
1587 1218 1809 1261 κατέναντι
1834 1223 1907 1261 τῆς
1930 1229 1976 1255 10

399 1297 572 1356 εἶρύνΗο
611 1302 753 1343 αὐτοῦ.

421 1439 728 1488 Καταιτιᾶται
780 1438 836 1503 δὴ
888 1438 1034 1490 πάλιν
1086 1442 1147 1493 ὡς
1198 1438 1414 1492 εἰωθότας
1464 1437 1548 1502 μὲν
1596 1441 1905 1505 ἀριστοεπεῖν,

325 1519 606 1582 ἀσύμβατον
641 1522 688 1573 δὲ
725 1528 820 1577 τοῖς
858 1523 1020 1589 λόγοις
1058 1523 1143 1589 τὴν
1175 1524 1380 1575 διάνοιαν
1417 1524 1622 1591 ἔχοντας.
1687 1523 1783 1591 ὀρθοὶ
1823 1523 1907 1587 μὲν

324 1600 430 1667 γὰρ,
472 1605 636 1671 φησὶν,
673 1611 707 1656 οἱ
750 1607 864 1672 παρ’
905 1608 1059 1661 αὐτοῖς
1097 1608 1303 1672 γίνονται
1344 1608 1482 1672 λέγει,
1530 1611 1661 1657 καλοὶ
1701 1604 1750 1655 δὲ
1783 1607 1903 1656 λίαν

326 1685 621 1749 ὁμολογοῦσι
664 1685 758 1753 γὰρ
808 1687 866 1738 τὰ
913 1688 1200 1753 ἐγκλήματα,
1246 1688 1456 1755 χρηστόν
1507 1711 1555 1738 τε
1604 1689 1677 1738 καὶ
1727 1687 1906 1753 ἀγαθὸν
1926 1702 1970 1742 15

325 1765 605 1833 ὀνομάζουσι
643 1768 726 1819 τὸν
762 1770 899 1833 Θεὸν,
934 1773 1008 1821 καὶ
1042 1770 1442 1837 κατειρωνεύονται
1474 1770 1798 1836 πολυτρόπως,
1833 1770 1904 1836 ε”ρ-

326 1870 426 1911 γοις
457 1849 604 1914 γεμὴν
637 1850 777 1902 αὐτὸν
810 1853 1179 1918 παροτρύνοντες
1215 1853 1267 1903 οὐ
1307 1853 1681 1904 διαλελοὶπασιν.
1746 1853 1833 1904 ἰ’δοι
1859 1855 1902 1905 δ’

326 1927 384 1980 ἄν
428 1953 496 1984 τις
540 1931 705 1986 αὐτοὺς
748 1933 924 1987 ἑαυτοῖς
973 1933 1225 2000 γεγονότας
1269 1933 1474 2002 ἐχθροὺς,
1520 1936 1594 1985 καὶ
1635 1932 1721 1998 τὴν
1763 1939 1905 2002 σφῶν

326 2013 479 2063 αὐτῶν
518 2015 878 2075 ἀποσοβοῦντας
912 2016 1109 2082 εἰρήνην.
1174 2015 1311 2070 αὐτὸς
1340 2016 1433 2081 γὰρ
1468 2022 1485 2068 ὁ
1525 2016 1637 2071 λαιός
1669 2041 1753 2085 μου
1786 2021 1902 2068 ἀντι-

287 2121 308 2147 e
332 2097 522 2157 κατέστη
549 2099 699 2165 φησὶν
734 2100 792 2152 ὡς
825 2097 970 2167 ἐχθρὸς
1004 2104 1053 2170 τῇ
1085 2099 1234 2151 ἑαυτοῦ
1274 2100 1407 2173 εἰρήνῃ.
1474 2098 1581 2167 ἐξὸν
1613 2097 1706 2165 γὰρ
1739 2099 1901 2154 αὐτοὺς
1919 2125 1964 2150 20

326 2179 373 2227 ἐν
415 2179 674 2233 εὐπαθείαις
715 2177 827 2230 εἶναι
871 2182 946 2231 καὶ
988 2185 1186 2247 τρυφαῖς
1225 2182 1299 2231 καὶ
1336 2182 1385 2231 ἐν
1427 2182 1605 2251 βεβαίῳ
1642 2184 1724 2245 τῆς
1761 2181 1901 2250 δόξης

325 2261 401 2310 καὶ
446 2261 774 2327 ἐρηρεισμένην
818 2262 938 2330 ε”χειν
981 2261 1066 2326 τὴν
1117 2264 1348 2326 εὐθυμίαν,
1393 2267 1430 2313 εἰ
1481 2263 1716 2327 τετίμηται
1767 2262 1898 2326 Θεὸς,

323 2343 530 2394 ἐθελοντὶ
575 2345 875 2396 κατώλισθον
916 2348 979 2400 εἷς
1020 2344 1306 2396 ἀπόστασιν.
1384 2345 1600 2414 ταύτῃτοι
1641 2347 1716 2397 καὶ
1758 2345 1812 2397 τὸ
1852 2348 1899 2397 ἐν

375 2528 403 2551 Ι.
430 2517 476 2553 εἷς
500 2519 699 2564 φαυλότητα
718 2521 761 2554 A.
788 2520 822 2553 ἐκ
847 2521 1063 2565 φαυλότητος
1086 2520 1176 2555 Edd.
1242 2521 1385 2567 δακρῦον
1405 2521 1445 2556 Β.
1511 2521 1708 2568 ἐξομολογ]
1733 2527 1770 2564 -Ι-
1790 2524 1835 2569 τῷ
1852 2522 1895 2558 Α.

324 2575 357 2608 3.
376 2565 428 2598 καὶ
443 2577 504 2609 pro
519 2566 595 2600 οὐδὲ
610 2566 701 2600 Edd.
798 2580 830 2609 4.
849 2568 906 2611 ἔθη
920 2567 978 2602 iid.
1031 2568 1126 2602 Haec
1143 2569 1183 2612 δὴ
1197 2570 1271 2602 τότε
1284 2575 1503 2603 accesserunt
1516 2581 1556 2603 ex
1571 2569 1660 2604 ΑΒ.
1756 2579 1789 2614 5.
1807 2569 1896 2614 φησί

324 2625 415 2644 τισιν
432 2619 612 2656 assumpta
629 2625 669 2646 ex
687 2613 731 2647 A.
780 2613 955 2658 φαίνοιντο
972 2615 1016 2648 Α.
1186 2625 1216 2660 7.
1242 2616 1318 2658 ὑμῖν
1335 2628 1398 2661 pro
1415 2616 1450 2650 ἐν
1467 2615 1544 2660 ἡμῖν
1562 2618 1606 2650 A.
1757 2628 1789 2662 9.
1815 2614 1892 2661 οὐχ]

324 2658 401 2702 οὐχὶ
422 2657 457 2692 F.
477 2658 568 2692 Edd.
588 2659 664 2704 (22.
680 2660 743 2704 al.)
792 2660 900 2705 ὀρθῶς
915 2664 1118 2704 πεπόρευται
1137 2667 1176 2696 Α.
1196 2662 1255 2704 (cf.
1278 2664 1368 2707 153.)
1615 2674 1667 2697 10.
1691 2662 1832 2707 ἀντέστη
1850 2663 1896 2697 εἷς

324 2705 450 2748 ἔχθραν
474 2705 611 2739 inverso
633 2706 754 2740 ordine
771 2707 813 2740 Α.
834 2706 932 2752 (153,
957 2709 1032 2751 108,
1052 2709 1151 2753 233.)
1169 2709 1386 2753 ἁντικατέστη
1410 2721 1472 2754 pro
1497 2709 1640 2753 ἀντέστη
1661 2709 1696 2744 F.
1716 2710 1846 2752 (Alex.)
1862 2715 1894 2743 et

324 2751 367 2784 cf.
384 2752 485 2785 infra.
689 2764 741 2787 12.
768 2754 828 2798 ἤδη
847 2766 909 2799 pro
927 2755 965 2797 δὴ
984 2756 1027 2789 A.
1075 2756 1214 2789 εἰωθότα
1233 2755 1324 2789 Edd.
1528 2768 1580 2802 13.
1602 2757 1662 2801 τὴν
1677 2763 1894 2801 assumptum

323 2809 364 2830 ex
384 2798 427 2831 A.
476 2799 596 2843 ἔχοντα
612 2799 671 2835 iid.
903 2812 955 2844 14.
980 2800 1058 2846 παρ’
1076 2801 1204 2848 αὐτοῖς]
1223 2801 1300 2847 παρ’
1318 2803 1420 2836 αὐτοῦ
1438 2803 1480 2837 Α.
1712 2803 1763 2837 16.
1790 2800 1891 2847 Θεὸν]

325 2843 448 2887 Κύριον
470 2846 487 2877 ἰ·
498 2845 558 2880 dd.
769 2858 821 2892 17.
847 2848 947 2882 αὐτὸν
966 2848 1008 2883 B.
1026 2849 1137 2885 αὐτοῖς
1155 2849 1246 2883 Edd.
1457 2862 1509 2895 19.
1535 2849 1785 2892 ἀποσοβοῦντες
1801 2848 1891 2884 Edd.

324 2897 401 2923 ante
422 2891 554 2936 Migne.
605 2893 872 2938 ἀντεκατεστάθη
891 2895 935 2929 Α.
1171 2907 1226 2930 20.
1253 2898 1312 2940 τῆς
1329 2897 1418 2931 ἑαυτ.
1436 2896 1564 2941 εἷρὴνης
1581 2897 1624 2931 Α.
1674 2897 1785 2931 αὐτοῖς
1802 2894 1891 2929 Edd.

323 2936 441 2971 invitis
459 2939 551 2973 AB.
753 2952 808 2975 21.
836 2941 888 2975 καὶ
906 2941 1019 2988 prius]
1044 2946 1080 2984 ÷
1102 2942 1136 2978 ἐν
1154 2943 1197 2977 Α.
1246 2944 1304 2986 τῆς
1321 2943 1420 2986 δόξης
1437 2955 1506 2977 om.
1525 2945 1568 2978 A.
1758 2953 1812 2977 22.
1834 2941 1890 2986 ἐμ-

323 2983 453 3026 πορίαν,
472 2985 509 3018 οὐ
527 2985 608 3029 (Sic)
626 2998 687 3030 pro
705 2987 872 3031 εὐθυμίαν,
891 2988 920 3022 εἷ
938 2988 980 3022 A.
1187 3000 1241 3034 23.
1269 2990 1441 3025 ἐθέλοντες
1458 2991 1502 3024 A.
