2021 3434
83 221 107 262 i.
132 235 172 277 3.
543 218 615 259 IN
658 217 892 259 OSEAM.
953 217 1103 258 TOM.
1147 217 1181 257 Ι.
1598 216 1653 255 15

84 328 231 393 διήκοι
268 328 340 378 ἄν·
388 332 525 379 τοῦτο
560 327 706 394 γεμὴν
745 330 898 381 ἰδικῶς
933 325 1051 394 πρὸς
1093 325 1237 390 μόνον
1271 323 1329 376 ἂν
1369 323 1539 390 πρέποι
1575 322 1658 374 τὸν

84 409 333 480 προφήτην
374 411 601 477 λε’γεσθαι
639 409 842 477 π[α]ρ[ἀ]
883 413 1020 462 Θεοῦ.
1084 415 1221 460 τοῦτο
1259 405 1384 471 οἶμαι
1428 408 1543 469 ἐστὶ,
1581 413 1658 458 καὶ

86 491 182 545 εἶπε
221 496 325 562 πρὶς
350 492 498 554 Ὠσηὲ,
531 491 690 556 ὅμοιον
728 495 790 546 ὡς
827 496 864 543 εἰ
901 490 1044 559 τυχὸν
1077 491 1221 557 λέγοι,
1248 492 1301 541 οὐ
1334 489 1451 556 πρὸς
1481 488 1660 542 πάντας

86 576 251 628 ἁπλῶς
290 576 315 625 ὁ
353 573 525 628 τοιόςδε
564 573 721 640 λόγος,
756 572 885 624 ἀλλὰ
920 571 1038 639 πρὸς
1076 572 1220 637 μόνον
1256 572 1338 623 τὸν
1370 571 1532 636 Ὠσηέ.
1606 571 1661 622 οὐ

46 679 68 717 5
87 656 178 723 γὰρ
206 656 292 707 ε”δει
315 655 562 724 πρόφασιν
587 659 786 722 αἰσχρᾶς
818 678 867 705 τε
899 657 973 705 καὶ
1008 653 1268 723 φιληδόνου
1294 655 1408 721 ζωῆς
1440 654 1660 720 γενέσθαι
1677 677 1698 701 a
1738 667 1780 701 11
1801 666 1851 699 Α.

87 744 300 801 πολλοῖς,
335 737 389 789 τὸ
421 742 718 801 οἰκονομικῶς
754 735 873 802 πρὸς
908 735 987 787 ἕνα
1025 736 1145 786 κατὰ
1182 735 1365 803 καιροὺς
1404 736 1656 803 εἰρημένον.

88 822 154 873 Τί
174 822 254 872 οὖν
280 821 370 890 ἔφη
398 819 519 874 Θεὸς
545 818 660 886 πρὸς
685 817 769 870 τὸν
794 819 1022 885 μακάριον
1045 818 1200 883 Ὠσηέ
1214 841 1225 879 3

96 1033 249 1089 Βάὸιςε,
300 1031 401 1081 λαβὲ
450 1032 616 1084 σεαυτῷ
665 1027 836 1078 Γυναῖκα
886 1030 1086 1088 Πορνείαε
1136 1030 1204 1071 καὶ
1262 1031 1388 1072 τέκνα
1447 1029 1661 1087 Πορνείαε,

159 1116 265 1156 διότι
295 1113 611 1170 ἐκπορνεύουσα
644 1114 919 1171 ἐκπορνεύσει
954 1115 976 1155 ἡ
1006 1118 1053 1162 Γῆ
1089 1114 1173 1156 ἀπὸ
1200 1114 1373 1157 ὄπισθεν
1399 1118 1472 1156 τοῦ
1503 1113 1664 1170 Κυρίου.

27 1218 73 1243 10
160 1197 233 1238 Καὶ
269 1197 480 1254 ἐπορεύθΗ
521 1198 589 1238 καὶ
626 1198 752 1248 ἔλαβε
795 1198 870 1240 τήν
911 1197 1045 1255 Γόμερ
1084 1199 1290 1255 θυΓαΤέ-ῖρα
1326 1193 1557 1248 ΔεβΗλαῖμ,
1597 1195 1707 1246 καὶ3

158 1283 362 1332 συνέλαβε
389 1283 457 1323 καὶ
483 1283 628 1324 ἔτεκεν
656 1283 772 1337 αὐτῷ
799 1281 902 1324 υἷόν.

165 1405 332 1458 Οὐδεὶς
369 1405 489 1469 ἡμᾶς
533 1406 776 1457 ἀναπείσει
816 1405 961 1472 λόγος
1000 1409 1328 1472 παραιτεῖσθαι
1365 1403 1420 1456 τὸ
1458 1404 1667 1471 γράμμα,

92 1490 166 1538 καί
204 1491 285 1552 τῆς
325 1487 533 1554 ἱστορίας
561 1486 615 1538 τὸ
651 1492 820 1539 εἰκαῖον
854 1488 1282 1557 καταψηφίζεσθαι,
1309 1490 1383 1540 καὶ
1417 1489 1560 1539 αὐτοῦ
1586 1492 1712 1541 τοῦὶ)

90 1570 368 1637 πράγματος
394 1570 650 1637 καθορίζειν
676 1569 730 1622 τὸ
757 1570 976 1634 ἀκαλλὲς,
1002 1569 1031 1636 ἢ
1058 1573 1134 1622 καὶ
1160 1571 1341 1622 οἴεσθαι
1376 1569 1494 1622 κατά
1527 1593 1669 1632 τινας,

27 1677 72 1715 15
91 1653 155 1719 μὴ
195 1655 340 1707 οὕτως
380 1653 662 1721 πεπράχθαι,
700 1652 817 1718 μήτε
851 1653 943 1718 μὴν
982 1656 1301 1720 παρειλῆφθαι
1343 1652 1464 1720 πρὸς
1502 1652 1668 1719 γάμον,

91 1737 195 1801 ἤτοι
227 1735 429 1787 σύνοδον
463 1734 682 1801 γαμικὴν,
717 1734 804 1801 τὴν
840 1735 1006 1803 Γόμερ,
1043 1736 1160 1787 ὅπου
1191 1738 1266 1787 καὶ
1297 1736 1552 1804 σύλληψιν
1583 1758 1664 1801 γε-

91 1822 320 1884 γενῆσθαι
358 1821 482 1887 φησὶ
519 1817 574 1869 τὸ
610 1819 806 1886 γράμμα
840 1818 893 1871 τό
929 1818 1064 1886 ἱερὸν,
1092 1821 1166 1870 καί
1200 1817 1295 1885 μὴν
1328 1820 1403 1870 καὶ
1434 1817 1667 1887 ἀπότεξιν,

91 1900 320 1965 μέμνηταί
353 1924 400 1952 τε
439 1903 513 1951 καὶ
554 1900 781 1963 ὀνόματος
813 1907 896 1953 τοῦ
929 1903 1127 1965 παιδίου,
1156 1905 1231 1952 καὶ
1261 1899 1343 1952 τὸν
1369 1907 1452 1952 τοῦ
1478 1900 1670 1965 γυναίου

93 1982 217 2049 λέγει
235 1982 426 2049 πατέρα,
455 1986 529 2034 καὶ
555 1982 666 2034 αὐτὸ
694 1982 742 2034 δὲ
767 1982 885 2050 πρὸς
909 1984 1087 2038 τούτοις
1113 1989 1197 2034 τοῦ
1221 1984 1411 2050 γυναίου
1434 1982 1487 2034 τὸ
1508 1981 1666 2045 ὄνομα.

29 2095 76 2120 20
94 2064 248 2130 ἐπειδὴ
291 2064 340 2116 δὲ
391 2068 645 2131 ἀναγκαῖον
694 2064 751 2130 ἧν
791 2067 1053 2132 ὁμολογεῖν,
1095 2071 1152 2134 τῇ
1191 2071 1286 2117 τῶν
1328 2064 1669 2131 πεπραγμένων

95 2149 290 2216 ἀληθείᾳ
323 2153 558 2199 συνειπεῖν
595 2148 841 2210 ἑλομένοις,
882 2148 951 2199 ὅτι
990 2150 1117 2200 ταῦθ’
1147 2150 1292 2202 οὕτως
1330 2147 1520 2214 γέγονεν
1551 2148 1668 2210 άλη-

96 2234 201 2292 θῶς,
252 2229 364 2299 φέρε
415 2229 523 2284 τοὺς
573 2235 665 2281 τῶν
717 2231 1072 2283 κατασκώπτειν
1111 2229 1339 2282 εἰωθότων
1387 2229 1709 2295 παραθέντεςο

97 2311 282 2378 λόγους,
313 2311 417 2363 τότε
444 2312 613 2365 λοιπὸν
643 2313 952 2380 ἐπαγάγωμεν
982 2315 1056 2365 ἐπὶ
1095 2318 1254 2379 καιροῦ
1292 2315 1374 2376 τῆς
1413 2312 1672 2375 οἰκονομίας

97 2393 181 2458 τὴν
207 2394 464 2463 ἀφήγησιν.

33 2501 79 2539 25
173 2478 378 2546 Λογιδίῳ
405 2477 488 2540 μὲν
515 2479 593 2529 οὖν
620 2477 834 2546 ἐνέτυχον
860 2478 1027 2545 ἀνδρὸς
1062 2478 1144 2528 οὐκ
1177 2476 1365 2541 ἀσήμου
1399 2479 1673 2543 διατρανοῦν

98 2559 340 2612 ἐθέλοντος
373 2558 433 2609 τὰ
466 2562 571 2625 περὶ
596 2560 678 2611 τὸν
705 2560 862 2612 τόπον·
906 2560 954 2615 ὃς
978 2563 1059 2624 τῆς
1087 2559 1308 2625 ἱστορίας,
1334 2561 1408 2610 καὶ
1431 2563 1525 2609 τῶν
1551 2560 1672 2609 οὕτω

99 2643 384 2706 γεγενῆσθαι
417 2640 667 2706 λεγόντων,
694 2643 747 2693 οὐ
783 2643 974 2709 μετρίαν
1008 2644 1201 2693 ἐποιεῖτο
1239 2640 1325 2706 τὴν
1363 2640 1671 2708 κατάῤῥησιν·

100 2724 193 2774 δεῖν
221 2745 270 2773 τε
305 2722 513 2789 ἔφασκεν
549 2725 752 2789 ἐναργῶς
786 2726 854 2776 ἐπ’
884 2726 1008 2794 αὐτῷ
1046 2722 1102 2788 δὴ
1141 2723 1289 2793 τούτῳ
1327 2727 1393 2792 τῷ
1431 2722 1673 2793 κεφαλαίῳ

99 2804 314 2869 μάλιστα
358 2805 560 2858 δεδιότας
606 2805 749 2868 οὐδὲν,
794 2809 1073 2873 ἀνακραγεῖν
1120 2809 1202 2870 τῆς
1246 2806 1513 2873 ἐγκρατείας
1566 2803 1674 2858 τοὺς

150 2992 181 3015 2.
206 2981 295 3025 παρὰ
314 2980 413 3015 tacite
432 2981 578 3015 correxit
598 2981 728 3026 Migne.
779 2982 855 3024 περὶ
876 2980 965 3015 Edd.
1354 2990 1384 3025 7.
1411 2980 1495 3027 ἔφη]
1521 2985 1555 3020 4-
1578 2982 1596 3015 ὀ
1614 2979 1674 3016 iid.

107 3040 157 3070 14.
185 3027 202 3071 ἦ
222 3036 441 3073 assumptum
460 3041 499 3062 ex
524 3029 561 3062 R.
