2021 3434
289 212 372 254 738
688 208 739 251 B.
781 208 1054 251 CYRILLI
1104 208 1487 249 ALEXANDR.
1619 211 1689 250 vii.
1717 221 1780 263 17,
1804 210 1866 250 18.

289 320 636 388 συγχυθήσονται
681 321 720 372 ἐν
764 325 1064 389 συγκλεισμῷ
1104 318 1261 382 αὐτῶν,
1303 319 1530 381 τουτέστι,
1569 318 1875 387 συνεχόμενοί

290 426 338 454 τε
378 401 496 469 πρὸς
535 402 778 456 ἀσθενείας
818 404 894 453 καὶ
934 402 1103 464 λύπας,
1143 402 1217 452 καὶ
1255 399 1352 451 οἷον
1389 401 1774 467 πολιορκούμενοι
1812 406 1870 469 τῇ

292 491 374 536 τοῦ
409 485 779 546 καταθλίβοντος
814 483 1018 548 δυνάμει,
1059 485 1179 551 φημὶ
1219 481 1276 547 δὴ
1313 486 1547 549 Χριστοῦ,
1581 484 1663 534 οὐκ
1701 485 1749 534 ἐν
1786 508 1869 548 με-

291 568 433 633 τρίοις
460 567 648 618 ἔσονται
675 567 908 630 δείμασιν.

366 647 505 702 Εἰκὸς
530 648 577 699 δὲ
604 649 660 712 δή
685 671 730 699 τι
761 650 836 699 καὶ
862 649 1016 714 ἕτερον
1050 649 1098 698 ἐν
1131 646 1312 701 τούτοις
1345 646 1456 711 ἡμῖν
1490 647 1758 712 ὑποδηλοῦν
1792 647 1873 699 τὸν

291 732 613 799 συγκλεισμὸν.
681 729 927 796 γενόμενος
963 728 1058 796 γὰρ
1093 729 1199 780 καθ’
1228 730 1349 793 ἡμᾶς
1375 729 1400 779 ὁ
1430 728 1704 795 Μονογενὴς
1735 730 1875 796 μυρία

290 812 374 875 μὲν
400 812 494 863 ὅσα
527 812 808 881 παραδόξως
842 811 1089 879 εἰργάζετο,
1114 812 1310 863 πλείονα
1335 809 1384 862 δὲ
1416 809 1472 875 ἧν
1498 808 1628 875 οἶμαί
1656 834 1748 863 που
1780 816 1875 863 τῶν

291 894 536 960 ὁρωμένων
574 894 634 946 τὰ
671 894 736 959 μὴ
781 895 1005 961 ὁρώμενα.
1073 893 1289 945 ἐπέταττε
1330 892 1422 960 γὰρ
1462 897 1559 948 τοῖς
1597 891 1875 960 ἀκαθάρτοις

251 977 526 1042 επνεύμασι
572 978 869 1037 καταβαίνειν
913 980 975 1031 εἰς
1027 974 1154 1045 ᾅδου,
1195 978 1270 1027 καὶ
1309 975 1668 1027 κατακλείεσθαι
1706 976 1876 1027 λοιπὸν

289 1063 350 1113 εἷς
389 1059 473 1125 τὴν
512 1059 749 1122 ἄβυσσον,
789 1060 864 1110 ἵνα
904 1064 998 1111 τῶν
1038 1059 1324 1126 πικροτερων
1366 1058 1538 1123 θηρίων
1577 1057 1874 1109 ἀπαλλάττοι

289 1141 375 1205 τὴν
418 1145 521 1208 γῆν.
587 1141 740 1193 εἰκόνα
785 1141 833 1193 δὲ
879 1147 961 1193 τοῦ
1003 1140 1281 1208 πράγματος
1324 1142 1372 1191 ἐν
1416 1145 1511 1195 τοῖς
1561 1139 1875 1208 ἀρχαιοτέροις

290 1224 545 1287 τεθεάμεθα
571 1224 862 1290 γράμμασιν
903 1223 1059 1288 ἐπειδὴ
1086 1223 1179 1291 γὰρ
1215 1222 1338 1275 εἶλεν
1365 1225 1553 1288 Ἰησοῦς
1578 1224 1603 1274 ὃ
1630 1229 1712 1274 τοῦ
1738 1222 1876 1287 Ναυὴ

66 1322 138 1352 Jos.
157 1332 187 1351 x.
290 1306 373 1360 τὰς
411 1310 506 1356 τῶν
532 1308 677 1357 ἐθνῶν
708 1306 878 1374 χώρας,
909 1307 1046 1358 πέντε
1085 1311 1305 1368 βασιλεῖς
1343 1305 1644 1357 κατέκλεισεν
1669 1308 1717 1356 ἐν
1741 1328 1870 1370 σπη-

72 1366 181 1404 17'18'
291 1388 424 1457 λαίῳ,
468 1388 720 1439 ἐπεκύλισέ
757 1412 806 1439 τε
850 1394 917 1458 τῷ
960 1389 1164 1453 στόματι
1208 1389 1356 1452 λίθον,
1398 1391 1480 1453 τῆς
1529 1394 1612 1439 τοῦ
1658 1391 1876 1454 Σωτῆρος

291 1471 552 1534 οἰκονομίας
586 1472 850 1533 ἀνατυπῶν,
877 1473 940 1525 ὡς
971 1471 1105 1541 ἔφην,
1132 1473 1203 1539 ἐφ’
1233 1472 1380 1541 ἑαυτῷ
1413 1470 1498 1534 τὴν
1537 1469 1745 1533 δύναμιν.
1800 1473 1874 1521 καὶ

755 1561 767 1582 6

67 1570 98 1599 s.
117 1569 196 1599 Luc.
289 1559 405 1617 γοῦν
432 1556 474 1603 οὶ
506 1554 720 1616 δαίμονες
771 1553 1101 1620 ίπαρεκάλουν
1126 1552 1280 1616 αὐτὸν,
1306 1553 1382 1604 ἵνα
1407 1552 1471 1617 μὴ
1499 1552 1696 1622 ἐπιτάξῃ
1722 1554 1876 1607 αὐτοῖς

66 1622 218 1696 Σξξὸἑ,
251 1670 272 1693 a
291 1642 316 1664 ‘⁶
343 1639 404 1688 εἷς
430 1633 515 1698 τὴν
542 1635 766 1696 ἄβυσσον
793 1636 1060 1687 ἀπελθεῖν.”
1102 1633 1457 1702 συγχυθήσεσθαι
1497 1634 1553 1699 δὴ
1592 1636 1673 1686 οὖν
1711 1635 1877 1690 αὐτοὺς

290 1719 442 1785 φησὶν
481 1719 517 1769 ἐν
558 1724 857 1788 συγκλεισμῷ
896 1717 1048 1780 αὐτ-ὦν,
1081 1716 1180 1769 οἷον
1211 1717 1626 1781 κατακλειομένους
1663 1722 1725 1772 εἷς
1764 1716 1877 1787 ᾅδου

68 1823 86 1863 .².
103 1814 223 1844 S.Pet.
290 1798 474 1858 λοιπὸν,
518 1800 594 1850 καὶ
635 1805 810 1866 σειραῖς
855 1799 1001 1869 ζόφου
1040 1800 1486 1868 τεταρταρωμένους,
1522 1800 1593 1864 ἵν’,
1636 1802 1700 1855 ὡς
1742 1801 1875 1870 ἔφην,

66 1869 142 1896 Π’4’
290 1886 384 1932 τῶν
410 1886 590 1947 πικρῶν
622 1905 671 1933 τε
704 1886 780 1934 καὶ
816 1883 1059 1950 ἀνημέρων
1094 1882 1268 1951 θηρίων
1303 1882 1589 1951 ἀπαλλάττῃ
1623 1882 1792 1935 λοιπὸν
1822 1882 1876 1935 τὸ

290 1963 424 2030 γένος
449 1963 504 2015 τὸ
532 1964 840 2031 ἀνθρώπινον.

285 2184 386 2226 Ἐπί
426 2188 486 2240 τῷ
526 2185 663 2244 Κυρίῳ
694 2186 791 2242 Θεῷ
834 2188 954 2236 ἡμῶν
990 2188 1283 2239 ἐκστήσονται,
1324 2189 1393 2229 καὶ
1433 2189 1750 2244 φοβηθήσονται
1790 2187 1876 2229 ἀπὸ

225 2265 270 2300 13
357 2271 442 2311 σοῦ.
498 2268 559 2311 τίς
594 2269 702 2312 Θεὸς
742 2272 889 2327 ὥσπερ
931 2273 1004 2323 σύ;
1055 2271 1238 2328 ἐξαίρων
1277 2271 1456 2320 ἀνομίας
1497 2271 1566 2312 καὶ
1608 2270 1876 2328 ὑπερβαίνων

245 2349 270 2388 b
357 2352 524 2394 ἀδικίας
572 2351 660 2395 τοῖς
710 2354 988 2396 καταλοίτῐοις
1039 2360 1112 2397 τῆς
1175 2354 1461 2412 κλΗρονομίας
1510 2355 1648 2406 αὐτοῦ,
1700 2354 1767 2396 καί
1828 2355 1874 2395 οὐ

357 2439 553 2493 συνέσχεν
579 2436 639 2479 εἰς
677 2441 906 2496 μαρτύριον
939 2439 1069 2495 &ps-&v
1102 2440 1241 2492 αὐτοῦ,
1267 2442 1332 2481 ὅτι
1366 2440 1548 2482 θελΗτέις
1575 2440 1722 2482 ὲλέους
1747 2439 1874 2482 ἐστίν.

338 2606 370 2629 2.
396 2610 433 2629 τε
450 2607 520 2630 orn.
541 2595 584 2630 B.
634 2597 665 2630 οἱ
683 2608 747 2641 pro
764 2595 835 2631 οἷον
853 2596 946 2631 Edd.
1175 2610 1208 2643 3.
1235 2598 1311 2644 οὐκ]
1332 2599 1384 2633 καὶ
1402 2599 1461 2632 οὐκ
1478 2599 1521 2632 Α.
1759 2609 1792 2642 5.
1818 2601 1876 2634 τὸν

291 2643 523 2687 συγκλεισμὸν
540 2643 733 2686 ὑποδηλοῦν
753 2642 895 2689 [δηλοῦν
913 2643 1024 2690 Edd.]
1043 2645 1183 2679 inverso
1201 2646 1324 2680 ordine
1342 2646 1384 2680 B.
1404 2645 1496 2679 Edd.
1781 2656 1812 2691 7.
1838 2646 1876 2689 ἧν

290 2696 512 2734 assumptum
530 2702 572 2723 ex
589 2691 633 2724 A.
870 2703 903 2735 9.
931 2692 1209 2726 κατακεκλεῖσθαι
1229 2693 1272 2727 Α.
1527 2704 1580 2727 10.
1605 2693 1814 2738 πικροτάτων
1833 2693 1875 2727 Β.

289 2736 502 2770 ἀπαλλάττοι
519 2737 562 2770 Α.
580 2736 780 2781 ἀπαλλάττῃ
800 2737 840 2771 Β.
861 2738 996 2783 Migne.
1015 2738 1224 2773 ἀπαλλάττει
1243 2738 1334 2773 Edd.
1353 2745 1432 2773 ante
1451 2739 1584 2784 Migne.
1761 2751 1812 2774 ΙΙ.
1839 2740 1874 2774 δὲ

290 2794 359 2817 om.
379 2783 423 2817 A.
472 2783 707 2829 ἀρχαιοτάτοις
726 2784 817 2819 Edd.
836 2785 952 2819 invitis
972 2785 1062 2819 A.B.
1205 2797 1259 2831 13.
1285 2786 1477 2831 ἐξέκλεισεν
1494 2789 1537 2821 A.
1678 2795 1730 2830 15.
1756 2786 1874 2821 ἀνατυ-

289 2833 361 2863 πῶν
378 2830 523 2864 accessit
541 2842 582 2864 ex
600 2830 688 2865 AB,
851 2841 906 2877 17.
931 2832 970 2876 δὴ
990 2832 1086 2867 deest
1103 2833 1139 2867 in
1157 2832 1250 2867 Edd.
1413 2845 1465 2879 19.
1493 2835 1623 2878 σειραῖς
1639 2833 1683 2868 Α.
1705 2835 1814 2878 σιροῖς
1833 2833 1873 2867 Β.

291 2879 409 2920 σιροῦς
427 2876 516 2921 (Sic)
536 2877 639 2912 Pont.
656 2878 693 2911 in
711 2878 830 2923 σιροὺς
847 2880 995 2913 correxit
1012 2880 1107 2914 Aub.
1247 2891 1303 2914 20.
1328 2884 1456 2925 πικρῶν
1475 2880 1517 2914 Β.
1535 2884 1700 2925 περιττῶν
1716 2880 1761 2914 Α.
1781 2879 1872 2914 Edd.

289 2921 541 2957 ἀπαλλάττοιτο
559 2925 602 2957 Α.
652 2925 691 2958 τὸ
709 2936 779 2959 om.
799 2925 892 2959 Edd.
1089 2937 1144 2962 22.
1171 2929 1246 2973 Θεῷ
1265 2926 1361 2961 deest
1377 2927 1414 2961 in
1432 2927 1524 2961 Edd.
1575 2926 1797 2971 ἐνστήσονται
1813 2926 1872 2960 iid.

292 2978 346 3010 24.
373 2969 500 3005 ἀδικίας
518 2970 608 3005 Α.Β.
628 2971 718 3013 (XII
737 2972 797 3016 al.)
823 2972 983 3014 ἀσεβείας
1009 2973 1100 3008 Edd.
1121 2973 1164 3008 cf.
1184 2985 1290 3019 supra
1309 2985 1377 3008 210
1394 2986 1423 3008 c.
1474 2974 1527 3008 καὶ
1551 2975 1590 3008 οὐ
1614 2973 1756 3020 συνέσχ.
1775 2973 1821 3009 εἷς
1837 2988 1872 3018 μ.

291 3013 394 3059 ὀργὴν
410 3016 512 3050 αὐτοῦ
531 3016 658 3052 desunt
676 3019 709 3052 in
730 3019 774 3052 A.

1893 667 1914 704 5

1898 1084 1943 1109 10

1896 1910 1944 1935 20
