2021 3434
323 193 407 232 210
712 193 763 233 B.
807 193 1081 234 CYRILLI
1122 196 1499 237 ALEXANDR.
1791 208 1891 249 225.

322 304 468 366 ἔσται,
489 307 563 354 καὶ
589 306 929 371 λαμπροτέροις
954 306 1098 369 αὐτὴν
1125 308 1351 373 ἐνιδρύσει
1379 312 1502 360 ναοῖς
1528 308 1552 356 ὁ
1575 307 1889 366 Βαβυλώνιος.

322 385 510 436 διέκειτο
561 385 609 436 δὲ
651 385 769 452 πρὸς
812 387 1004 451 τούτοις,
1047 388 1116 439 ὅτι
1167 388 1610 455 προσκυνηθήσεται
1649 389 1724 438 καὶ
1764 389 1893 454 παρὰ

320 465 549 517 πλειόνων
589 468 751 518 ἐθνῶν·
802 470 944 534 μυρία
980 468 1072 535 γὰρ
1115 469 1209 520 ὅσα
1253 471 1354 521 ἐστὶ
1396 469 1455 520 τὰ
1494 473 1697 535 Περσῶν
1736 491 1784 519 τε
1818 472 1893 520 καὶ

321 547 503 612 Μήδων
537 548 660 613 ἔθνη.
728 550 753 599 ὁ
782 549 866 613 μὲν
904 551 984 601 οὖν
1012 551 1246 615 Μαναεῖμ,
1272 553 1333 605 ὡς
1365 552 1482 615 ὅλην
1517 552 1665 602 οὖσαν
1697 552 1750 602 δι’
1780 550 1894 601 ὅλου

100 653 179 687 146
200 653 252 687 A,
279 663 301 686 a
318 633 517 697 χρυσῆν,
547 630 768 701 πέπομφε
798 630 884 696 τὴν
917 632 1137 695 δάμαλιν·
1190 634 1215 683 ὁ
1251 633 1308 684 δέ
1332 657 1384 700 γε
1421 633 1588 684 Φούλα
1625 633 1893 683 συνέθλασε
1913 652 1935 690 5

319 714 500 775 λαβών·
545 715 700 782 ἕτερον
741 714 833 783 γὰρ
876 718 983 783 παρ’
1021 718 1205 771 ἐκείνοις
1244 717 1298 768 τὸ
1340 717 1502 778 σέβας,
1541 719 1616 768 καὶ
1651 716 1894 780 δαμάλεως

319 797 401 847 οὐκ
444 796 697 865 ἀνέχονται.
761 796 870 861 εἶτα,
915 801 1079 866 φασὶν,
1122 801 1208 867 οὐχ
1255 801 1488 866 ηὑρῆσθαι
1529 803 1730 866 χρυσῆν,
1772 798 1890 850 ὑπό-

316 885 498 947 χαλκον
524 878 572 930 δὲ
602 883 805 943 μᾶλλον,
832 884 996 949 χρυσῷ
1027 881 1420 945 διαπεπασμένην.
1483 883 1702 943 ἐντεῦθεν,
1730 883 1894 949 φησὶν,

319 962 344 1011 ὁ
377 960 639 1029 Ἀσσύριος
676 960 878 1027 ἐγέλασε
915 962 997 1014 τὸν
1029 962 1254 1031 Ἐφραίμ,
1288 963 1516 1025 τουτέστι,
1551 962 1632 1013 τὸν
1672 963 1894 1026 Μαναεῒμ

316 1041 398 1092 τὸν
447 1044 496 1093 ἐκ
545 1046 701 1111 φυλῆς
741 1042 952 1112 Ἐφραὶμ
1000 1044 1335 1106 βασιλεύοντα.
1416 1044 1631 1096 διέπτυσε
1681 1044 1729 1096 δὲ
1777 1044 1894 1112 πρὸς
1917 1064 1964 1088 10

315 1125 464 1194 τούτῳ
503 1127 579 1175 καὶ
615 1124 698 1179 τὰς
736 1132 818 1177 τοῦ
848 1125 1048 1194 Ἰσραὴλ
1087 1128 1441 1188 εἷκαιοβουλίας.

406 1205 654 1272 Εἷρηκότες
696 1207 752 1271 δὴ
804 1208 884 1258 οὖν
935 1211 1017 1272 τῆς
1065 1209 1288 1275 ἱστορίας,
1337 1209 1481 1275 ἤγουν
1531 1212 1613 1273 τῆς
1657 1209 1893 1275 Ἑβραίων

315 1286 620 1355 παραδόσεως
654 1287 736 1340 τὸν
769 1288 930 1355 λόγον,
956 1291 1067 1359 φέρε
1102 1289 1270 1342 λοιπὸν
1296 1291 1557 1356 ἀναγκαίως
1582 1290 1894 1357 ἐπιτρέχωμεν

273 1370 401 1434 ὒτὴν
451 1370 597 1439 λέξιν·
658 1371 982 1426 δυσκάτοπτος
1031 1372 1123 1439 γὰρ
1173 1375 1247 1424 καὶ
1304 1373 1655 1440 δυσχερεστάτη
1706 1373 1815 1423 λίαν
1863 1372 1892 1436 ἡ

314 1451 526 1517 συνθήκη
565 1459 647 1504 τοῦ
682 1455 838 1520 ῥητοῦ.
901 1455 992 1522 ε”φη
1032 1456 1186 1506 τοίνυν
1225 1455 1294 1506 ὅτι
1334 1457 1664 1524 παροικῆσουσιν
1704 1461 1736 1506 οἱ
1779 1477 1891 1505 κατ-
1914 1477 1960 1516 15

315 1536 519 1589 οικοῧντες
558 1536 828 1604 Σαμαρειαν·
874 1535 927 1587 τὸ
967 1539 1311 1607 παροικῆσουσ-ιν,
1340 1539 1441 1587 ἀντὶ
1471 1543 1552 1587 τοῦ
1589 1535 1893 1601 μετοικήσου-

312 1639 405 1678 σιν,
427 1616 525 1681 ἤτοι
550 1619 1009 1682 μετοικισθήσονται,
1041 1621 1203 1687 φησὶν,
1231 1623 1271 1670 οἱ
1299 1624 1380 1670 νῦν
1406 1620 1533 1672 ὅντες
1560 1620 1608 1669 ἐν
1636 1618 1887 1688 Σαμαρείᾳ·

311 1699 439 1765 λέγει
476 1698 524 1749 δὲ
562 1697 667 1752 τοὺς
705 1698 928 1767 μόσχους,
963 1701 1063 1765 ἤτοι
1104 1700 1187 1755 τὰς
1223 1700 1463 1765 δαμάλεις.
1527 1701 1893 1770 ἐξεπέμφθησαν

311 1779 417 1847 γὰρ,
445 1783 506 1835 ὡς
531 1781 663 1850 ἔφην,
691 1785 752 1835 εἷς
780 1784 1128 1843 Βαβυλωνίους.
1200 1784 1274 1833 καὶ
1307 1781 1502 1843 ἐπένθησε
1534 1781 1617 1846 μὲν
1653 1784 1716 1834 ἐπ’
1747 1786 1893 1838 αὐτοῖς

311 1869 329 1914 ὁ
357 1861 471 1917 λαὶς
498 1865 638 1915 αὐτοῦ.
701 1864 823 1917 τίνος
855 1863 903 1915 δὲ
938 1866 1108 1925 αὐτοῦς
1149 1863 1177 1929 ἢ
1210 1867 1368 1928 δῆλον,
1397 1864 1466 1915 ὅτι
1497 1870 1579 1915 τοῦ
1614 1863 1692 1928 ὦν,
1719 1865 1744 1916 ὅ
1775 1867 1890 1928 ἐστι,
1913 1893 1961 1917 20

309 1950 392 1995 τοῦ
420 1943 655 2005 ”Απιδος;
707 1945 836 2009 πλὴν
887 1948 947 1999 ὡς
993 1945 1241 2015 ὤφθησαν,
1288 1949 1425 2014 φησὶ,
1471 1950 1892 2017 παραπικραίνοντες

311 2029 385 2077 καὶ
427 2026 722 2093 ἀτιμάζοντες
763 2026 903 2078 αὐτὸν
946 2027 1020 2078 διὰ
1061 2034 1142 2079 τοῦ
1186 2028 1384 2092 πέμπειν
1431 2028 1610 2094 ἑτέροις,
1657 2030 1777 2080 οὕτω
1815 2031 1892 2080 καὶ

273 2107 604 2172 οὴσθήσονται
652 2110 726 2160 ἐπὶ
779 2108 847 2169 τῆν
900 2107 1027 2179 δόξαν
1078 2112 1223 2161 αὐτοῦ.
1297 2115 1509 2173 νομιοῦσι
1551 2110 1644 2176 γὰρ
1698 2111 1768 2162 ὅτι
1814 2114 1890 2162 καὶ

309 2188 434 2241 πολὺ
472 2191 581 2241 λίαν
615 2189 941 2257 εὐκλεέστερος
975 2191 1120 2254 ἔσται,
1147 2191 1276 2259 παρὰ
1308 2191 1540 2243 πλειόνων
1566 2194 1711 2244 ἐθνῶν
1735 2216 1888 2260 προσ-

309 2271 599 2336 κυνούμενος.
665 2274 775 2323 ἀλλ’
816 2272 1113 2339 ἡμαρτήκασι
1147 2277 1230 2337 τῆς
1265 2275 1469 2327 ἐλπίδος·
1513 2276 1887 2342 συντέθραυσται
1909 2300 1956 2339 25
2016 2300 2019 2347 j

309 2353 414 2420 γὰρ,
463 2356 538 2405 καὶ
583 2355 789 2419 γέλωτος
832 2354 1023 2423 ἀφορμὴ
1067 2360 1163 2409 τοῖς
1214 2356 1534 2417 Βαβυλωνίοις
1585 2355 1657 2421 ἧν.
1723 2358 1888 2410 οὐκοῦν

90 2456 196 2496 Supra
309 2436 714 2503 τεταλαιπωρηκεν
747 2438 775 2501 ἡ
813 2437 971 2501 στήλη
1007 2438 1159 2488 αὐτῶν
1194 2438 1312 2488 κατὰ
1349 2437 1434 2502 τὴν
1472 2439 1614 2489 αὐτοῦ
1648 2445 1730 2490 τοῦ
1764 2463 1883 2507 προ-

88 2509 200 2530 venz.
311 2517 462 2586 φήτου
498 2517 673 2587 φωνήν.
737 2525 1066 2589 παρεπίκραναν
1101 2518 1149 2569 δὲ
1187 2518 1268 2570 τὸν
1301 2520 1502 2588 μόσχον,
1538 2521 1623 2588 οὑχ
1661 2520 1732 2572 ὅτι
1768 2545 1888 2589 παρ-

358 2691 389 2714 2.
416 2681 468 2714 καὶ
484 2680 825 2726 προσκυνηθήσεται
819 2693 877 2715 mv
879 2693 915 2715 ει
918 2693 956 2716 so
974 2681 1094 2716 ordine
1114 2682 1190 2716 Cat.
1209 2683 1244 2717 in
1263 2695 1283 2724 4
1300 2682 1385 2717 libb.
1407 2682 1555 2727 Regum.
1710 2695 1743 2729 3.
1769 2683 1827 2730 τὰ]
1846 2689 1883 2725 -Ι-

310 2730 376 2760 τῶν
394 2727 440 2761 D.
575 2738 607 2773 5.
634 2727 810 2763 ΦούλαῙ).
830 2729 943 2762 Φουλὰ
964 2728 1040 2763 Cat.
1058 2729 1094 2763 in
1112 2741 1133 2771 4
1151 2729 1234 2763 libb.
1255 2729 1340 2773 Reg.
1360 2729 1492 2765 Φοὺλας
1510 2729 1600 2764 Edd.
1721 2731 1753 2764 6.
1781 2731 1846 2775 δαμ
1848 2733 1885 2765 ά-

309 2771 411 2817 λεως]
432 2774 606 2817 δαμάλεων
625 2774 702 2809 Cat.
721 2776 777 2810 cit.
861 2784 892 2820 7.
917 2777 1027 2834 φασὶν
1047 2775 1121 2810 Cat.
1141 2776 1250 2820 φησιν
1268 2776 1359 2810 Edd.
1410 2776 1574 2821 εὑρᾶσθαι
1593 2776 1669 2811 Cat.
1755 2777 1788 2811 8.
1814 2746 1885 2812 δμια-

310 2819 551 2863 πεπλασμενην
571 2822 616 2856 D.
789 2833 841 2856 10.
867 2824 952 2867 πρὸς
969 2821 1076 2868 τούτῳ
1096 2823 1138 2856 Β.
1158 2823 1248 2857 Edd.
1266 2824 1351 2867 πρὸς
1368 2825 1467 2857 τοῦτο
1486 2823 1561 2857 Cat.
1582 2823 1690 2858 Paris.
1708 2825 1792 2868 πρὸς
1808 2823 1884 2858 τού-

311 2913 381 2933 τοις
401 2897 475 2932 Cat.
496 2899 661 2934 Escorial.
679 2902 763 2945 πρὸς
779 2891 837 2936 Tg&
855 2901 1015 2947 ambigue
1030 2902 1075 2936 D.
1239 2914 1292 2945 14.
1314 2902 1410 2937 Haec
1429 2918 1481 2937 και
1499 2903 1639 2948 δυσχερ.
1643 2904 1755 2948 -ἕφη
1773 2918 1885 2938 τοινυν

309 2952 529 2978 accesserunt
546 2958 587 2979 ex
607 2947 699 2981 B.D.
1068 2958 1119 2993 15.
1145 2950 1176 2984 οἶ
1194 2949 1728 2995 κατοικοῦντες-μετοικἥσουσιν
1744 2961 1814 2985 om.
1835 2951 1883 2986 D.

312 3002 366 3025 22.
393 2991 444 3024 καὶ
465 2992 521 3025 alt.
541 2999 762 3038 assumptum
781 3006 821 3028 ex
842 2994 934 3029 BD.
950 2995 983 3029 b.
