2021 3434
132 163 215 204 xiii.
243 177 278 215 1,
302 177 339 206 2.
588 165 661 206 IN
702 164 937 206 OSEAM.
997 163 1146 204 TOM.
1179 162 1258 202 VI.
1616 158 1698 197 259

1720 258 1745 297 b

132 356 410 408 Δικαιώματα
458 359 586 401 αὐτοῦ
624 360 775 411 ἔλαβεν
822 361 866 401 ἐν
905 360 966 413 τῷ
1001 357 1189 415 Ἰσραήλ,
1229 356 1297 397 καὶ
1341 354 1461 396 ἔθετο
1500 352 1606 393 αὐτὰ
1649 353 1700 407 τῷ
1723 358 1822 406 Κεφ.
1842 351 1906 405 ιγ’.

203 441 332 494 Βαὰλ,
373 443 440 483 καὶ
482 442 682 484 ἀπέθανε.
743 443 811 484 καί
847 443 1081 499 Προσὲθετο
1116 442 1189 482 τοῦ
1225 438 1481 495 ἁμαρτάνειν
1521 435 1595 485 ἔτι,
1635 433 1743 474 καίΖ

197 524 405 568 ὲποίΗσαν
435 523 604 568 ἑαυτοῖς
635 525 827 582 χώνευμα
862 526 909 567 ἐκ
946 528 1014 567 τοῦ
1047 523 1244 581 ἀρΓυρίου
1275 521 1415 563 αὐτῶν
1444 519 1526 560 κατ’
1559 516 1701 560 εἰκόνα

198 607 408 661 εἰδώλων,
440 609 540 667 {prot
572 611 785 653 τεκτόνων
819 610 1172 658 συντετελεσμὲνα
1206 604 1363 649 αὺτοῖς.

90 743 112 782 5
205 724 310 774 Οὐκ
346 723 436 774 ἀνὰ
474 723 610 791 μέρος
653 726 701 776 ἐν
743 725 920 779 τούτοις
956 724 1040 778 τὰς
1084 724 1193 774 δέκα
1237 720 1407 790 φυλὰς,
1446 718 1556 770 ἀλλ’
1593 718 1707 769 ὅλον

132 808 329 856 αἰτιᾶται
377 803 459 856 τὸν
509 805 704 876 Ἰσραὴλ,
755 807 835 857 καί
880 810 1030 874 φησιν
1080 804 1151 855 ὅτι
1195 800 1505 870 δικαιωμάτων
1554 801 1706 852 αὐτοῖς

132 886 361 937 δοθέντων
391 885 466 938 διὰ
497 887 754 951 Μωυσέως,
782 889 837 939 δι’
863 886 927 938 ὧν
959 885 1264 948 ἐπαιδεύοντο,
1291 884 1394 936 τίνα
1418 880 1509 951 χρὴ
1533 881 1706 948 τρόπον
1725 907 1746 933 c

133 967 400 1034 θεραπεύειν
424 967 484 1020 τὰ
509 972 647 1033 Θεοῦ,
675 969 800 1023 ὅπως
823 992 873 1020 τε
905 969 1059 1034 δεήσει
1083 966 1344 1034 προσάγειν
1370 965 1550 1027 θυσίας,
1579 965 1707 1015 αὐτοὶ

133 1049 192 1101 τὰ
217 1049 367 1101 τοιάδε
391 1052 640 1118 μονονουχὶ
663 1051 970 1102 τεθεσπίκασι
993 1053 1060 1120 τῷ
1086 1048 1223 1101 Βάαλ
1242 1048 1344 1113 ἤτοι
1369 1051 1464 1101 τοῖς
1488 1045 1709 1099 εἰδώλοις.

69 1159 116 1185 10
134 1129 227 1183 ἀπὸ
263 1129 427 1197 μέρους
464 1131 557 1198 γὰρ
593 1131 698 1183 ἔσθ’
735 1132 810 1183 ὅτε
839 1132 1055 1196 σημαίνει
1092 1129 1146 1182 τὸ
1183 1134 1294 1182 πᾶν.
1358 1127 1579 1180 τεθύκασι
1618 1126 1710 1194 γὰρ

135 1217 242 1283 Θεῷ
279 1211 364 1277 μὲν
404 1212 566 1277 οὐκέτι,
604 1218 794 1277 μᾶλλον
838 1212 885 1264 δὲ
926 1218 1021 1268 τοῖς
1060 1212 1211 1280 ἔργοις
1249 1216 1342 1263 τῶν
1381 1211 1506 1262 ἰδίων
1543 1213 1710 1277 χειρῶν

136 1296 289 1349 αὐτοῖς
321 1294 510 1346 ε’τέλουν
546 1293 630 1349 τὰς
659 1294 833 1362 ἑορτὰς,
860 1297 935 1346 καὶ
966 1297 1214 1362 προσῆγον
1246 1292 1332 1358 τὴν
1362 1292 1598 1359 λατρείαν,
1626 1289 1710 1345 τὰς

135 1375 369 1444 ἀπαρχὰς,
406 1375 492 1442 τὴν
528 1377 870 1443 προσκύνησιν,
908 1375 967 1428 τὰ
1010 1379 1149 1444 δῶρα,
1188 1375 1247 1427 τὰ
1291 1373 1591 1443 χαριστήρια·
1634 1374 1710 1424 καὶ

135 1458 276 1527 δόξης
336 1459 451 1513 ἰδίας
513 1460 881 1526 ἀποστεροῦντες
931 1457 1068 1521 Θεὸν,
1117 1459 1290 1522 ταύτην
1340 1455 1568 1508 ἀνέθεσαν
1615 1460 1711 1509 τοῖς

72 1566 118 1604 15
136 1545 374 1606 γλυπτοῖς.
435 1541 566 1592 ἀλλὰ
604 1547 742 1593 τοῦτο
790 1564 992 1606 ποιησας
1031 1542 1055 1592 ὀ
1098 1539 1311 1607 Ἰσραὴλ,
1346 1537 1543 1590 ἀπέθανέ
1573 1543 1709 1607 φησι,

139 1621 213 1673 καὶ
253 1622 399 1674 πάλιν
440 1621 664 1691 προσέθετο
712 1626 783 1675 ro&
831 1622 1106 1694 ἁμαρτάνειν.
1177 1622 1337 1687 ὅμοιον
1380 1624 1441 1675 ὡς
1492 1625 1530 1672 εἰ
1579 1621 1757 1685 λε’γοιᾰ

141 1703 442 1756 Κεκόλασται
467 1705 712 1773 δεδρακὼς,
732 1704 1016 1773 ὠλόθρευται
1040 1703 1300 1769 τολμήσας,
1327 1703 1446 1770 ε”γνω
1472 1709 1554 1754 τοῦ
1574 1707 1708 1753 Δεσ-

138 1784 284 1838 πότου
324 1785 410 1851 τὴν
442 1787 775 1854 ἀγανάκτησιν,
809 1792 870 1843 εἰς
914 1787 1029 1852 αἷμα
1072 1786 1157 1852 τὴν
1201 1787 1331 1850 δίκην
1374 1789 1468 1839 τοῖς
1511 1791 1706 1836 πλανω-

139 1866 292 1930 μένοις
329 1867 599 1934 ἐπάγοντος“
642 1871 716 1920 καὶ
750 1873 831 1935 τῆς
862 1871 1025 1921 ἑαυτοῦ
1060 1866 1336 1932 σκαιότητος
1371 1866 1596 1936 κατεληξε
1628 1866 1713 1929 μὲν

73 1980 122 2005 20
140 1949 363 2014 οὐδαμῶς,
388 1950 526 2015 ἁλοίη
553 1949 590 2002 δ’
620 1950 678 2002 ἂν
700 1956 889 2015 μᾶλλον
917 1952 988 2021 ἐφ’
1017 1950 1185 2018 ἑτέροις
1214 1974 1264 2002 τε
1294 1952 1370 2001 καὶ
1395 1949 1516 2004 ’ίσοις
1541 1948 1712 2015 ἐγκλή-

138 2054 301 2095 μασιν.
354 2030 620 2098 ἀνέγνωμεν
645 2031 737 2100 γὰρ
764 2035 812 2084 ἐν
844 2038 937 2088 τοῖς
964 2033 1219 2100 Ἀριθμοῖς,
1246 2031 1316 2083 ὅτι
1340 2031 1711 2099 πεπορνεύκασιν

139 2117 181 2165 οἱ
207 2116 294 2165 υἱοὶ
317 2113 533 2182 Ἰσραὴλ,
555 2115 872 2180 ἐκκεκαυμένοι
905 2114 1022 2183 πρὸς
1056 2114 1277 2168 ἐκτόπους
1306 2112 1486 2178 ἡδονὰς,
1513 2116 1588 2164 καὶ
1613 2118 1712 2167 ταῖς

139 2199 234 2247 τῶν
259 2199 533 2257 Μωαβιτῶν
558 2197 859 2264 προσέκειντο
883 2197 1107 2266 γυναιξίν.
1173 2195 1284 2260 εἶτα,
1310 2196 1436 2250 δίκας
1467 2197 1539 2247 ἐπὶ
1564 2194 1713 2265 τούτῳ

140 2275 224 2331 τὰς
261 2278 462 2330 ἀπασῶν
499 2276 703 2346 ἐσχάτας
738 2278 996 2348 ἐξῄτηνται.
1060 2278 1152 2346 ἔχει
1179 2276 1227 2329 δὲ
1260 2278 1379 2328 οὕτω
1413 2276 1472 2328 τὰ
1502 2299 1709 2343 γεγραμ·
1732 2306 1752 2333 e

189 2359 204 2378 '
286 2367 313 2390 ‘⁶
334 2362 429 2411 Καὶ
463 2360 605 2411 κατέλ
634 2383 721 2411 σεν
747 2360 821 2411 Ἰσ
853 2360 947 2411 α“λ
985 2362 1033 2411 ἐν
1064 2360 1180 2411 Σατὶ
1262 2360 1337 2410 καὶ
1375 2360 1488 2420 ἐβεβ
1520 2359 1623 2410 λώθ
1689 2360 1714 2410 ὁ
1776 2381 1876 2411 Num.

75 2388 122 2428 25
141 2382 256 2423 uem
607 2384 633 2412 v
822 2384 850 2427 ρ
884 2385 911 2425 η
1181 2383 1230 2423 μ,
1490 2382 1517 2424 η
1623 2383 1652 2424 η

142 2447 170 2471 “
196 2439 312 2495 λαὸς
342 2442 647 2508 ἐκπορνεῦσαι
680 2446 742 2496 εἰς
772 2441 856 2497 τὰς
889 2441 1145 2508 θυγατέρας
1171 2440 1346 2503 Μωάβ,
1374 2442 1449 2491 καὶ
1482 2441 1714 2493 ἐκάλεσαν
1776 2431 1934 2463 xxv.1-5.

143 2529 170 2552 “
196 2520 361 2576 αὐτοὺς
399 2526 459 2576 εἰς
497 2521 579 2576 τὰς
616 2524 782 2576 θυσίας
820 2528 913 2574 τῶν
951 2523 1154 2574 εἰδώλων
1191 2523 1357 2585 αὐτῶν,
1384 2524 1459 2573 καὶ
1488 2523 1663 2592 ἔφαγεν
1689 2525 1713 2574 ὁ

144 2611 171 2633 “
196 2602 312 2658 λαὸς
340 2608 435 2655 τῶν
468 2608 646 2655 θυσιῶν
678 2605 844 2667 αὐτῶν,
880 2606 955 2655 καὶ
984 2603 1345 2669 προσεκύνησαν
1376 2609 1471 2659 τοῖς
1508 2606 1713 2660 εἰδώλοις

194 2785 223 2809 1.
249 2774 388 2820 ἔλαβεν]
405 2779 442 2816 -Ι-
455 2774 554 2810 αὐτὸς
570 2774 661 2809 Edd.
680 2775 797 2810 invitis
815 2775 954 2810 B.D.b.
974 2775 1069 2821 (130,
1088 2777 1183 2822 311.)
1318 2789 1347 2811 2.
1374 2777 1426 2812 καὶ
1444 2778 1653 2824 secundum]
1673 2784 1710 2821 †

145 2823 203 2857 νῦν
220 2821 311 2855 Edd.
331 2821 444 2865 (Vat.)
492 2823 530 2856 τὸ
548 2833 611 2866 pro
628 2825 688 2856 τοῦ
706 2822 798 2856 Edd.
1048 2835 1082 2867 3.
1106 2823 1276 2870 χώνευμα]
1296 2824 1491 2869 χωνεύματα
1510 2825 1547 2859 F.
1566 2826 1628 2871 (42
1647 2827 1712 2871 al.)

145 2881 179 2911 4.
204 2872 364 2913 τεχνιτῶν
380 2880 442 2913 pro
458 2870 620 2903 τεκτόνων
637 2869 675 2903 F.
725 2869 852 2915 αὐτοῖς]
872 2871 1000 2905 ἑαυτοῖς
1033 2870 1080 2904 D.
1369 2872 1401 2907 8.
1427 2872 1469 2905 τὰ
1486 2875 1573 2906 Θεοῦ
1592 2873 1637 2907 D.
1656 2874 1714 2908 τὸν

146 2916 233 2949 Θεὸν
250 2914 341 2949 Edd.
553 2926 608 2950 21.
633 2915 820 2961 ἀνέγνωμεν
838 2917 884 2952 D.
902 2917 1027 2961 ἀνέγνω
1043 2918 1103 2961 μὲν
1121 2917 1212 2953 Edd.
1421 2929 1474 2964 25.
1498 2920 1600 2965 Σατὶμ
1620 2920 1711 2954 B.D.

147 2962 247 3007 Σετὶμ
265 2961 355 2996 Edd.
408 2961 531 2997 Statim
549 2963 601 2996 καὶ
618 2974 687 2997 om.
706 2962 753 2997 D.

906 3031 930 3058 L
950 3018 964 3058 l
987 3031 1009 3061 2
