2021 3434
325 655 456 699 ΤΟΥ
506 655 594 699 EN
639 656 867 699 ΑΓΙΟΙΣ
917 655 1192 699 ΠΑΤΡΟΣ
1243 654 1437 698 ΗΜΩΝ

575 794 1204 865 ΚΥΡΙΛΛΟΥ

389 934 864 964 ΑΡΧΙΕΠΙΣΚΟΠΟΥ
907 934 1364 968 ΑΛΕΞΑΝΔΡΕΙΑΣ,

485 1063 763 1103 ΕΞΗΓΗΣΙΣ
803 1064 1268 1102 ΎΠΟΜΝΗΜΑΤΙΚΗ

206 1208 357 1260 ΕΙΣ
414 1209 605 1261 ΤΟΝ
671 1208 1184 1261 ΠΡΟΦΗΤΗΝ
1251 1207 1543 1261 ΩΣΗΕ.

47 1222 69 1259 01

647 1378 1100 1427 PRAEFATIO„

160 1513 457 1562 ΟΙΗΘΕΙΗ
501 1509 584 1574 μὲν
620 1510 676 1561 ἄν
714 1533 781 1563 τις
818 1509 1035 1576 περιττὸν
1073 1507 1190 1560 εἷναί
1226 1532 1326 1562 πως
1369 1511 1444 1559 καὶ
1489 1509 1703 1560 εἷκαιό-ει

85 1597 277 1656 βουλον,
317 1595 392 1644 καὶ
436 1594 533 1644 οὔτι
577 1616 668 1644 που
704 1591 897 1662 σφόδρα
939 1597 1032 1643 τῶν
1073 1592 1338 1658 ἀναγκαίων
1380 1595 1440 1645 εἷς
1483 1590 1661 1656 ὄνησιν,

87 1677 162 1725 καὶ
205 1680 405 1730 πολλοῖς
445 1676 533 1740 ἤδη
573 1675 882 1742 προειρημένα
921 1677 1168 1742 μονονουχὶ
1209 1677 1283 1725 καὶ
1325 1674 1662 1725 ἀνασκαλεύειν

23 1782 69 1808 10
87 1759 339 1825 ἐπιχειρεῖν,
384 1759 458 1809 καὶ
503 1762 597 1812 τοῖς
641 1762 735 1808 τῶν
777 1756 1121 1824 προλαβόντων
1164 1755 1323 1811 πόνοις
1371 1756 1663 1825 ἐπεισφέρειν

86 1840 280 1907 ἑτέρους·
336 1841 483 1891 καίτοι
521 1842 595 1891 καὶ
635 1840 741 1891 λιάν
781 1840 1095 1907 ἀποχρώντως
1138 1839 1341 1907 ἐχόντων
1379 1839 1561 1890 ἐκείνων
1601 1838 1662 1892 ε’ίς

86 1945 139 1988 γε
175 1921 229 1973 τὸ
269 1922 499 1973 δύνασθαι
531 1926 804 1988 διατρανοῦν
835 1923 883 1973 εὖ
926 1921 1058 1984 μάλα
1101 1921 1185 1975 τὰς
1225 1926 1320 1972 τῶν
1355 1922 1500 1987 ἁγίων
1537 1944 1655 1987 προ-
1679 1932 1704 1971 b

87 2009 251 2073 φητῶν
288 2003 590 2073 συγγραφάς·
646 2004 737 2070 ἐγὼ
782 2003 830 2055 δὲ
874 2003 926 2055 τὸ
967 2007 1127 2072 χρῆμα
1166 2005 1310 2073 φαίην
1354 2002 1410 2054 ἂν
1449 2004 1535 2070 οὐχ
1574 2000 1660 2053 ὧδε

88 2087 223 2154 ἔχειν·
267 2092 453 2139 πολλοῦ
494 2110 544 2137 τε
587 2090 661 2137 καὶ
700 2090 777 2139 δεῖ.
854 2087 1152 2150 μεμνήσομαι
1188 2085 1281 2152 γὰρ
1316 2087 1660 2152 ἐπιφωνοῦντος

24 2184 67 2222 15
86 2175 169 2220 τοῦ
201 2169 398 2220 Παύλου
436 2174 531 2222 τοῖς
561 2169 670 2235 παρ’
702 2169 842 2219 αὐτοῦ
876 2169 1350 2235 μυσταγωγουμένοις
1385 2164 1502 2217 “T&
1543 2165 1660 2216 αὐτὰ
1721 2178 1873 2210 Phil-iii.

87 2258 113 2280 ‘⁶
139 2250 293 2317 λέγειν
319 2253 437 2315 ὑμῖν,
465 2253 562 2314 ἐμοὶ
590 2251 674 2314 μὲν
700 2252 782 2302 οὐκ
809 2251 1020 2317 ὀκνηρὸν,
1043 2253 1148 2314 ὑμῖν
1174 2249 1222 2301 δὲ
1250 2249 1508 2318 ἀσφαλε’ς.”

152 2331 320 2399 ”Αθρει
345 2332 392 2385 δὲ
420 2333 544 2389 ὅπως
569 2335 699 2384 ἐστὶν
725 2333 905 2398 ἀληθὴς
925 2334 949 2383 ὁ
970 2332 1128 2399 λόγος.
1188 2336 1224 2382 εἷ
1242 2333 1333 2397 γάρ
1353 2354 1397 2382 τι
1417 2331 1660 2397 προκέοιτο

86 2419 180 2465 τῶν
219 2417 482 2481 ἀναγκαίων
518 2421 579 2470 εἷς
617 2416 805 2480 εἴδησιν,
846 2414 942 2466 εἶτα
975 2416 1151 2466 πολλοὶ
1187 2416 1260 2464 καὶ
1295 2412 1423 2478 παρὰ
1461 2418 1660 2464 πολλῶν

88 2498 154 2546 ἐπ’
189 2497 311 2566 αὐτῷ
361 2497 416 2561 δὴ
458 2498 606 2567 τούτῳ
646 2498 852 2564 γένοιντο
898 2496 1046 2563 λόγοι,
1085 2495 1271 2556 βλάβος
1310 2494 1396 2559 μὲν
1433 2495 1567 2545 ε”σται
1605 2495 1658 2545 τὸ

23 2597 70 2620 20
89 2577 284 2641 σύμπαν
323 2580 468 2629 οὐδέν·
525 2580 704 2644 ὀνήσειε
746 2582 782 2630 δ’
820 2577 875 2630 ἂν
914 2578 983 2629 ὅτι
1028 2576 1243 2641 μάλιστα
1279 2601 1333 2643 γε
1371 2583 1467 2631 τοῖς
1511 2579 1651 2643 ἀκρο-

90 2659 291 2722 ωμένοις.
361 2664 398 2710 εὶ
424 2660 507 2723 μὲν
542 2660 632 2727 γὰρ
667 2661 899 2725 ἀλλήλοις
925 2660 1271 2724 συμβαίνοντας
1306 2665 1513 2711 ποιοῖντο
1549 2659 1656 2714 τοὺς

87 2741 258 2807 λόγους
296 2744 336 2792 οἱ
371 2742 675 2808 διερμηνεύειν
711 2742 932 2804 εἰωθότες,
965 2743 1308 2809 ἀσφαλεστέρα
1342 2765 1434 2794 που
1468 2742 1654 2796 πάντως
1674 2772 1694 2795 a
1752 2761 1775 2794 2
1796 2761 1844 2795 A.

87 2828 181 2877 τοῖς
222 2824 603 2892 φιλακροοὶμοσιν
641 2826 916 2890 εὶσκρίνεται
955 2829 1146 2890 γνῶσις·
1202 2829 1239 2875 εἰ
1275 2824 1323 2876 δὲ
1361 2824 1418 2889 δή
1457 2848 1500 2876 τι
1538 2826 1649 2894 φαί-

134 2967 280 3002 Codices
300 2968 391 3002 B.D.
411 2968 465 3013 (D
484 2967 582 3002 initio
600 2967 778 3011 mutilus.)
820 2979 848 3001 Ι.
867 2967 934 3001 Tit.
956 2968 996 3002 B.
1015 2968 1106 3003 Edd.
1202 2982 1233 3011 4.
1254 2969 1503 3014 ὑπομνηματικὴ
1521 2980 1591 3003 om.
1612 2969 1654 3002 B.

92 3015 143 3049 18.
167 3014 249 3061 τῶν]
273 3019 308 3056 -ξ-
327 3016 371 3049 ὧν
390 3015 430 3049 Β.
530 3026 582 3060 19.
610 3015 648 3059 δὴ
667 3013 789 3060 τούτῳ]
812 3016 868 3048 Sic
887 3015 929 3049 B.
950 3015 1128 3051 Edebatur
1146 3015 1244 3051 οὕτω.
1343 3028 1396 3062 23.
1423 3015 1471 3061 τι]
1492 3031 1542 3049 τοι
1562 3015 1654 3051 Edd.

144 3086 233 3114 VOL.
257 3087 285 3114 Ι.
859 3086 884 3114 Β
