2021 3434
111 173 166 214 iii.
194 186 285 229 1-3.
565 175 638 215 IN
680 167 980 216 JOELEM.'
1014 174 1163 215 TOM.
1194 173 1255 213 II.
1604 168 1687 208 349

110 283 186 333 καὶ
229 282 303 343 τῆς
342 283 505 335 ἑαυτοῦ
552 288 850 354 κληρονομίαις,
889 284 947 349 ἣν
990 281 1320 336 καταδιείλοντο
1364 276 1728 346 διαρπάζοντέςθ
1761 286 1843 320 235
1857 285 1908 320 A·

109 387 201 415 που
239 364 361 432 τάχα
397 366 456 417 τὰ
491 371 585 418 τῶν
624 368 942 428 Βαβυλωνίων
977 367 1199 436 λείψανα,
1225 367 1300 416 καὶ
1336 366 1386 415 ἐν
1423 365 1567 430 καιρῷ
1604 363 1686 424 τῆς

110 448 428 514 ταλαιπωρίας
465 450 870 513 συνεπιτιθέμενοι,
909 451 984 500 καὶ
1024 451 1200 518 πόρναις
1243 446 1327 510 μὲν
1364 444 1424 496 τέι
1465 440 1688 513 παιδάρια,

109 527 411 594 χαριζόμενοι,
437 531 683 597 προθέντες
722 530 771 583 δὲ
804 531 863 582 τὰ
901 532 1033 597 κόρια
1063 529 1182 596 πρὸς
1220 528 1433 593 ἀσυνήθη
1456 525 1688 592 πορνείαν,

67 619 89 657 5
109 612 183 660 καὶ
221 610 317 662 οἷον
356 613 745 677 ἐκκαπηλεύοντες
778 618 878 667 ταῖς
915 613 1081 679 ἑτέρων
1125 611 1408 676 ἀσελγειάις,
1448 606 1546 659 εἶτα
1582 606 1689 663 τοὺς

106 692 315 744 ἐντεῦθεν
338 694 536 758 μισθοὺς
563 698 624 749 εἷς
648 694 830 763 τρυφὰς
854 697 929 746 καὶ
954 694 1098 758 μέθας
1125 694 1458 758 συλλέγοντες.

183 773 342 839 Φαμὲν
380 777 436 827 δέ
466 800 510 828 τι
552 780 627 828 καὶ
668 779 739 846 ἐφ’
783 777 914 840 ἡμῶν
953 781 1163 827 τοιοῦτον
1207 774 1439 840 γενέσθαι,
1485 771 1569 835 τὴν
1613 772 1689 823 διὰ

108 859 322 920 Χριστοῦ
368 857 607 924 λύτρωσιν
650 856 980 923 ἐννενοηκότες.
1058 858 1261 926 ἐξείλετο
1302 854 1387 919 μὲν
1431 853 1525 920 γὰρ
1567 854 1689 917 ἡμᾶς

107 939 435 1005 αἰχμαλώτους
479 939 629 1004 ὄντας,
674 943 748 991 καὶ
789 939 879 992 ὑπὸ
931 937 1141 1008 τυράννῳ
1182 936 1490 1003 πράττοντας,
1537 939 1733 1005 πικρῷἲ)

42 1037 88 1061 10
108 1023 228 1089 φημὶ
267 1021 323 1085 δὴ
357 1025 423 1090 τῷ
458 1027 655 1085 σατανᾶ,
681 1021 926 1086 ἀνεκόμισε
957 1021 1004 1072 δὲ
1035 1019 1197 1086 ὥσπερ
1231 1024 1292 1072 εἰς
1331 1021 1420 1084 γῆν
1447 1018 1598 1083 ἁγίαν,
1626 1021 1688 1071 εἰς

106 1103 343 1154 πολιτείαν
387 1103 707 1170 εὐαγγελικὴν,
757 1108 819 1158 εἷς
867 1103 965 1173 ἕξιν
1015 1099 1378 1167 εὐμαθεστάτην,
1430 1103 1492 1153 εἰς
1542 1098 1686 1151 πόλιν

105 1186 452 1253 τετειχισμένην
493 1186 578 1250 τὴν
624 1186 792 1251 νοητὴν
833 1184 1161 1253 Ἰερουσαλὴμ,
1204 1192 1232 1214 “
1257 1184 1356 1249 ἥτις
1400 1183 1531 1233 ἐστὶν
1568 1183 1681 1233 Ἐκ·
1748 1185 1866 1268 JiiTilng·

106 1274 132 1295 ‘⁵'
157 1270 334 1332 κλησία
379 1272 502 1320 Θεοῦ
554 1269 760 1336 ζῶντος,”
808 1271 1151 1332 οἰκοδομεῖσθαι
1195 1264 1580 1333 παρασκευάσας,
1624 1267 1687 1320 ὡς

1747 1347 1832 1388 Eph.
1848 1348 1881 1379 ii.

104 1350 265 1404 λίθους
301 1352 477 1412 τιμίους
504 1355 607 1405 “εὶς
641 1350 754 1402 ναὸν
788 1349 937 1416 ἅγιον,
969 1354 1030 1404 εἰς
1062 1347 1413 1414 κατοικητήριον
1446 1352 1529 1398 τοῦ
1562 1351 1685 1399 Θεοῦ

40 1438 133 1477 Ι5“
156 1433 205 1482 ἐν
243 1432 520 1495 Πνεύματι.”
601 1433 731 1485 ἀλλὰ
781 1438 876 1488 τοῖς
919 1436 968 1484 ἐκ
1010 1432 1272 1494 βασκανίας
1316 1429 1475 1484 πόνοις
1520 1430 1547 1493 ἡ
1590 1435 1685 1481 τῶν

104 1516 351 1578 δαιμονίων
382 1516 652 1584 ἀνεφλέχθη
686 1517 856 1567 ἀνοσία
888 1513 1085 1580 πληθὺς,
1124 1516 1200 1565 καὶ
1238 1512 1394 1576 μέντοι
1428 1511 1546 1577 πρὸς
1577 1513 1684 1562 τού-

1750 1401 1798 1430 21,
1821 1401 1871 1423 22.

103 1619 198 1650 τοις
238 1600 280 1648 οὶ
321 1603 415 1651 τοῖς
454 1597 660 1664 δόγμασι
698 1601 780 1662 τῆς
820 1599 1041 1662 ἀληθείας
1079 1595 1349 1663 μαχόμενοι,
1384 1596 1459 1645 καὶ
1496 1592 1726 1648 πολλάςο

102 1679 187 1742 μὲν
219 1678 302 1732 τὰς
332 1679 450 1731 κατὰ
488 1685 582 1732 τῶν
617 1681 763 1747 ἁγίων
804 1680 1000 1748 ἐφόδους
1037 1680 1325 1743 πεποίηνται,
1364 1677 1595 1741 ἠδίκησαν
1634 1675 1682 1726 δὲ

104 1760 234 1812 οὐδὲν
281 1763 653 1830 προασπίζοντος
699 1768 836 1825 Θεοῦ,
889 1761 1328 1829 παραθαῤῥύνοντος
1380 1759 1428 1809 δὲ
1466 1762 1683 1824 Χριστοῦ

36 1862 84 1887 20
104 1847 178 1896 καὶ
209 1845 430 1911 λε’γοντος
469 1849 701 1916 αΘλίψιν
735 1848 860 1917 ἕξετε
894 1849 942 1898 ἐν
976 1850 1044 1917 τῷ
1074 1844 1253 1915 κόσμῳ,
1282 1843 1412 1894 ἀλλά
1450 1847 1680 1910 θαρσεῖτε,
1743 1849 1894 1924 {ikan-

103 1936 130 1958 ⁴⁶
154 1927 244 1995 ἐγὼ
270 1930 481 1995 νενίκηκα
506 1929 588 1982 τὸν
612 1929 837 1995 κόσμον.”
1802 1917 1808 1924 ’
1829 1902 1880 1933 33-

167 2010 352 2067 ”Υθλος
376 2012 461 2077 μὲν
487 2014 568 2064 οὖν
593 2012 722 2079 παρὰ
747 2018 841 2066 τοῖς
865 2011 1102 2065 Ἰουδαίοις
1127 2007 1307 2075 σαθρὸς
1341 2009 1416 2059 καὶ
1447 2007 1680 2074 γραώδης,

103 2096 164 2147 ὡς
201 2094 334 2146 ε”σται
372 2095 491 2146 κατὰ
524 2095 708 2163 καιροὺς
739 2097 786 2147 ἐν
817 2099 875 2163 τῇ
911 2092 1085 2146 κοιλάδι
1121 2094 1192 2144 τοῦ
1216 2089 1454 2159 Ἰωσ-οιφέιτ
1488 2090 1516 2154 ἡ
1550 2088 1681 2156 παρὰ

103 2179 227 2227 Θεοῦ
259 2176 377 2228 κατὰ
404 2176 595 2229 πάντων
626 2179 790 2245 κρίσις,
817 2177 933 2240 μετὰ
962 2175 1017 2227 τὸ
1051 2178 1305 2236 ἀναβιῶναι
1339 2172 1446 2226 τοὺς
1481 2171 1678 2238 νεκρούς.

35 2269 83 2306 25
104 2258 274 2310 οἴονται
318 2259 365 2312 δὲ
409 2259 478 2311 ὅτι
522 2265 616 2311 τῶν
656 2265 718 2314 εἰς
759 2258 924 2313 αὐτοὺς
962 2259 1091 2309 ἕνεκα
1135 2253 1394 2323 γεγονότων
1432 2257 1680 2305 ἀποτιοῦσι
1700 2261 1727 2302 d

103 2339 286 2407 λόγους,
314 2346 357 2393 οἱ
400 2342 519 2394 κατὰ
555 2347 719 2394 πᾶσαν
743 2340 829 2406 τὴν
863 2342 936 2393 ὑπ’
975 2341 1186 2406 οὐρανόν.
1251 2335 1516 2403 ἀμοιρήσειε
1552 2334 1590 2386 δ’
1624 2334 1681 2386 ἂν

101 2425 314 2488 οὐδαμῶς
350 2430 432 2476 τοῦ
471 2429 707 2491 γελᾶσθαι
757 2425 948 2490 πρέπειν
998 2420 1052 2473 τὸ
1103 2419 1341 2484 ἐνθύμημα
1386 2420 1552 2480 αὐτῶν,
1598 2421 1681 2482 τῆς

102 2507 414 2558 θεοπνεύστου
454 2509 640 2575 γραφῆς
678 2505 737 2557 τὰ
775 2508 857 2569 τῆς
897 2504 1183 2573 προφητείας
1223 2499 1560 2567 ἐκπεπεράνθαι
1600 2506 1681 2551 λε-

101 2589 293 2653 γούσης,
319 2591 393 2640 καὶ
426 2588 496 2639 ὅτι
528 2588 657 2641 δίκας
691 2587 935 2656 ἐξῄτηνται
958 2584 1087 2651 παρὰ
1114 2588 1240 2635 Θεοῦ
1264 2582 1322 2634 τὰ
1348 2583 1560 2648 περίοικα
1585 2586 1680 2633 τῶν

36 2686 84 2721 30
101 2672 258 2734 ἐθνῶν,
292 2677 374 2722 τοῦ
411 2670 620 2734 πολέμου
650 2667 898 2736 γεγονότος
935 2669 984 2718 ἐν
1015 2671 1073 2735 τῇ
1108 2662 1285 2718 κοιλάδι
1321 2666 1393 2716 τοῦ
1420 2663 1674 2734 Ἰωσαφάτ.

152 2856 181 2879 1.
206 2842 471 2889 καταδιείλοντο]
491 2843 742 2877 καταδιείλαντο
761 2841 853 2877 Edd.
1004 2852 1037 2885 5.
1063 2841 1241 2886 ἀσελγίαις
1257 2840 1317 2874 iid.
1469 2838 1503 2874 6.
1527 2837 1677 2884 τρυφὰς]

101 2892 231 2937 τροφὰς
247 2891 307 2926 iid.
498 2902 551 2932 14.
576 2892 635 2924 τοῦ
653 2896 874 2935 assumptum
892 2901 932 2923 ex
950 2889 993 2923 B.
1155 2899 1207 2933 17.
1235 2889 1287 2921 καὶ
1304 2885 1454 2933 πολλὰς]
1473 2887 1599 2921 πολλοὶ
1616 2885 1677 2920 iid.

105 2949 157 2984 19.
183 2936 502 2983 παραθαρσύνοντος
518 2936 577 2970 iid.
790 2947 843 2970 22.
870 2935 928 2972 οὖν
944 2941 1165 2980 assumptum
1185 2947 1226 2969 ex
1246 2934 1287 2969 B.
1502 2932 1557 2968 26.
1583 2933 1679 2978 ἀμοι-

101 2985 200 3029 ρήσει
218 2984 277 3019 iid.
467 2994 521 3029 27.
547 2984 658 3018 αὐτοῖς
676 2982 736 3017 iid.
