2021 3434
311 142 395 182 322
698 144 748 186 B.
790 144 1069 187 CYRILLI
1108 146 1490 188 ALEXANDR.
1661 146 1704 187 ii.
1732 156 1879 196 12-14.
2017 153 2021 196 ς

93 264 172 297 219
189 262 238 297 A.
271 273 293 298 a
310 273 453 313 σιμον
483 251 564 302 οὖν
589 252 680 319 ἄρα
710 252 765 305 τὸ
798 255 975 306 κλαίειν
1005 254 1078 324 ἐφ’
1106 257 1362 322 ἁμαρτίαις,
1385 258 1461 307 καὶ
1486 259 1737 307 λυπεῖσθαι
1763 254 1881 307 κατὰ

92 335 200 384 ΖΗΟΟΓ.

89 388 145 408 vu.
165 388 213 410 10·

394 333 404 349 V
531 338 543 352 t
647 336 660 354 ἱ
736 339 747 353 Q
899 339 912 354 Ι
1126 339 1139 353 Ι
1338 346 1357 355 Α
1515 342 1525 356 t
1714 339 1728 357 X
1831 339 1844 355 Χ

310 338 447 386 Θεον.
514 359 577 391 ως
601 359 695 404 γαρ
727 361 752 388 ο
784 362 1009 406 μακαριος
1046 345 1217 410 γραφει
1250 344 1444 395 Παυλος
1469 348 1496 370 “
1533 344 1580 392 Η
1617 363 1734 391 κατα
1757 344 1881 392 Θεον

310 422 337 446 “
363 417 492 482 λύπη
546 417 792 483 μετάνοιαν
838 424 900 475 εἰς
955 423 1194 489 σωτηρίαν
1243 422 1593 488 ἀμεταμέλητον
1649 421 1875 487 κατεργά-

86 504 246 585 ῗ-Ἀῖἃῖῦῑ·
308 504 336 528 “
359 497 525 563 ζεται.”
587 502 823 569 μακαρίζει
867 502 915 554 δὲ
954 506 1029 555 καὶ
1073 505 1210 559 αὐτὸς
1250 506 1275 555 ὁ
1314 503 1527 571 Χριστὸς
1564 503 1669 558 τοὺς
1706 507 1876 554 “Hev-

109 570 116 577 ⁶
157 572 164 578 ⁵
309 586 336 609 ‘⁶
361 584 556 636 θοῦντας
589 588 683 646 νῦν,
719 583 790 635 ὅτι
830 586 958 636 αὐτοὶ
998 585 1495 652 παρακληθήσονται.”
1559 587 1634 637 καὶ
1675 584 1768 650 μὴν
1807 586 1882 636 καὶ
1900 594 1922 633 5

307 662 332 712 ὃ
376 662 532 731 σοφὸς
574 665 683 729 ἡμῖν
727 669 958 729 Σολομῶν
1000 668 1208 720 τοιοῦτόν
1251 691 1296 720 τι
1339 670 1490 736 φησὶν
1533 670 1882 734 αἰνιγματωδῶς

84 735 210 820 {35⁰2OE
308 753 334 777 ‘⁶
359 746 570 814 Ἀγαθὸν
612 748 666 801 τὸ
709 755 990 818 πορευθῆναι
1032 756 1094 807 εἰς
1138 751 1263 804 οἶκον
1302 753 1513 816 πένθους,
1549 751 1579 817 ἢ
1618 751 1672 804 τὸ
1708 775 1876 818 πορευ-
2014 748 2021 815 {3

307 835 334 858 ‘⁶
358 832 493 894 θῆναι
518 833 579 885 εἰς
606 830 731 884 οἷκον
757 832 950 885 πότου.”
1000 834 1128 899 πλὴν
1159 837 1300 887 ἐκεῖνο
1328 840 1590 903 περιαθρεῖν
1615 837 1881 901 ἀναγκαῖον,
2012 824 2021 884 J

306 910 399 976 ὅση
424 935 492 967 τις
516 915 618 966 ἐστὶ
643 918 725 980 τῆς
751 920 946 976 νηστείας
970 917 998 981 ἡ
1023 919 1225 981 δύναμις.
1275 917 1493 987 ἐξημεροῖ
1512 916 1594 969 τὸν
1613 916 1880 982 Δεσπότην,
2019 888 2021 1003 J

261 1001 288 1043 b
306 994 564 1063 κατευνάζει
614 996 701 1062 τὴν
758 998 918 1065 ὀργὴν,
968 1000 1213 1067 ἀνατρέπει
1260 1000 1475 1052 κόλασιν.
1553 997 1740 1053 ἑαυτοὺς
1788 998 1881 1065 γὰρ
1903 1025 1950 1050 10
2011 1007 2013 1018 ⁴

305 1075 588 1143 αἰκιζόμενοι,
614 1083 861 1148 μονονουχὶ
887 1083 961 1132 καὶ
987 1081 1307 1147 λελυττηκότα
1341 1084 1418 1133 καὶ
1451 1081 1749 1148 ἀγριαίνοντα
1772 1085 1879 1132 καθ’

304 1159 437 1222 ἡμῶν
472 1158 555 1210 τὸν
596 1165 717 1212 θεῖον
757 1163 807 1213 εὖ
851 1163 984 1226 μάλα
1027 1165 1335 1228 δυσωποῦμεν
1374 1163 1536 1229 θυμὸν,
1571 1166 1645 1215 καὶ
1681 1162 1766 1229 τὴν
1799 1169 1882 1215 τοῦ

305 1243 643 1298 καταπαίοντος
692 1249 824 1311 χεῖρα
873 1251 1201 1309 συστελοῦμεν
1251 1245 1467 1301 εὐκόλως.
1534 1249 1571 1297 εἰ
1615 1246 1708 1312 γάρ
1750 1247 1882 1297 ἐστιν

83 1333 244 1407 i1S·Joa11·
305 1322 489 1387 ἀληθὲς,
535 1324 605 1376 ὅτι
653 1328 728 1377 καὶ
779 1325 923 1390 μόνον
967 1329 1306 1394 ὁμολογοῦντες
1353 1328 1437 1383 τὰς
1488 1330 1714 1396 ἁμαρτίας
1757 1333 1881 1381 Θεοῦ

98 1387 154 1420 ·9·
303 1407 696 1472 κατοικτείροντος
732 1409 1041 1473 δικαιούμεθα,
1068 1414 1167 1465 πῶς
1205 1409 1262 1461 ἂν
1299 1409 1554 1462 ἐνδοιάσειέ
1579 1434 1647 1465 τις
1680 1411 1750 1462 ὅτι
1784 1416 1879 1465 τοῖς
1902 1435 1947 1473 15
2006 1450 2009 1467 t

301 1487 359 1556 ἐξ
381 1487 631 1553 ἀσκήσεως
654 1488 812 1544 πόνοις
838 1491 1025 1546 ἑαυτοὺς
1050 1492 1397 1558 κατατήκοντες,
1424 1494 1499 1544 καὶ
1526 1492 1623 1545 οἷον
1648 1495 1879 1547 αἰτοῦντες
2005 1528 2008 1550 ι

302 1570 443 1633 δίκας,
463 1575 558 1622 τῶν
582 1572 917 1639 ἡμαρτημένων
942 1577 1248 1641 κερδανοῦμεν
1272 1574 1400 1642 παρὰ
1420 1579 1544 1627 Θεοῦ
1569 1575 1654 1639 τὴν
1673 1575 1872 1645 ἅφεσινς

262 1656 484 1703 Οπενθεῖν
508 1653 590 1705 οῦν
627 1654 718 1721 ἄρα
752 1655 924 1707 κελεύει
957 1658 1034 1708 καὶ
1066 1657 1396 1725 διαῤῥηγνύναι
1426 1662 1571 1726 σφᾶς,
1598 1657 1770 1722 ἥκιστα
1794 1656 1879 1721 μὲν

298 1732 358 1785 τὰ
388 1735 555 1804 ἅμφια,
585 1737 895 1789 διαπτύσσειν
929 1738 977 1790 δὲ
1009 1743 1199 1803 μᾶλλον
1236 1744 1409 1804 νοητῶς
1445 1738 1530 1804 τὴν
1569 1737 1755 1808 καρδίαν
1792 1738 1878 1805 τὴν

299 1817 453 1881 ἀπηνῆ
479 1819 554 1869 καὶ
578 1819 899 1885 πεπιλημένην
930 1824 992 1875 εἰς
1025 1819 1083 1885 ἣν
1119 1822 1144 1872 ὀ
1178 1824 1297 1875 θεῖος
1328 1822 1410 1873 οὐκ
1441 1821 1668 1873 εἰσδύεται
1705 1820 1873 1892 φόβος.
1899 1852 1947 1876 20
2003 1847 2004 1850 ¹

83 1905 241 1982 {ZCOIr-vi·
299 1899 569 1951 ἐπιστέλλει
599 1907 715 1967 γοῦν
755 1904 1018 1968 Κορινθίοις
1057 1904 1081 1954 ὃ
1121 1907 1316 1959 Παῦλος
1346 1911 1373 1933 “
1394 1905 1468 1956 Οὐ
1506 1909 1877 1972 στενοχωρεῖσθε

124 1974 132 1987 ’
173 1960 202 1991 3·
300 1988 327 2010 “
352 1983 400 2032 ἐν
433 1982 554 2046 ἡμῖν,
582 1989 952 2052 στενοχωρεῖσθε
982 1984 1031 2037 δὲ
1064 1987 1113 2036 ἐν
1142 1991 1237 2040 τοῖς
1262 1986 1562 2054 σπλάγχνοις
1588 1987 1728 2049 ὑμῶν.
1791 1986 1878 2052 τὴν

299 2069 327 2094 “
352 2063 400 2115 δὲ
434 2063 577 2130 αὐτὴν
621 2068 934 2130 ἀντιμισθίαν·
977 2070 1038 2122 ὡς
1071 2068 1244 2122 τέκνοις
1281 2068 1423 2134 λέγω·
1464 2069 1763 2134 πλατύνθητε
1800 2072 1877 2122 καὶ

298 2152 326 2175 “
352 2147 516 2210 ὑμεῖς.”
580 2147 671 2216 χρὴ
706 2148 762 2213 δὴ
794 2150 875 2200 οῦν
910 2150 1001 2217 ἄρα
1032 2151 1322 2218 κατευρύνειν
1352 2150 1437 2214 μὲν
1470 2150 1632 2219 ὥσπερ
1657 2155 1765 2222 Θεῷ
1789 2151 1876 2217 τὴν

302 2224 502 2298 καρδίαν,
541 2231 616 2280 καὶ
661 2234 909 2299 μονονουχὶ
950 2232 1306 2299 περιῤῥηγνύναι
1349 2232 1431 2284 τὸν
1469 2239 1589 2296 νοῦν,
1628 2232 1683 2284 ἵν’
1720 2235 1870 2286 εἰσδέ-
1895 2253 1943 2292 25
1997 2264 2007 2306 s

299 2310 433 2379 ξαιτο
466 2309 520 2362 τὸ
554 2312 710 2363 αὐτοῦ.
764 2312 818 2364 τὸ
843 2312 1008 2380 γάρτοι
1033 2314 1330 2366 πλάττεσθαι
1357 2314 1529 2379 λύπην,
1557 2318 1875 2384 καταῤῥηγνυ-

255 2403 282 2443 d
299 2392 449 2458 με’νων
473 2394 663 2463 ἀμφίων
696 2398 793 2464 εἰκῇ
828 2397 902 2447 καὶ
934 2396 1105 2461 μάτην,
1136 2396 1342 2462 ὀνήσειεν
1368 2396 1426 2448 ἂν
1449 2396 1581 2449 οὐδὲν
1606 2397 1711 2452 τοὺς
1735 2405 1873 2451 τοῦτο

347 2584 378 2607 2.
406 2573 503 2608 Haec
532 2575 550 2607 ὁ
578 2574 738 2618 μακάριος
766 2582 946 2621 assumpta
970 2588 1011 2610 ex
1040 2575 1083 2610 B.
1134 2576 1259 2611 Statim
1285 2578 1412 2623 γράφει
1437 2579 1567 2614 παῦλος
1590 2577 1657 2612 hoc
1682 2579 1802 2614 ordine
1828 2580 1871 2616 B.

297 2631 330 2664 3.
355 2620 624 2667 ἀμεταμέλητον]
647 2621 703 2655 Sic
721 2623 865 2656 correxi.
880 2623 1174 2668 ἀναμεταμέλητον
1187 2623 1276 2668 (Sic)
1292 2624 1383 2658 Edd.
1479 2634 1512 2669 5.
1531 2627 1588 2659 νῦν
1603 2627 1746 2660 accessit
1766 2638 1806 2660 ex
1826 2627 1870 2663 B.

302 2677 354 2700 10.
380 2666 573 2713 ἀνατρέπει]
594 2672 630 2708 -Ι-
647 2669 706 2712 τὴν
722 2668 782 2703 iid.
1021 2681 1074 2704 11.
1100 2671 1151 2704 καὶ
1169 2672 1396 2715 λελυττηκότα
1412 2672 1465 2705 καὶ
1481 2672 1708 2719 ἀγριαίνοντα]
1726 2673 1870 2718 ἀγριαίν.

299 2714 352 2746 καὶ
367 2716 545 2758 λελυττηκ.
563 2714 622 2748 iid.
794 2727 847 2750 12.
873 2717 931 2750 τὸν
948 2716 1038 2751 θεῖον
1056 2717 1127 2751 καθ’
1146 2717 1236 2761 ἡμῶν
1253 2724 1286 2751 et
1302 2720 1399 2763 χεῖρα
1416 2720 1475 2752 τοῦ
1492 2733 1610 2753 καταπ.
1628 2719 1698 2754 inv.
1716 2720 1792 2754 ord.
1809 2720 1870 2755 iid.

302 2770 355 2803 13.
381 2761 526 2796 εὐκόλως
544 2761 782 2806 συστέλλομεν
798 2775 861 2808 pro
878 2765 1113 2808 συστελοῦμεν
1129 2764 1275 2799 εὐκόλως
1292 2764 1350 2798 iid.
1546 2776 1600 2808 14.
1619 2768 1705 2800 Θεοῦ
1724 2780 1870 2802 κατοικτ.

299 2804 365 2840 hoc
381 2807 501 2841 ordine
521 2808 561 2841 B.
766 2820 818 2855 17.
843 2811 934 2855 παρὰ
952 2813 1039 2844 Θεοῦ
1055 2814 1121 2845 τῶν
1138 2810 1373 2856 ἡμαρτημένων
1389 2811 1609 2857 κερδανοῦμεν
1625 2812 1694 2847 inv.
1713 2813 1788 2847 ord.
1809 2813 1869 2848 iid.

302 2852 355 2886 18.
381 2853 445 2897 ἄρα
461 2865 530 2887 om.
551 2854 593 2888 B.
867 2867 923 2892 21.
948 2857 1047 2903 γοῦν]
1067 2857 1124 2892 οὖν
1141 2857 1233 2892 Edd.
1510 2870 1566 2893 22.
1592 2858 1698 2904 ὑμῶν]
1718 2859 1808 2903 ἡμῶν
1824 2860 1867 2894 Β.

300 2908 356 2940 24.
382 2899 421 2943 δὴ
439 2906 657 2945 assumptum
675 2914 716 2936 ex
736 2902 777 2936 B.
1082 2913 1137 2950 25.
1163 2903 1420 2951 περιῤῥηγνὺναι
1436 2906 1495 2939 τὸν
1510 2908 1587 2940 νοῦν
1603 2905 1669 2940 hoc
1686 2906 1806 2941 ordine
1823 2906 1867 2942 B.

300 2944 356 2979 26.
382 2947 539 2991 τογάρτοι
558 2947 649 2982 Edd.
667 2949 837 2994 τοιγάρτοι
854 2961 872 2984 e
890 2961 954 2985 suo
973 2949 1106 2996 Migne.
1296 2960 1351 2997 27.
1376 2952 1512 2999 ἇμφίων
1528 2964 1598 2988 om.
1616 2952 1708 2987 Aub.
