2021 3434
310 220 393 260 692
702 218 753 259 Β.
798 217 1074 260 CYRILLI
1112 218 1498 260 ALEXANDR.
1706 217 1762 257 vi.
1790 229 1824 266 1,
1849 226 1888 256 2.

308 330 544 382 Ἰουδαίων
569 330 896 394 ἀναισθησίας,
921 334 959 381 εὶ
996 332 1070 381 καὶ
1103 329 1267 385 αὐτοὺς
1302 331 1410 396 παρ’
1440 328 1572 381 οὐδὲν
1597 327 1704 383 τοὺς
1741 328 1890 380 θείους

309 417 515 465 ποιοῖντο
549 411 738 478 λόγους,
767 412 898 478 οἵπερ
934 410 991 463 ἂν
1016 412 1225 478 γένοιντο
1250 411 1411 479 πράως
1437 435 1486 463 τε
1517 413 1592 463 καὶ
1622 411 1890 479 ὑφειμένως,

311 497 387 546 καὶ
421 496 483 548 ὡς
517 495 566 544 ἐκ
600 494 778 561 πατρὸς
802 494 921 560 πρὸς
955 493 1091 546 τέκνα
1124 494 1178 546 τὸ
1216 498 1298 559 τῆς
1332 492 1519 561 ἀγάπης
1545 493 1744 560 γνήσιον
1770 493 1886 542 ὑπο-

311 577 572 647 φαίνοντος,
600 578 676 627 καὶ
714 576 1086 645 ἀπροφάσιστον
1123 578 1277 631 αὐτοῖς
1316 579 1661 629 ἀποτελοῦντος
1695 573 1749 625 τὸ
1787 571 1893 642 ἐξή-

312 683 424 711 νιον.
489 659 592 713 ε”θος
638 657 687 709 δὲ
730 662 796 728 τῷ
841 658 1096 728 φιλαγάθῳ
1142 662 1250 729 Θεῷ
1290 658 1630 726 προαγορεύσει
1673 655 1757 720 μὲν
1800 659 1936 710 τῶν5
1997 650 1999 654 ⁴

311 746 471 793 δεινῶν
504 744 896 807 προεκδειματοῦν
930 741 1034 792 ἔσθ’
1071 741 1146 792 ὅτε
1184 740 1291 796 τοὺς
1330 739 1669 807 ἡμαρτηκότας·
1712 739 1765 789 οὐ
1803 736 1896 802 μὴν

274 826 391 875 θέἇν
432 823 762 888 ἀμαλθάκτους
799 828 874 875 καὶ
917 825 1106 888 ἀπηνεῖς
1147 826 1209 877 ὡς
1248 821 1591 889 ἀπεγνωκότας,
1630 820 1741 873 ἀλλ’
1780 821 1896 884 ὁμοῦ

312 911 409 960 τοῖς
447 905 789 971 συμβήσεσθαι
828 905 1064 969 μέλλουσι
1095 904 1178 957 τὸν
1212 909 1294 970 τῆς
1323 904 1669 972 παρακλήσεως
1693 901 1898 966 εἰσκομί-

313 987 402 1055 ζειν
429 989 591 1055 λόγον,
619 990 695 1039 καὶ
721 988 868 1039 τόπον
894 987 1060 1055 ὥσπερ
1095 989 1250 1043 αὐτοῖς
1283 993 1365 1039 τοῦ
1405 987 1645 1052 διαδράναι
1669 990 1835 1053 τηρεῖν,
1862 988 1899 1035 εἰ

312 1073 646 1137 παλινδρομεῖν
684 1069 867 1122 ἕλοιντο
904 1070 1023 1136 πρὸς
1060 1070 1374 1136 μετάγνωσιν.
1441 1069 1579 1120 τοῦτό
1613 1091 1686 1119 τοι
1716 1069 1793 1119 καὶ
1818 1072 1900 1118 νῦν
1921 1085 1969 1112 10
1995 1074 2001 1089 ‘

314 1154 371 1222 ἐξ
400 1152 611 1221 ἐμφύτου
646 1152 793 1204 πάλιν
819 1152 1055 1220 ἐργάζεται
1094 1151 1432 1218 γαληνότητος.
1490 1150 1716 1202 οὶκούσοιτε
1745 1150 1901 1200 τοίνυν

316 1239 466 1305 φησιν
495 1235 582 1286 ὅσοι
614 1242 632 1287 ὁ
662 1236 812 1305 Κύριος
845 1234 956 1287 εἷπε.
1023 1235 1071 1286 τί
1099 1235 1154 1285 δέ
1182 1257 1259 1298 μοι
1284 1233 1634 1301 προστέταχενς
1675 1230 1901 1293 Ἀνάστηθι

319 1323 397 1370 noc.)
428 1316 581 1388 κριθητι
609 1318 715 1387 προς
745 1317 804 1368 τοι
837 1319 921 1384 ὅρη,
953 1321 1032 1369 κα.)
1060 1318 1386 1369 οὶκουσοίτωσοιν
1415 1323 1447 1367 οἱ
1472 1319 1610 1377 βουνοὶ
1638 1314 1781 1385 φωνῆς
1805 1338 1898 1366 σου.

95 1421 149 1452 Es.
163 1420 183 1451 i.
205 1430 233 1450 2.
317 1400 432 1451 ἔοικε
470 1398 555 1464 μὲν
598 1401 680 1451 οὖν
721 1403 787 1469 τῷ
829 1401 905 1450 διὰ
943 1403 1104 1468 φωνῆς
1146 1398 1354 1450 Ἠσαίου
1399 1401 1475 1449 καὶ
1512 1403 1650 1450 τοῦτο
1689 1394 1903 1447 “”Ακουε
2005 1451 2011 1459 ,Ι

95 1510 181 1543 445
199 1507 249 1541 A.
277 1491 345 1540 a“
370 1482 546 1551 οὐρανέ,
574 1485 648 1534 καὶ
686 1482 897 1549 ἐνωτίζου
932 1486 1009 1549 γῆ,
1044 1483 1114 1534 ὅτι
1151 1482 1324 1549 Κύριος
1361 1480 1650 1546 ἐλάλησεν.”
1715 1480 1778 1549 ὅρη
1809 1477 1903 1545 γάρ
1928 1497 1972 1539 1'5

315 1590 408 1619 που
441 1565 498 1630 δὴ
535 1566 660 1634 τάχα
694 1568 769 1617 καὶ
803 1565 977 1626 βουνοὺς
1011 1564 1095 1620 τὰς
1138 1564 1306 1629 νοητὰς
1346 1562 1554 1629 ὀνομάζει
1593 1561 1821 1625 δυνάμεις,
1857 1560 1904 1612 αἳ

317 1647 422 1700 τόδε
455 1648 509 1700 τὸ
545 1648 743 1712 σύμπαν
776 1647 1051 1714 περιέπουσι
1090 1646 1208 1698 κατὰ
1246 1646 1484 1710 βούλησιν
1519 1648 1655 1706 Θεοῦ,
1690 1643 1773 1697 τὰς
1811 1647 1905 1694 τῶν

318 1729 550 1795 δαιμόνων
574 1730 849 1799 πλεονεξίας
877 1732 1210 1790 ἀποσοβοῦσαι
1233 1733 1328 1779 τῶν
1362 1730 1436 1780 ἐπὶ
1474 1730 1556 1792 τῆς
1587 1729 1687 1792 γῆς.
1751 1724 1904 1789 ἐπειδὴ

318 1813 367 1864 δὲ
416 1817 498 1878 τῆς
549 1819 632 1865 τοῦ
681 1816 806 1864 Θεοῦ
856 1811 1178 1879 γαληνότητος
1227 1810 1312 1876 τὴν
1362 1809 1632 1877 ὑπερβολὴν
1672 1809 1806 1860 αὗται
1849 1807 1906 1873 δὴ
2009 1874 2014 1881 q

316 1894 531 1960 μάλιστα
572 1898 646 1946 καὶ
687 1893 780 1962 πρό
819 1918 873 1961 γε
914 1899 1009 1945 τῶν
1047 1894 1212 1944 ἄλλων
1250 1893 1658 1960 ἐπιγινώσκουσιν,
1696 1891 1817 1957 ὅσην
1855 1914 1906 1942 τε
1925 1910 2013 1939 20

317 1983 412 2029 τῶν
451 1979 557 2030 καθ’
595 1978 716 2042 ἡμᾶς
756 1981 952 2028 ποιεῖται
996 1977 1224 2044 φροντίδα
1265 1976 1595 2039 μεμαθήκασιν
1634 1974 1692 2043 ἐξ
1725 1972 1789 2024 ὧν
1828 1976 1903 2025 ἐν·
1949 2027 1962 2036 q
1998 2033 2000 2038 Ι

317 2066 539 2127 εργοῦσιν
580 2064 641 2114 εἰς
681 2060 815 2124 ἡμᾶς,
854 2064 950 2113 τοῖς
988 2059 1096 2125 παρ’
1139 2059 1281 2109 αὑτοῦ
1319 2057 1588 2121 πειθόμεναι
1627 2055 1796 2119 νόμοις,
1836 2058 1904 2107 ἐπ’
1959 2047 1962 2050 ’

319 2145 474 2195 αὐτῶν
507 2142 795 2209 γενήσεσθαι
831 2145 924 2193 δεῖν
961 2140 1047 2205 τὴν
1084 2142 1217 2207 κρίσιν
1254 2138 1538 2191 ἐντέλλεται.
1607 2137 1723 2193 εἰκὸς
1762 2137 1810 2189 δὲ
1850 2136 1907 2203 δή

276 2233 304 2274 b
321 2249 366 2278 τι
391 2228 467 2277 καὶ
495 2226 650 2291 ἕτερον
684 2224 767 2276 τὸν
792 2222 1085 2294 προφητικὸν
1112 2224 1220 2287 ἡμῖν
1248 2222 1522 2291 ὑποφαίνειν
1547 2221 1711 2288 λόγον.
1753 2219 1907 2285 ἐπειδὴ
1990 2286 1991 2289 ¹

321 2307 416 2376 γὰρ
463 2310 527 2378 ὄρη
578 2330 627 2358 τε
679 2309 754 2358 καὶ
803 2305 978 2368 βουνοὺς
1030 2304 1478 2370 καταλαμβάνοντες
1529 2308 1571 2355 οἱ
1612 2304 1669 2373 ἐξ
1706 2302 1908 2370 Ἰσραὴλ
1926 2321 1971 2362 25

375 2541 404 2564 Ι.
431 2528 462 2563 οἳ
480 2530 559 2574 (pro
578 2528 622 2571 εἶ)
642 2553 650 2561 .
664 2554 672 2562 .
688 2554 696 2562 .
711 2554 718 2562 .
732 2527 907 2561 ἐποιοῦντο
925 2527 1019 2560 Aub.
1038 2528 1068 2560 οἱ
1088 2527 1168 2570 (Sic)
1184 2553 1191 2561 .
1206 2553 1213 2561 .
1231 2552 1238 2561 .
1253 2553 1260 2561 .
1273 2528 1423 2561 ποιοῖντο
1442 2526 1544 2560 Pont.
1736 2537 1767 2561 2.
1793 2525 1905 2571 οἵπερ]

325 2577 428 2622 οὗπερ
445 2576 489 2610 A.
632 2585 665 2619 3.
693 2574 728 2608 ἐκ
745 2580 969 2619 assumptum
988 2586 1029 2607 ex
1047 2574 1090 2607 A.
1234 2586 1267 2616 4.
1293 2574 1331 2607 τὸ
1349 2585 1420 2607 om.
1438 2573 1483 2607 A.
1625 2583 1659 2618 5.
1684 2573 1770 2607 ἕνεοι
1785 2573 1824 2607 δέ
1838 2588 1908 2609 πως

324 2625 400 2659 ἐστι
418 2635 480 2668 pro
497 2622 574 2657 ἔθος
592 2621 627 2655 δέ
646 2622 689 2655 A.
929 2632 961 2666 7.
988 2618 1239 2664 ἀμαλθάκτους]
1259 2620 1470 2664 ἀμαλάκτους
1489 2620 1532 2654 A.
1600 2620 1696 2654 Haec
1714 2620 1848 2663 ἀπηνεῖς
1865 2621 1908 2655 ὡς

325 2676 546 2705 accesserunt
563 2680 604 2702 ex
623 2668 668 2702 A.
920 2668 954 2702 8.
981 2668 1182 2710 εἷσκομίζειν
1198 2669 1303 2712 λόγον
1320 2668 1363 2701 A.
1383 2669 1512 2710 κόσμον
1527 2665 1621 2701 λύειν
1638 2666 1730 2701 Edd.
1747 2667 1908 2701 Vacuum

329 2729 370 2762 13
388 2717 457 2751 fere
474 2717 540 2750 litt.
558 2716 593 2749 in
614 2715 656 2749 B.
862 2726 895 2758 9.
921 2713 1042 2760 τόπον]
1062 2716 1165 2757 τόμον
1184 2714 1274 2748 Edd.
1294 2714 1410 2748 invitis
1429 2714 1519 2747 A.B.
1729 2725 1780 2748 10.
1806 2714 1909 2748 πάλιν

325 2765 417 2798 ε’λεῖν
435 2775 496 2808 pro
513 2762 754 2806 παλινδρομεῖν
764 2761 809 2796 Α.
858 2776 909 2795 τοι
921 2762 964 2795 Α.
983 2760 1040 2796 οὖν
1052 2761 1093 2796 Β.
1106 2760 1198 2794 Edd.
1249 2760 1374 2794 Statim
1388 2761 1441 2794 καὶ
1458 2763 1515 2795 νῦν
1528 2767 1748 2795 accesserunt
1762 2772 1802 2794 ex
1816 2760 1906 2794 Α.Β.

331 2823 343 2845 1
356 2823 384 2845 Ι.
410 2809 577 2844 ἀκούσατε
595 2815 627 2842 et
645 2809 754 2854 φησὶν
771 2820 841 2843 om.
859 2809 903 2843 A.
1117 2819 1170 2850 14.
1196 2808 1234 2841 τὸ
1251 2819 1315 2852 pro
1332 2810 1378 2853 τῷ
1396 2808 1439 2842 A.
1656 2817 1710 2850 15.
1735 2806 1905 2852 ε’νωτίζου]

332 2863 369 2898 —f—
390 2857 408 2901 ἡ
430 2857 518 2891 Edd.
537 2856 654 2890 invitis
671 2855 762 2890 Α.Β.
957 2855 1009 2889 16.
1036 2855 1075 2899 δὴ
1094 2860 1315 2899 assumptum
1333 2866 1374 2888 ex
1387 2855 1431 2888 A.
1590 2854 1643 2888 18.
1669 2855 1847 2898 δαιμονίων
1862 2853 1907 2887 A.

328 2905 383 2938 ἐπὶ
400 2916 463 2948 pro
482 2903 595 2947 ἐπειδὴ
614 2903 658 2937 A.
859 2913 912 2948 19.
938 2902 1035 2936 αὐταὶ
1052 2903 1096 2936 Α.
1147 2901 1273 2935 Statim
1291 2901 1375 2935 haec
1393 2901 1432 2944 δὴ
1449 2901 1599 2945 μάλιστα
1618 2901 1671 2935 καὶ
1688 2905 1907 2936 accesserunt

327 2963 369 2984 ex
387 2952 430 2984 A.
443 2950 477 2984 b.
669 2960 723 2983 21.
749 2948 894 2983 ἐποιεῖτο
914 2948 1005 2983 Edd.
1024 2948 1142 2982 invitis
1160 2948 1250 2982 A.B.
1263 2948 1297 2982 b.
1355 2948 1394 2991 ἐξ
1411 2949 1455 2981 ὧν
1472 2949 1579 2992 ἐνεργ.
1598 2959 1668 2982 om.
1686 2947 1732 2982 A.
1783 2947 1906 2981 Statim

328 2998 413 3040 πρὸς
430 3008 492 3041 pro
509 2996 555 3031 εἷς
572 2997 614 3030 Α.
921 3007 975 3029 22.
1001 2996 1193 3038 πειθόμεναι
1210 2996 1254 3029 Α.
1272 2994 1462 3038 πειθόμενοι
1481 2994 1572 3028 Edd.
1594 2994 1722 3029 desunt
1739 2993 1907 3029 nonnulla

328 3043 433 3079 verba
450 3055 484 3077 ln
503 3043 536 3077 b.
729 3053 783 3084 24.
810 3057 840 3076 τι
860 3043 911 3076 καὶ
930 3042 1044 3087 ἕτερον
1062 3042 1152 3077 Α.Β.
1171 3056 1243 3076 τινα
1261 3042 1313 3076 καὶ
1329 3040 1445 3086 ἕτερον
1461 3043 1538 3076 νοῦν
1556 3040 1648 3075 Edd.
