<?xml version="1.0" encoding="UTF-8"?>
<!DOCTYPE html PUBLIC "-//W3C//DTD XHTML 1.0 Transitional//EN"
    "http://www.w3.org/TR/xhtml1/DTD/xhtml1-transitional.dtd">
<html xmlns="http://www.w3.org/1999/xhtml" xml:lang="en" lang="en">
 <head>
  <title>
</title>
<meta http-equiv="Content-Type" content="text/html;charset=utf-8" />
  <meta name='ocr-system' content='tesseract 3.04.00' />
  <meta name='ocr-capabilities' content='ocr_page ocr_carea ocr_par ocr_line ocrx_word'/>
</head>
<body>
  <div class='ocr_page' id='page_1' title='image "./operacyrilli01cyriuoft/operacyrilli01cyriuoft_0441.png"; bbox 0 0 2021 3434; ppageno 0'>
   <div class='ocr_carea' id='block_1_1' title="bbox 90 196 1658 252">
    <p class='ocr_par' dir='ltr' id='par_1_1' title="bbox 90 196 1658 252">
     <span class='ocr_line' id='line_1_1' title="bbox 90 196 1658 252; baseline -0.001 -16"><span class='ocrx_word' id='word_1_1' title='bbox 90 197 247 252; x_wconf 80' lang='lat' dir='ltr'>ii.1-3.</span> <span class='ocrx_word' id='word_1_2' title='bbox 569 199 640 239; x_wconf 87' lang='lat' dir='ltr'>IN</span> <span class='ocrx_word' id='word_1_3' title='bbox 682 199 874 240; x_wconf 79' lang='lat' dir='ltr'><strong>AMOS.</strong></span> <span class='ocrx_word' id='word_1_4' title='bbox 935 198 1089 239; x_wconf 84' lang='lat' dir='ltr'><strong>TOM.</strong></span> <span class='ocrx_word' id='word_1_5' title='bbox 1132 198 1167 237; x_wconf 90' lang='lat'>1.</span> <span class='ocrx_word' id='word_1_6' title='bbox 1577 196 1658 236; x_wconf 86' lang='lat'>397</span> 
     </span>
    </p>
   </div>
   <div class='ocr_carea' id='block_1_2' title="bbox 153 318 1702 545">
    <p class='ocr_par' dir='ltr' id='par_1_2' title="bbox 153 318 1702 545">
     <span class='ocr_line' id='line_1_2' title="bbox 154 318 1701 379; baseline -0.004 -16"><span class='ocrx_word' id='word_1_7' title='bbox 154 324 236 377; x_wconf 84' lang='grc' dir='ltr'>Πῦρ</span> <span class='ocrx_word' id='word_1_8' title='bbox 272 321 342 362; x_wconf 57' lang='lat' dir='ltr'>&amp;nt</span> <span class='ocrx_word' id='word_1_9' title='bbox 375 321 528 373; x_wconf 77' lang='grc' dir='ltr'>Μωαβ,</span> <span class='ocrx_word' id='word_1_10' title='bbox 567 324 635 364; x_wconf 86' lang='grc' dir='ltr'><strong>καί</strong></span> <span class='ocrx_word' id='word_1_11' title='bbox 674 325 962 379; x_wconf 80' lang='grc' dir='ltr'>καταφάΓεται</span> <span class='ocrx_word' id='word_1_12' title='bbox 995 324 1167 371; x_wconf 75' lang='grc' dir='ltr'>θεμέλια</span> <span class='ocrx_word' id='word_1_13' title='bbox 1198 321 1283 362; x_wconf 79' lang='grc' dir='ltr'>τῶν</span> <span class='ocrx_word' id='word_1_14' title='bbox 1310 322 1479 362; x_wconf 82' lang='grc' dir='ltr'>Πόλεων</span> <span class='ocrx_word' id='word_1_15' title='bbox 1507 318 1660 368; x_wconf 79' lang='grc' dir='ltr'>αὐτῶν,</span> <span class='ocrx_word' id='word_1_16' title='bbox 1684 336 1701 358; x_wconf 89' lang='lat'>2</span> 
     </span>
     <span class='ocr_line' id='line_1_3' title="bbox 155 401 1660 465; baseline -0.002 -21"><span class='ocrx_word' id='word_1_17' title='bbox 155 405 223 445; x_wconf 80' lang='grc' dir='ltr'><strong>καί</strong></span> <span class='ocrx_word' id='word_1_18' title='bbox 261 403 538 447; x_wconf 80' lang='grc' dir='ltr'>ἀποθανεῖται</span> <span class='ocrx_word' id='word_1_19' title='bbox 575 406 620 448; x_wconf 81' lang='grc' dir='ltr'>ὲν</span> <span class='ocrx_word' id='word_1_20' title='bbox 658 407 867 465; x_wconf 77' lang='grc' dir='ltr'>ἀδυναμίᾳ</span> <span class='ocrx_word' id='word_1_21' title='bbox 897 406 1050 458; x_wconf 76' lang='grc' dir='ltr'><strong>Μωὰβ,</strong></span> <span class='ocrx_word' id='word_1_22' title='bbox 1088 407 1193 455; x_wconf 78' lang='grc' dir='ltr'>μετὰ</span> <span class='ocrx_word' id='word_1_23' title='bbox 1233 409 1412 461; x_wconf 61' lang='lat' dir='ltr'>xpum-fic</span> <span class='ocrx_word' id='word_1_24' title='bbox 1451 404 1520 444; x_wconf 79' lang='grc' dir='ltr'>καὶ</span> <span class='ocrx_word' id='word_1_25' title='bbox 1555 401 1660 451; x_wconf 82' lang='grc' dir='ltr'>μετὰ</span> 
     </span>
     <span class='ocr_line' id='line_1_4' title="bbox 153 484 1702 545; baseline -0.003 -17"><span class='ocrx_word' id='word_1_26' title='bbox 153 492 300 542; x_wconf 65' lang='grc' dir='ltr'>φωνῆς</span> <span class='ocrx_word' id='word_1_27' title='bbox 356 488 596 536; x_wconf 74' lang='grc' dir='ltr'>σάλΠιΠ-οο.</span> <span class='ocrx_word' id='word_1_28' title='bbox 663 491 731 530; x_wconf 77' lang='grc' dir='ltr'>καὶ</span> <span class='ocrx_word' id='word_1_29' title='bbox 778 491 1073 545; x_wconf 76' lang='grc' dir='ltr'>ὲΞολοΘρε-ύσω</span> <span class='ocrx_word' id='word_1_30' title='bbox 1123 488 1266 545; x_wconf 62' lang='grc' dir='ltr'>κριτιέιν</span> <span class='ocrx_word' id='word_1_31' title='bbox 1315 488 1359 529; x_wconf 73' lang='grc' dir='ltr'>ὲὲ</span> <span class='ocrx_word' id='word_1_32' title='bbox 1404 487 1545 536; x_wconf 72' lang='grc' dir='ltr'>αὐτιῗιο,</span> <span class='ocrx_word' id='word_1_33' title='bbox 1596 484 1702 524; x_wconf 78' lang='grc' dir='ltr'>καὶο</span> 
     </span>
    </p>
   </div>
   <div class='ocr_carea' id='block_1_3' title="bbox 152 570 1703 629">
    <p class='ocr_par' dir='ltr' id='par_1_3' title="bbox 152 570 1703 629">
     <span class='ocr_line' id='line_1_5' title="bbox 152 570 1703 629; baseline 0 -18"><span class='ocrx_word' id='word_1_34' title='bbox 152 571 312 611; x_wconf 70' lang='grc' dir='ltr'>Πάντας</span> <span class='ocrx_word' id='word_1_35' title='bbox 360 572 458 612; x_wconf 71' lang='grc' dir='ltr'>τοὺς</span> <span class='ocrx_word' id='word_1_36' title='bbox 507 573 714 629; x_wconf 71' lang='grc' dir='ltr'>ἄρχοντας</span> <span class='ocrx_word' id='word_1_37' title='bbox 763 573 894 614; x_wconf 61' lang='grc' dir='ltr'>αὐτῆς</span> <span class='ocrx_word' id='word_1_38' title='bbox 941 573 1168 614; x_wconf 78' lang='grc' dir='ltr'>ἀποκτενῶ</span> <span class='ocrx_word' id='word_1_39' title='bbox 1221 572 1304 620; x_wconf 78' lang='grc' dir='ltr'>μετ’</span> <span class='ocrx_word' id='word_1_40' title='bbox 1359 571 1502 620; x_wconf 57' lang='grc' dir='ltr'>αὐτῆς,</span> <span class='ocrx_word' id='word_1_41' title='bbox 1551 570 1703 616; x_wconf 78' lang='grc' dir='ltr'>λέΓει3</span> 
     </span>
    </p>
   </div>
   <div class='ocr_carea' id='block_1_4' title="bbox 48 652 315 710">
    <p class='ocr_par' dir='ltr' id='par_1_4' title="bbox 48 652 315 710">
     <span class='ocr_line' id='line_1_6' title="bbox 48 652 315 710; baseline 0.004 -17"><span class='ocrx_word' id='word_1_42' title='bbox 48 661 70 700; x_wconf 87' lang='lat'>5</span> <span class='ocrx_word' id='word_1_43' title='bbox 157 652 315 710; x_wconf 72' lang='grc' dir='ltr'>Κύριος.</span> 
     </span>
    </p>
   </div>
   <div class='ocr_carea' id='block_1_5' title="bbox 0 752 1871 3007">
    <p class='ocr_par' dir='ltr' id='par_1_5' title="bbox 88 752 1664 1070">
     <span class='ocr_line' id='line_1_7' title="bbox 162 752 1664 821; baseline -0.002 -16"><span class='ocrx_word' id='word_1_44' title='bbox 162 758 417 816; x_wconf 80' lang='grc' dir='ltr'>Μωαβῖται</span> <span class='ocrx_word' id='word_1_45' title='bbox 447 757 592 808; x_wconf 87' lang='grc' dir='ltr'>πάλιν</span> <span class='ocrx_word' id='word_1_46' title='bbox 619 756 1029 821; x_wconf 82' lang='grc' dir='ltr'>δεδυσσεβήκασιν</span> <span class='ocrx_word' id='word_1_47' title='bbox 1055 757 1107 807; x_wconf 80' lang='grc' dir='ltr'>οὐ</span> <span class='ocrx_word' id='word_1_48' title='bbox 1133 755 1341 820; x_wconf 77' lang='grc' dir='ltr'>μετρίως,</span> <span class='ocrx_word' id='word_1_49' title='bbox 1367 757 1428 807; x_wconf 86' lang='grc' dir='ltr'>ὡς</span> <span class='ocrx_word' id='word_1_50' title='bbox 1461 752 1664 804; x_wconf 76' lang='grc' dir='ltr'>ἐπέκεινα</span> 
     </span>
     <span class='ocr_line' id='line_1_8' title="bbox 89 834 1663 903; baseline -0.003 -15"><span class='ocrx_word' id='word_1_51' title='bbox 89 836 254 888; x_wconf 82' lang='grc' dir='ltr'>λοιπὸν</span> <span class='ocrx_word' id='word_1_52' title='bbox 292 839 367 888; x_wconf 86' lang='grc' dir='ltr'>καὶ</span> <span class='ocrx_word' id='word_1_53' title='bbox 409 837 572 891; x_wconf 74' lang='grc' dir='ltr'>αὐτοὺς</span> <span class='ocrx_word' id='word_1_54' title='bbox 615 839 786 889; x_wconf 85' lang='grc' dir='ltr'>ἐλάσαι</span> <span class='ocrx_word' id='word_1_55' title='bbox 825 842 907 903; x_wconf 82' lang='grc' dir='ltr'>τῆς</span> <span class='ocrx_word' id='word_1_56' title='bbox 951 837 1144 901; x_wconf 79' lang='grc' dir='ltr'>ἐνούσης</span> <span class='ocrx_word' id='word_1_57' title='bbox 1185 834 1463 902; x_wconf 77' lang='grc' dir='ltr'>ἡμερότητος</span> <span class='ocrx_word' id='word_1_58' title='bbox 1501 857 1550 883; x_wconf 90' lang='grc' dir='ltr'>τε</span> <span class='ocrx_word' id='word_1_59' title='bbox 1589 835 1663 883; x_wconf 82' lang='grc' dir='ltr'>καὶ</span> 
     </span>
     <span class='ocr_line' id='line_1_9' title="bbox 88 916 1664 990; baseline 0 -21"><span class='ocrx_word' id='word_1_60' title='bbox 88 918 376 987; x_wconf 75' lang='grc' dir='ltr'>ἀνεξικακίας</span> <span class='ocrx_word' id='word_1_61' title='bbox 407 924 472 989; x_wconf 76' lang='grc' dir='ltr'>τῷ</span> <span class='ocrx_word' id='word_1_62' title='bbox 505 924 598 971; x_wconf 82' lang='grc' dir='ltr'>τῶν</span> <span class='ocrx_word' id='word_1_63' title='bbox 636 920 762 972; x_wconf 80' lang='grc' dir='ltr'>ὅλων</span> <span class='ocrx_word' id='word_1_64' title='bbox 801 924 920 990; x_wconf 70' lang='grc' dir='ltr'>Θεῷ.</span> <span class='ocrx_word' id='word_1_65' title='bbox 985 920 1224 983; x_wconf 84' lang='grc' dir='ltr'>ἐπίκλημα</span> <span class='ocrx_word' id='word_1_66' title='bbox 1262 918 1310 969; x_wconf 81' lang='grc' dir='ltr'>δὲ</span> <span class='ocrx_word' id='word_1_67' title='bbox 1348 918 1502 970; x_wconf 82' lang='grc' dir='ltr'>αὐτοῖς</span> <span class='ocrx_word' id='word_1_68' title='bbox 1539 916 1566 979; x_wconf 83' lang='grc' dir='ltr'>ἡ</span> <span class='ocrx_word' id='word_1_69' title='bbox 1603 920 1664 969; x_wconf 79' lang='grc' dir='ltr'>εἷς</span> 
     </span>
     <span class='ocr_line' id='line_1_10' title="bbox 89 995 1664 1070; baseline -0.004 -17"><span class='ocrx_word' id='word_1_70' title='bbox 89 1001 246 1066; x_wconf 86' lang='grc' dir='ltr'>νεκρὸν</span> <span class='ocrx_word' id='word_1_71' title='bbox 277 1002 494 1067; x_wconf 81' lang='grc' dir='ltr'>ἁμαρτία·</span> <span class='ocrx_word' id='word_1_72' title='bbox 536 1002 589 1053; x_wconf 84' lang='grc' dir='ltr'>τὸ</span> <span class='ocrx_word' id='word_1_73' title='bbox 628 1003 871 1069; x_wconf 84' lang='grc' dir='ltr'>ἐμπρῆσαί</span> <span class='ocrx_word' id='word_1_74' title='bbox 905 1005 1026 1070; x_wconf 88' lang='grc' dir='ltr'>φημι</span> <span class='ocrx_word' id='word_1_75' title='bbox 1061 1000 1121 1052; x_wconf 69' lang='grc' dir='ltr'>τέι</span> <span class='ocrx_word' id='word_1_76' title='bbox 1162 1002 1274 1052; x_wconf 70' lang='grc' dir='ltr'><em>60-τᾶ</em></span> <span class='ocrx_word' id='word_1_77' title='bbox 1313 1005 1396 1050; x_wconf 86' lang='grc' dir='ltr'>τοῦ</span> <span class='ocrx_word' id='word_1_78' title='bbox 1433 995 1664 1060; x_wconf 70' lang='grc' dir='ltr'>βασιλέως</span> 
     </span>
    </p>

    <p class='ocr_par' dir='ltr' id='par_1_6' title="bbox 26 1077 1708 1483">
     <span class='ocr_line' id='line_1_11' title="bbox 26 1077 1665 1152; baseline -0.004 -16"><span class='ocrx_word' id='word_1_79' title='bbox 26 1112 71 1138; x_wconf 83' lang='grc' dir='ltr'>ιο</span> <span class='ocrx_word' id='word_1_80' title='bbox 88 1083 159 1144; x_wconf 57' lang='grc' dir='ltr'>τῆς</span> <span class='ocrx_word' id='word_1_81' title='bbox 184 1080 457 1152; x_wconf 54' lang='grc' dir='ltr'>Ἰδουμαίοις·</span> <span class='ocrx_word' id='word_1_82' title='bbox 496 1085 735 1151; x_wconf 82' lang='grc' dir='ltr'>ἐμπρῆσαι</span> <span class='ocrx_word' id='word_1_83' title='bbox 774 1084 821 1135; x_wconf 78' lang='grc' dir='ltr'>δὲ</span> <span class='ocrx_word' id='word_1_84' title='bbox 860 1085 1018 1146; x_wconf 81' lang='grc' dir='ltr'>οὕτως,</span> <span class='ocrx_word' id='word_1_85' title='bbox 1045 1086 1106 1136; x_wconf 85' lang='grc' dir='ltr'>ὡς</span> <span class='ocrx_word' id='word_1_86' title='bbox 1145 1086 1471 1150; x_wconf 83' lang='grc' dir='ltr'>κατισχνῶσαι</span> <span class='ocrx_word' id='word_1_87' title='bbox 1496 1077 1665 1131; x_wconf 78' lang='grc' dir='ltr'>λοιπὸν</span> 
     </span>
     <span class='ocr_line' id='line_1_12' title="bbox 89 1164 1708 1233; baseline -0.006 -16"><span class='ocrx_word' id='word_1_88' title='bbox 89 1170 148 1221; x_wconf 80' lang='grc' dir='ltr'>εἰς</span> <span class='ocrx_word' id='word_1_89' title='bbox 181 1171 295 1233; x_wconf 84' lang='grc' dir='ltr'>χοῦν</span> <span class='ocrx_word' id='word_1_90' title='bbox 321 1167 395 1216; x_wconf 78' lang='grc' dir='ltr'>καὶ</span> <span class='ocrx_word' id='word_1_91' title='bbox 424 1168 576 1218; x_wconf 68' lang='grc' dir='ltr'>κονίαν.</span> <span class='ocrx_word' id='word_1_92' title='bbox 640 1167 689 1217; x_wconf 86' lang='grc' dir='ltr'>τί</span> <span class='ocrx_word' id='word_1_93' title='bbox 709 1168 863 1217; x_wconf 87' lang='grc' dir='ltr'>τοίνυν</span> <span class='ocrx_word' id='word_1_94' title='bbox 885 1164 939 1217; x_wconf 82' lang='grc' dir='ltr'>τὸ</span> <span class='ocrx_word' id='word_1_95' title='bbox 966 1165 1210 1231; x_wconf 74' lang='grc' dir='ltr'>ε”γκλημα;</span> <span class='ocrx_word' id='word_1_96' title='bbox 1250 1170 1389 1227; x_wconf 85' lang='grc' dir='ltr'>μῖσος</span> <span class='ocrx_word' id='word_1_97' title='bbox 1416 1164 1491 1214; x_wconf 83' lang='grc' dir='ltr'>καὶ</span> <span class='ocrx_word' id='word_1_98' title='bbox 1517 1164 1664 1213; x_wconf 85' lang='grc' dir='ltr'>ἀπαν-</span> <span class='ocrx_word' id='word_1_99' title='bbox 1681 1168 1708 1208; x_wconf 90' lang='lat' dir='ltr'><strong>d</strong></span> 
     </span>
     <span class='ocr_line' id='line_1_13' title="bbox 89 1244 1660 1316; baseline -0.003 -17"><span class='ocrx_word' id='word_1_100' title='bbox 89 1247 270 1314; x_wconf 87' lang='grc' dir='ltr'>θρωπία</span> <span class='ocrx_word' id='word_1_101' title='bbox 301 1250 376 1298; x_wconf 85' lang='grc' dir='ltr'>καὶ</span> <span class='ocrx_word' id='word_1_102' title='bbox 409 1248 631 1315; x_wconf 81' lang='grc' dir='ltr'>ἀχάλινος</span> <span class='ocrx_word' id='word_1_103' title='bbox 669 1248 887 1314; x_wconf 80' lang='grc' dir='ltr'>ἀγριότης</span> <span class='ocrx_word' id='word_1_104' title='bbox 925 1246 1044 1298; x_wconf 79' lang='grc' dir='ltr'>κατὰ</span> <span class='ocrx_word' id='word_1_105' title='bbox 1081 1251 1174 1298; x_wconf 80' lang='grc' dir='ltr'>τῶν</span> <span class='ocrx_word' id='word_1_106' title='bbox 1209 1247 1266 1316; x_wconf 76' lang='grc' dir='ltr'>ἐξ</span> <span class='ocrx_word' id='word_1_107' title='bbox 1296 1244 1512 1313; x_wconf 87' lang='grc' dir='ltr'>Ἰσραήλ.</span> <span class='ocrx_word' id='word_1_108' title='bbox 1576 1245 1660 1308; x_wconf 89' lang='grc' dir='ltr'>ἐμ-</span> 
     </span>
     <span class='ocr_line' id='line_1_14' title="bbox 88 1325 1665 1397; baseline -0.003 -16"><span class='ocrx_word' id='word_1_109' title='bbox 88 1332 357 1395; x_wconf 85' lang='grc' dir='ltr'>πεπρῆσθαι</span> <span class='ocrx_word' id='word_1_110' title='bbox 387 1328 480 1395; x_wconf 81' lang='grc' dir='ltr'>γάρ</span> <span class='ocrx_word' id='word_1_111' title='bbox 515 1331 601 1397; x_wconf 83' lang='grc' dir='ltr'>οὐχ</span> <span class='ocrx_word' id='word_1_112' title='bbox 631 1330 786 1397; x_wconf 78' lang='grc' dir='ltr'>ἑτέρου</span> <span class='ocrx_word' id='word_1_113' title='bbox 811 1353 893 1380; x_wconf 90' lang='grc' dir='ltr'>του</span> <span class='ocrx_word' id='word_1_114' title='bbox 918 1328 1055 1397; x_wconf 85' lang='grc' dir='ltr'>χάριν</span> <span class='ocrx_word' id='word_1_115' title='bbox 1081 1328 1142 1380; x_wconf 55' lang='lat' dir='ltr'>v&amp;</span> <span class='ocrx_word' id='word_1_116' title='bbox 1167 1334 1249 1379; x_wconf 87' lang='grc' dir='ltr'>τοῦ</span> <span class='ocrx_word' id='word_1_117' title='bbox 1274 1325 1665 1392; x_wconf 83' lang='grc' dir='ltr'>μνημονευθέντος</span> 
     </span>
     <span class='ocr_line' id='line_1_15' title="bbox 88 1411 1662 1483; baseline -0.003 -18"><span class='ocrx_word' id='word_1_118' title='bbox 88 1413 325 1475; x_wconf 84' lang='grc' dir='ltr'>βασιλέως</span> <span class='ocrx_word' id='word_1_119' title='bbox 356 1417 466 1466; x_wconf 54' lang='lat' dir='ltr'>&amp;cm-0⁸0</span> <span class='ocrx_word' id='word_1_120' title='bbox 500 1415 616 1483; x_wconf 89' lang='grc' dir='ltr'>φαίη</span> <span class='ocrx_word' id='word_1_121' title='bbox 642 1437 710 1468; x_wconf 92' lang='grc' dir='ltr'>τις</span> <span class='ocrx_word' id='word_1_122' title='bbox 745 1413 818 1473; x_wconf 79' lang='grc' dir='ltr'>ἂν,</span> <span class='ocrx_word' id='word_1_123' title='bbox 846 1413 875 1480; x_wconf 78' lang='grc' dir='ltr'>ἢ</span> <span class='ocrx_word' id='word_1_124' title='bbox 912 1414 982 1465; x_wconf 80' lang='grc' dir='ltr'>ὅτι</span> <span class='ocrx_word' id='word_1_125' title='bbox 1016 1413 1172 1478; x_wconf 88' lang='grc' dir='ltr'>μόνων</span> <span class='ocrx_word' id='word_1_126' title='bbox 1206 1413 1336 1464; x_wconf 77' lang='grc' dir='ltr'>ἕνεκα</span> <span class='ocrx_word' id='word_1_127' title='bbox 1367 1417 1460 1464; x_wconf 85' lang='grc' dir='ltr'>τῶν</span> <span class='ocrx_word' id='word_1_128' title='bbox 1487 1411 1544 1480; x_wconf 76' lang='grc' dir='ltr'>ἐξ</span> <span class='ocrx_word' id='word_1_129' title='bbox 1564 1411 1662 1460; x_wconf 91' lang='grc' dir='ltr'>Ἰσ-</span> 
     </span>
    </p>

    <p class='ocr_par' dir='ltr' id='par_1_7' title="bbox 27 1491 1663 1642">
     <span class='ocr_line' id='line_1_16' title="bbox 27 1491 1663 1565; baseline -0.002 -18"><span class='ocrx_word' id='word_1_130' title='bbox 27 1526 71 1565; x_wconf 88' lang='lat'>15</span> <span class='ocrx_word' id='word_1_131' title='bbox 89 1495 225 1563; x_wconf 89' lang='grc' dir='ltr'>ραήλ.</span> <span class='ocrx_word' id='word_1_132' title='bbox 294 1499 430 1565; x_wconf 83' lang='grc' dir='ltr'>σαφῆ</span> <span class='ocrx_word' id='word_1_133' title='bbox 469 1496 517 1547; x_wconf 81' lang='grc' dir='ltr'>δὲ</span> <span class='ocrx_word' id='word_1_134' title='bbox 555 1497 704 1547; x_wconf 77' lang='grc' dir='ltr'>οὖσαν</span> <span class='ocrx_word' id='word_1_135' title='bbox 740 1496 825 1561; x_wconf 90' lang='grc' dir='ltr'>τὴν</span> <span class='ocrx_word' id='word_1_136' title='bbox 864 1496 1075 1563; x_wconf 81' lang='grc' dir='ltr'>ἱστορίαν</span> <span class='ocrx_word' id='word_1_137' title='bbox 1114 1494 1188 1546; x_wconf 79' lang='grc' dir='ltr'>διὰ</span> <span class='ocrx_word' id='word_1_138' title='bbox 1221 1494 1437 1562; x_wconf 79' lang='grc' dir='ltr'>βραχέων</span> <span class='ocrx_word' id='word_1_139' title='bbox 1475 1491 1663 1562; x_wconf 85' lang='grc' dir='ltr'>ἀφηγή-</span> 
     </span>
     <span class='ocr_line' id='line_1_17' title="bbox 90 1600 249 1642; baseline 0 -13"><span class='ocrx_word' id='word_1_140' title='bbox 90 1600 249 1642; x_wconf 90' lang='grc' dir='ltr'>σομαι.</span> 
     </span>
    </p>

    <p class='ocr_par' dir='ltr' id='par_1_8' title="bbox 91 1657 1871 1811">
     <span class='ocr_line' id='line_1_18' title="bbox 161 1657 1871 1734; baseline -0.003 -22"><span class='ocrx_word' id='word_1_141' title='bbox 161 1659 246 1712; x_wconf 90' lang='grc' dir='ltr'>Ἐν</span> <span class='ocrx_word' id='word_1_142' title='bbox 275 1665 333 1728; x_wconf 85' lang='grc' dir='ltr'>τῇ</span> <span class='ocrx_word' id='word_1_143' title='bbox 364 1660 559 1729; x_wconf 83' lang='grc' dir='ltr'>τετάρτῃ</span> <span class='ocrx_word' id='word_1_144' title='bbox 592 1661 852 1727; x_wconf 79' lang='grc' dir='ltr'>γέγραπται</span> <span class='ocrx_word' id='word_1_145' title='bbox 885 1665 978 1711; x_wconf 80' lang='grc' dir='ltr'>τῶν</span> <span class='ocrx_word' id='word_1_146' title='bbox 1009 1664 1268 1722; x_wconf 82' lang='grc' dir='ltr'>βασιλειῶν</span> <span class='ocrx_word' id='word_1_147' title='bbox 1301 1666 1328 1688; x_wconf 84' lang='lat'><strong>“</strong></span> <span class='ocrx_word' id='word_1_148' title='bbox 1351 1660 1444 1710; x_wconf 77' lang='grc' dir='ltr'>Καὶ</span> <span class='ocrx_word' id='word_1_149' title='bbox 1483 1657 1663 1722; x_wconf 79' lang='grc' dir='ltr'>ἐγένετο</span> <span class='ocrx_word' id='word_1_150' title='bbox 1722 1658 1871 1734; x_wconf 43' lang='lat' dir='ltr'>{ER-egio</span> 
     </span>
     <span class='ocr_line' id='line_1_19' title="bbox 91 1719 1803 1811; baseline -0.005 -17"><span class='ocrx_word' id='word_1_151' title='bbox 91 1748 118 1773; x_wconf 76' lang='lat'>‘⁶</span> <span class='ocrx_word' id='word_1_152' title='bbox 139 1742 256 1807; x_wconf 79' lang='grc' dir='ltr'>μετὰ</span> <span class='ocrx_word' id='word_1_153' title='bbox 285 1743 338 1794; x_wconf 81' lang='grc' dir='ltr'>τὸ</span> <span class='ocrx_word' id='word_1_154' title='bbox 369 1744 618 1794; x_wconf 81' lang='grc' dir='ltr'>ἀποθανεῖν</span> <span class='ocrx_word' id='word_1_155' title='bbox 655 1742 847 1811; x_wconf 79' lang='grc' dir='ltr'>Ἀχαὰβ</span> <span class='ocrx_word' id='word_1_156' title='bbox 885 1745 958 1794; x_wconf 80' lang='grc' dir='ltr'>καὶ</span> <span class='ocrx_word' id='word_1_157' title='bbox 998 1742 1195 1807; x_wconf 81' lang='grc' dir='ltr'>ἠθέτησε</span> <span class='ocrx_word' id='word_1_158' title='bbox 1233 1740 1460 1804; x_wconf 75' lang='grc' dir='ltr'>βασιλεὺς</span> <span class='ocrx_word' id='word_1_159' title='bbox 1500 1739 1663 1801; x_wconf 79' lang='grc' dir='ltr'>Μωάβ</span> <span class='ocrx_word' id='word_1_160' title='bbox 1680 1760 1701 1786; x_wconf 86' lang='lat' dir='ltr'>e</span> <span class='ocrx_word' id='word_1_161' title='bbox 1787 1719 1803 1742; x_wconf 51' lang='grc' dir='ltr'><strong><em>ὓ</em></strong></span> 
     </span>
    </p>

    <p class='ocr_par' dir='ltr' id='par_1_9' title="bbox 0 1821 1662 1894">
     <span class='ocr_line' id='line_1_20' title="bbox 0 1821 1662 1894; baseline -0.002 -19"><span class='ocrx_word' id='word_1_162' title='bbox 0 1852 1 1875; x_wconf 61' lang='grc' dir='ltr'>ι</span> <span class='ocrx_word' id='word_1_163' title='bbox 92 1831 118 1855; x_wconf 87' lang='grc'><strong>“</strong></span> <span class='ocrx_word' id='word_1_164' title='bbox 143 1826 191 1876; x_wconf 87' lang='grc' dir='ltr'>ἐν</span> <span class='ocrx_word' id='word_1_165' title='bbox 219 1830 417 1887; x_wconf 83' lang='grc' dir='ltr'>βασιλεῖ</span> <span class='ocrx_word' id='word_1_166' title='bbox 435 1824 651 1892; x_wconf 89' lang='grc' dir='ltr'>Ἰσραήλ.</span> <span class='ocrx_word' id='word_1_167' title='bbox 705 1828 779 1876; x_wconf 82' lang='grc' dir='ltr'>καὶ</span> <span class='ocrx_word' id='word_1_168' title='bbox 803 1825 1001 1894; x_wconf 76' lang='grc' dir='ltr'>ἐξῆλθεν</span> <span class='ocrx_word' id='word_1_169' title='bbox 1028 1825 1052 1875; x_wconf 85' lang='grc' dir='ltr'>ὁ</span> <span class='ocrx_word' id='word_1_170' title='bbox 1079 1823 1308 1884; x_wconf 74' lang='grc' dir='ltr'>βασιλεὺς</span> <span class='ocrx_word' id='word_1_171' title='bbox 1326 1821 1502 1889; x_wconf 77' lang='grc' dir='ltr'>Ἰωρὰμ</span> <span class='ocrx_word' id='word_1_172' title='bbox 1526 1823 1574 1872; x_wconf 85' lang='grc' dir='ltr'>ἐν</span> <span class='ocrx_word' id='word_1_173' title='bbox 1605 1825 1662 1890; x_wconf 83' lang='grc' dir='ltr'>τῇ</span> 
     </span>
    </p>

    <p class='ocr_par' dir='ltr' id='par_1_10' title="bbox 0 1902 1663 1987">
     <span class='ocr_line' id='line_1_21' title="bbox 0 1902 1663 1987; baseline -0.002 -30"><span class='ocrx_word' id='word_1_174' title='bbox 0 1909 120 1987; x_wconf 50' lang='grc' dir='ltr'>Ιεοίί</span> <span class='ocrx_word' id='word_1_175' title='bbox 144 1907 290 1977; x_wconf 75' lang='grc' dir='ltr'>ἡμέρα</span> <span class='ocrx_word' id='word_1_176' title='bbox 327 1908 471 1976; x_wconf 86' lang='grc' dir='ltr'>ἐκείνῃ</span> <span class='ocrx_word' id='word_1_177' title='bbox 509 1909 558 1958; x_wconf 87' lang='grc' dir='ltr'>ἐκ</span> <span class='ocrx_word' id='word_1_178' title='bbox 596 1908 860 1973; x_wconf 76' lang='grc' dir='ltr'>Σαμαρείας</span> <span class='ocrx_word' id='word_1_179' title='bbox 898 1909 972 1958; x_wconf 83' lang='grc' dir='ltr'>καὶ</span> <span class='ocrx_word' id='word_1_180' title='bbox 1010 1906 1309 1975; x_wconf 75' lang='grc' dir='ltr'>ἐπεσκέψατο</span> <span class='ocrx_word' id='word_1_181' title='bbox 1340 1903 1422 1956; x_wconf 76' lang='grc' dir='ltr'>τὸν</span> <span class='ocrx_word' id='word_1_182' title='bbox 1448 1902 1663 1971; x_wconf 83' lang='grc' dir='ltr'>Ἰσραὴλ,</span> 
     </span>
    </p>

    <p class='ocr_par' dir='ltr' id='par_1_11' title="bbox 0 1986 1666 2138">
     <span class='ocr_line' id='line_1_22' title="bbox 0 1986 1665 2099; baseline -0.003 -58"><span class='ocrx_word' id='word_1_183' title='bbox 0 1994 4 2099; x_wconf 67' lang='grc'>1</span> <span class='ocrx_word' id='word_1_184' title='bbox 94 1996 120 2019; x_wconf 89' lang='grc'><strong>“</strong></span> <span class='ocrx_word' id='word_1_185' title='bbox 142 1992 216 2041; x_wconf 76' lang='grc' dir='ltr'>καὶ</span> <span class='ocrx_word' id='word_1_186' title='bbox 265 1991 489 2057; x_wconf 85' lang='grc' dir='ltr'>ἐπορέυθη</span> <span class='ocrx_word' id='word_1_187' title='bbox 539 1992 613 2040; x_wconf 84' lang='grc' dir='ltr'>καὶ</span> <span class='ocrx_word' id='word_1_188' title='bbox 658 1988 960 2059; x_wconf 76' lang='grc' dir='ltr'>ἐξαπέστειλε</span> <span class='ocrx_word' id='word_1_189' title='bbox 1003 1990 1121 2055; x_wconf 82' lang='grc' dir='ltr'>πρὸς</span> <span class='ocrx_word' id='word_1_190' title='bbox 1163 1987 1411 2056; x_wconf 80' lang='grc' dir='ltr'>Ἰωσαφὰτ</span> <span class='ocrx_word' id='word_1_191' title='bbox 1458 1986 1665 2049; x_wconf 80' lang='grc' dir='ltr'>βασιλέα</span> 
     </span>
     <span class='ocr_line' id='line_1_23' title="bbox 92 2069 1666 2138; baseline -0.003 -15"><span class='ocrx_word' id='word_1_192' title='bbox 92 2078 120 2101; x_wconf 87' lang='grc'><strong>“</strong></span> <span class='ocrx_word' id='word_1_193' title='bbox 141 2071 294 2123; x_wconf 85' lang='grc' dir='ltr'>Ἰούδα</span> <span class='ocrx_word' id='word_1_194' title='bbox 349 2072 503 2138; x_wconf 81' lang='grc' dir='ltr'>λέγων</span> <span class='ocrx_word' id='word_1_195' title='bbox 557 2069 794 2125; x_wconf 75' lang='grc' dir='ltr'>Βασιλεὺς</span> <span class='ocrx_word' id='word_1_196' title='bbox 848 2069 1010 2133; x_wconf 80' lang='grc' dir='ltr'>Μωάβ</span> <span class='ocrx_word' id='word_1_197' title='bbox 1065 2070 1294 2135; x_wconf 81' lang='grc' dir='ltr'>ήθέτησεν</span> <span class='ocrx_word' id='word_1_198' title='bbox 1344 2071 1391 2120; x_wconf 88' lang='grc' dir='ltr'>ἐν</span> <span class='ocrx_word' id='word_1_199' title='bbox 1446 2069 1560 2132; x_wconf 87' lang='grc' dir='ltr'>ἐμοί·</span> <span class='ocrx_word' id='word_1_200' title='bbox 1628 2070 1666 2118; x_wconf 77' lang='grc' dir='ltr'>εἰ</span> 
     </span>
    </p>

    <p class='ocr_par' dir='ltr' id='par_1_12' title="bbox 1 2105 1665 2223">
     <span class='ocr_line' id='line_1_24' title="bbox 1 2105 1665 2223; baseline -0.004 -17"><span class='ocrx_word' id='word_1_201' title='bbox 1 2105 6 2215; x_wconf 70' lang='grc' dir='ltr'>ι</span> <span class='ocrx_word' id='word_1_202' title='bbox 92 2161 119 2183; x_wconf 82' lang='grc'><strong>“</strong></span> <span class='ocrx_word' id='word_1_203' title='bbox 143 2154 352 2223; x_wconf 82' lang='grc' dir='ltr'>πορεύσῃ</span> <span class='ocrx_word' id='word_1_204' title='bbox 400 2153 496 2217; x_wconf 87' lang='grc' dir='ltr'>μετ’</span> <span class='ocrx_word' id='word_1_205' title='bbox 542 2155 652 2216; x_wconf 86' lang='grc' dir='ltr'>ἐμοῦ</span> <span class='ocrx_word' id='word_1_206' title='bbox 698 2155 770 2205; x_wconf 82' lang='grc' dir='ltr'>ἐπὶ</span> <span class='ocrx_word' id='word_1_207' title='bbox 818 2152 981 2214; x_wconf 80' lang='grc' dir='ltr'><em>Μωὰβ</em></span> <span class='ocrx_word' id='word_1_208' title='bbox 1022 2157 1083 2207; x_wconf 80' lang='grc' dir='ltr'>εἷς</span> <span class='ocrx_word' id='word_1_209' title='bbox 1132 2152 1376 2215; x_wconf 87' lang='grc' dir='ltr'>πόλεμον;</span> <span class='ocrx_word' id='word_1_210' title='bbox 1421 2153 1496 2201; x_wconf 79' lang='grc' dir='ltr'>καὶ</span> <span class='ocrx_word' id='word_1_211' title='bbox 1541 2148 1665 2201; x_wconf 78' lang='grc' dir='ltr'>εἶπεν</span> 
     </span>
    </p>

    <p class='ocr_par' dir='ltr' id='par_1_13' title="bbox 3 2227 1665 2335">
     <span class='ocr_line' id='line_1_25' title="bbox 3 2227 1665 2335; baseline -0.004 -46"><span class='ocrx_word' id='word_1_212' title='bbox 3 2227 8 2335; x_wconf 72' lang='grc' dir='ltr'>Ι</span> <span class='ocrx_word' id='word_1_213' title='bbox 93 2235 489 2301; x_wconf 78' lang='grc' dir='ltr'>“Ἀναβήσομαι·</span> <span class='ocrx_word' id='word_1_214' title='bbox 534 2235 689 2300; x_wconf 76' lang='grc' dir='ltr'>ὅμοιός</span> <span class='ocrx_word' id='word_1_215' title='bbox 726 2259 804 2300; x_wconf 86' lang='grc' dir='ltr'>μοι</span> <span class='ocrx_word' id='word_1_216' title='bbox 848 2235 1003 2300; x_wconf 81' lang='grc' dir='ltr'>ὅμοιός</span> <span class='ocrx_word' id='word_1_217' title='bbox 1044 2258 1137 2298; x_wconf 87' lang='grc' dir='ltr'>σοι,</span> <span class='ocrx_word' id='word_1_218' title='bbox 1177 2236 1239 2288; x_wconf 84' lang='grc' dir='ltr'>ὡς</span> <span class='ocrx_word' id='word_1_219' title='bbox 1282 2236 1306 2285; x_wconf 86' lang='grc' dir='ltr'>ὁ</span> <span class='ocrx_word' id='word_1_220' title='bbox 1353 2231 1467 2287; x_wconf 85' lang='grc' dir='ltr'>λαός</span> <span class='ocrx_word' id='word_1_221' title='bbox 1511 2255 1601 2283; x_wconf 89' lang='grc' dir='ltr'>σου</span> <span class='ocrx_word' id='word_1_222' title='bbox 1640 2233 1665 2282; x_wconf 82' lang='grc' dir='ltr'>ὀ</span> 
     </span>
    </p>

    <p class='ocr_par' dir='ltr' id='par_1_14' title="bbox 5 2338 8 2360">
     <span class='ocr_line' id='line_1_26' title="bbox 5 2338 8 2360; baseline 0 0"><span class='ocrx_word' id='word_1_223' title='bbox 5 2338 8 2360; x_wconf 80' lang='grc' dir='ltr'>Ι</span> 
     </span>
    </p>

    <p class='ocr_par' dir='ltr' id='par_1_15' title="bbox 6 2418 11 2514">
     <span class='ocr_line' id='line_1_27' title="bbox 6 2418 11 2514; baseline 0 0"><span class='ocrx_word' id='word_1_224' title='bbox 6 2418 11 2514; x_wconf 62' lang='lat' dir='ltr'>l</span> 
     </span>
    </p>

    <p class='ocr_par' dir='ltr' id='par_1_16' title="bbox 8 2527 11 2553">
     <span class='ocr_line' id='line_1_28' title="bbox 8 2527 11 2553; baseline 0 0"><span class='ocrx_word' id='word_1_225' title='bbox 8 2527 11 2553; x_wconf 85' lang='grc' dir='ltr'>ι</span> 
     </span>
    </p>

    <p class='ocr_par' dir='ltr' id='par_1_17' title="bbox 9 2612 13 2657">
     <span class='ocr_line' id='line_1_29' title="bbox 9 2612 13 2657; baseline 0 0"><span class='ocrx_word' id='word_1_226' title='bbox 9 2612 13 2657; x_wconf 78' lang='grc' dir='ltr'>ἱ</span> 
     </span>
    </p>

    <p class='ocr_par' dir='ltr' id='par_1_18' title="bbox 10 2661 14 2702">
     <span class='ocr_line' id='line_1_30' title="bbox 10 2661 14 2702; baseline 0 0"><span class='ocrx_word' id='word_1_227' title='bbox 10 2661 14 2702; x_wconf 82' lang='grc' dir='ltr'>Ι</span> 
     </span>
    </p>

    <p class='ocr_par' dir='ltr' id='par_1_19' title="bbox 11 2707 14 2734">
     <span class='ocr_line' id='line_1_31' title="bbox 11 2707 14 2734; baseline 0 0"><span class='ocrx_word' id='word_1_228' title='bbox 11 2707 14 2734; x_wconf 86' lang='grc' dir='ltr'>ι</span> 
     </span>
    </p>

    <p class='ocr_par' dir='ltr' id='par_1_20' title="bbox 11 2739 16 2861">
     <span class='ocr_line' id='line_1_32' title="bbox 11 2739 16 2861; baseline 0 0"><span class='ocrx_word' id='word_1_229' title='bbox 11 2739 16 2861; x_wconf 68' lang='grc' dir='ltr'>ἓ</span> 
     </span>
    </p>

    <p class='ocr_par' dir='ltr' id='par_1_21' title="bbox 13 2871 17 2914">
     <span class='ocr_line' id='line_1_33' title="bbox 13 2871 17 2914; baseline 0 0"><span class='ocrx_word' id='word_1_230' title='bbox 13 2871 17 2914; x_wconf 83' lang='grc' dir='ltr'>ἱ</span> 
     </span>
    </p>

    <p class='ocr_par' dir='ltr' id='par_1_22' title="bbox 14 2929 18 3007">
     <span class='ocr_line' id='line_1_34' title="bbox 14 2929 18 3007; baseline 0 0"><span class='ocrx_word' id='word_1_231' title='bbox 14 2929 18 3007; x_wconf 65' lang='grc' dir='ltr'><strong>ἒ</strong></span> 
     </span>
    </p>
   </div>
   <div class='ocr_carea' id='block_1_6' title="bbox 155 2394 1665 2444">
    <p class='ocr_par' dir='ltr' id='par_1_23' title="bbox 155 2394 1665 2444">
     <span class='ocr_line' id='line_1_35' title="bbox 155 2394 1665 2444; baseline -0.005 -10"><span class='ocrx_word' id='word_1_232' title='bbox 155 2411 184 2434; x_wconf 95' lang='lat'>1.</span> <span class='ocrx_word' id='word_1_233' title='bbox 210 2400 264 2434; x_wconf 85' lang='grc' dir='ltr'>ἐπὶ</span> <span class='ocrx_word' id='word_1_234' title='bbox 282 2399 371 2434; x_wconf 74' lang='grc' dir='ltr'>ΑΒ.</span> <span class='ocrx_word' id='word_1_235' title='bbox 391 2398 531 2444; x_wconf 85' lang='lat' dir='ltr'>(Alex.)</span> <span class='ocrx_word' id='word_1_236' title='bbox 549 2399 596 2435; x_wconf 85' lang='grc' dir='ltr'>εἷς</span> <span class='ocrx_word' id='word_1_237' title='bbox 616 2398 708 2433; x_wconf 88' lang='lat' dir='ltr'>Edd.</span> <span class='ocrx_word' id='word_1_238' title='bbox 727 2398 826 2443; x_wconf 79' lang='lat' dir='ltr'>(Vat.</span> <span class='ocrx_word' id='word_1_239' title='bbox 846 2397 919 2432; x_wconf 93' lang='lat' dir='ltr'>XII</span> <span class='ocrx_word' id='word_1_240' title='bbox 938 2408 1045 2431; x_wconf 90' lang='lat' dir='ltr'><strong>manu</strong></span> <span class='ocrx_word' id='word_1_241' title='bbox 1070 2395 1213 2441; x_wconf 86' lang='lat' dir='ltr'><strong>prima.)</strong></span> <span class='ocrx_word' id='word_1_242' title='bbox 1278 2395 1385 2429; x_wconf 83' lang='grc' dir='ltr'>αὐτῶν</span> <span class='ocrx_word' id='word_1_243' title='bbox 1407 2394 1497 2428; x_wconf 86' lang='lat' dir='ltr'><strong>A.B.</strong></span> <span class='ocrx_word' id='word_1_244' title='bbox 1525 2394 1665 2440; x_wconf 77' lang='lat' dir='ltr'>(Alex.)</span> 
     </span>
    </p>
   </div>
   <div class='ocr_carea' id='block_1_7' title="bbox 95 2441 1668 2817">
    <p class='ocr_par' dir='ltr' id='par_1_24' title="bbox 95 2441 1668 2817">
     <span class='ocr_line' id='line_1_36' title="bbox 95 2441 1667 2492; baseline -0.003 -12"><span class='ocrx_word' id='word_1_245' title='bbox 95 2447 193 2491; x_wconf 77' lang='grc' dir='ltr'>αὐτῆς</span> <span class='ocrx_word' id='word_1_246' title='bbox 210 2446 301 2480; x_wconf 88' lang='lat' dir='ltr'><strong>Edd.</strong></span> <span class='ocrx_word' id='word_1_247' title='bbox 321 2446 442 2492; x_wconf 86' lang='lat' dir='ltr'><strong>(Vat.)</strong></span> <span class='ocrx_word' id='word_1_248' title='bbox 746 2456 777 2479; x_wconf 88' lang='lat'>2.</span> <span class='ocrx_word' id='word_1_249' title='bbox 803 2445 885 2489; x_wconf 84' lang='grc' dir='ltr'>μετὰ</span> <span class='ocrx_word' id='word_1_250' title='bbox 903 2445 1048 2489; x_wconf 82' lang='grc' dir='ltr'>κραυγῆς</span> <span class='ocrx_word' id='word_1_251' title='bbox 1065 2443 1117 2476; x_wconf 81' lang='grc' dir='ltr'>καὶ</span> <span class='ocrx_word' id='word_1_252' title='bbox 1134 2444 1217 2486; x_wconf 88' lang='grc' dir='ltr'>μετὰ</span> <span class='ocrx_word' id='word_1_253' title='bbox 1234 2441 1364 2487; x_wconf 82' lang='grc' dir='ltr'>φωνῆς]</span> <span class='ocrx_word' id='word_1_254' title='bbox 1383 2442 1465 2485; x_wconf 87' lang='grc' dir='ltr'>μετὰ</span> <span class='ocrx_word' id='word_1_255' title='bbox 1482 2442 1596 2486; x_wconf 79' lang='grc' dir='ltr'>φωνῆς</span> <span class='ocrx_word' id='word_1_256' title='bbox 1613 2443 1667 2475; x_wconf 88' lang='grc' dir='ltr'>καὶ</span> 
     </span>
     <span class='ocr_line' id='line_1_37' title="bbox 95 2488 1665 2539; baseline -0.003 -12"><span class='ocrx_word' id='word_1_257' title='bbox 95 2494 176 2538; x_wconf 84' lang='grc' dir='ltr'>μετὰ</span> <span class='ocrx_word' id='word_1_258' title='bbox 192 2495 333 2539; x_wconf 82' lang='grc' dir='ltr'>κραυγῆς</span> <span class='ocrx_word' id='word_1_259' title='bbox 352 2493 388 2527; x_wconf 90' lang='lat' dir='ltr'>F.</span> <span class='ocrx_word' id='word_1_260' title='bbox 408 2492 500 2526; x_wconf 87' lang='lat' dir='ltr'>Edd.</span> <span class='ocrx_word' id='word_1_261' title='bbox 519 2492 594 2537; x_wconf 85' lang='lat'>(22.</span> <span class='ocrx_word' id='word_1_262' title='bbox 613 2492 677 2536; x_wconf 80' lang='lat' dir='ltr'>al.)</span> <span class='ocrx_word' id='word_1_263' title='bbox 1113 2501 1146 2532; x_wconf 88' lang='lat'>4.</span> <span class='ocrx_word' id='word_1_264' title='bbox 1173 2490 1272 2532; x_wconf 81' lang='grc' dir='ltr'>αὐτῆς</span> <span class='ocrx_word' id='word_1_265' title='bbox 1289 2490 1385 2534; x_wconf 84' lang='lat' dir='ltr'>prius</span> <span class='ocrx_word' id='word_1_266' title='bbox 1405 2488 1446 2522; x_wconf 87' lang='grc' dir='ltr'>Β.</span> <span class='ocrx_word' id='word_1_267' title='bbox 1466 2488 1573 2531; x_wconf 46' lang='grc' dir='ltr'><strong>(ΑᾸῩ.</strong></span> <span class='ocrx_word' id='word_1_268' title='bbox 1592 2488 1665 2522; x_wconf 86' lang='lat' dir='ltr'>XII</span> 
     </span>
     <span class='ocr_line' id='line_1_38' title="bbox 95 2534 1662 2585; baseline -0.004 -10"><span class='ocrx_word' id='word_1_269' title='bbox 95 2551 202 2574; x_wconf 85' lang='lat' dir='ltr'>manu</span> <span class='ocrx_word' id='word_1_270' title='bbox 219 2540 343 2585; x_wconf 89' lang='lat' dir='ltr'>prima)</span> <span class='ocrx_word' id='word_1_271' title='bbox 361 2540 468 2574; x_wconf 81' lang='grc' dir='ltr'>αὐτῶν</span> <span class='ocrx_word' id='word_1_272' title='bbox 485 2540 528 2574; x_wconf 93' lang='grc' dir='ltr'>Α.</span> <span class='ocrx_word' id='word_1_273' title='bbox 547 2540 724 2574; x_wconf 72' lang='lat' dir='ltr'><strong>Neutrum</strong></span> <span class='ocrx_word' id='word_1_274' title='bbox 748 2537 852 2572; x_wconf 79' lang='lat' dir='ltr'>habet</span> <span class='ocrx_word' id='word_1_275' title='bbox 874 2538 911 2571; x_wconf 90' lang='lat' dir='ltr'>F.</span> <span class='ocrx_word' id='word_1_276' title='bbox 930 2535 1022 2570; x_wconf 90' lang='lat' dir='ltr'>Edd.</span> <span class='ocrx_word' id='word_1_277' title='bbox 1048 2536 1144 2581; x_wconf 86' lang='lat'><em>(147,</em></span> <span class='ocrx_word' id='word_1_278' title='bbox 1174 2537 1266 2580; x_wconf 79' lang='lat'><strong>153.)</strong></span> <span class='ocrx_word' id='word_1_279' title='bbox 1324 2534 1394 2579; x_wconf 84' lang='grc' dir='ltr'>μετ’</span> <span class='ocrx_word' id='word_1_280' title='bbox 1412 2535 1512 2578; x_wconf 81' lang='grc' dir='ltr'>αὐτῆς</span> <span class='ocrx_word' id='word_1_281' title='bbox 1530 2546 1599 2569; x_wconf 88' lang='lat' dir='ltr'>om.</span> <span class='ocrx_word' id='word_1_282' title='bbox 1618 2535 1662 2568; x_wconf 92' lang='lat' dir='ltr'>A.</span> 
     </span>
     <span class='ocr_line' id='line_1_39' title="bbox 96 2581 1668 2632; baseline -0.003 -11"><span class='ocrx_word' id='word_1_283' title='bbox 96 2585 171 2631; x_wconf 88' lang='grc'><strong>(68.</strong></span> <span class='ocrx_word' id='word_1_284' title='bbox 189 2586 252 2632; x_wconf 89' lang='lat' dir='ltr'>al.)</span> <span class='ocrx_word' id='word_1_285' title='bbox 527 2598 559 2630; x_wconf 86' lang='lat'>9.</span> <span class='ocrx_word' id='word_1_286' title='bbox 586 2584 690 2631; x_wconf 87' lang='grc' dir='ltr'>φημι]</span> <span class='ocrx_word' id='word_1_287' title='bbox 711 2587 801 2629; x_wconf 85' lang='grc' dir='ltr'>φησι</span> <span class='ocrx_word' id='word_1_288' title='bbox 820 2583 912 2618; x_wconf 89' lang='lat' dir='ltr'><strong>Edd.</strong></span> <span class='ocrx_word' id='word_1_289' title='bbox 930 2584 1000 2617; x_wconf 78' lang='lat' dir='ltr'>inV.</span> <span class='ocrx_word' id='word_1_290' title='bbox 1019 2583 1110 2617; x_wconf 81' lang='lat' dir='ltr'><strong>A-B.</strong></span> <span class='ocrx_word' id='word_1_291' title='bbox 1396 2592 1448 2616; x_wconf 92' lang='lat'>10.</span> <span class='ocrx_word' id='word_1_292' title='bbox 1474 2581 1668 2625; x_wconf 84' lang='grc' dir='ltr'>Ἰδουμαίων</span> 
     </span>
     <span class='ocr_line' id='line_1_40' title="bbox 96 2628 1667 2674; baseline -0.003 -7"><span class='ocrx_word' id='word_1_293' title='bbox 96 2632 187 2667; x_wconf 84' lang='lat' dir='ltr'><strong>Edd.</strong></span> <span class='ocrx_word' id='word_1_294' title='bbox 521 2644 573 2667; x_wconf 85' lang='lat'>12.</span> <span class='ocrx_word' id='word_1_295' title='bbox 599 2637 664 2667; x_wconf 88' lang='grc' dir='ltr'>τῶν</span> <span class='ocrx_word' id='word_1_296' title='bbox 679 2632 770 2666; x_wconf 86' lang='grc' dir='ltr'><strong>Α.Β.</strong></span> <span class='ocrx_word' id='word_1_297' title='bbox 788 2631 864 2666; x_wconf 82' lang='grc' dir='ltr'>τοὺς</span> <span class='ocrx_word' id='word_1_298' title='bbox 881 2630 972 2664; x_wconf 88' lang='lat' dir='ltr'>Edd.</span> <span class='ocrx_word' id='word_1_299' title='bbox 992 2635 1071 2663; x_wconf 80' lang='lat' dir='ltr'><strong>ante</strong></span> <span class='ocrx_word' id='word_1_300' title='bbox 1089 2629 1224 2674; x_wconf 82' lang='lat' dir='ltr'><strong>Migne.</strong></span> <span class='ocrx_word' id='word_1_301' title='bbox 1536 2639 1588 2670; x_wconf 88' lang='lat'>14.</span> <span class='ocrx_word' id='word_1_302' title='bbox 1615 2628 1667 2662; x_wconf 86' lang='grc' dir='ltr'>ὅτι</span> 
     </span>
     <span class='ocr_line' id='line_1_41' title="bbox 96 2674 1666 2725; baseline -0.003 -12"><span class='ocrx_word' id='word_1_303' title='bbox 96 2686 313 2725; x_wconf 69' lang='lat' dir='ltr'><strong>assumptum</strong></span> <span class='ocrx_word' id='word_1_304' title='bbox 331 2692 372 2714; x_wconf 79' lang='lat' dir='ltr'>ex</span> <span class='ocrx_word' id='word_1_305' title='bbox 388 2679 479 2715; x_wconf 88' lang='lat' dir='ltr'><strong>A.B.</strong></span> <span class='ocrx_word' id='word_1_306' title='bbox 531 2679 655 2714; x_wconf 82' lang='lat' dir='ltr'>Statim</span> <span class='ocrx_word' id='word_1_307' title='bbox 672 2680 773 2722; x_wconf 87' lang='grc' dir='ltr'>μόνον</span> <span class='ocrx_word' id='word_1_308' title='bbox 791 2677 881 2711; x_wconf 92' lang='lat' dir='ltr'>Edd.</span> <span class='ocrx_word' id='word_1_309' title='bbox 1176 2686 1228 2720; x_wconf 94' lang='lat'>17.</span> <span class='ocrx_word' id='word_1_310' title='bbox 1255 2675 1308 2709; x_wconf 76' lang='grc' dir='ltr'>καὶ</span> <span class='ocrx_word' id='word_1_311' title='bbox 1326 2674 1456 2721; x_wconf 81' lang='grc' dir='ltr'>ἐγένετο</span> <span class='ocrx_word' id='word_1_312' title='bbox 1473 2675 1556 2719; x_wconf 86' lang='grc' dir='ltr'>μετὰ</span> <span class='ocrx_word' id='word_1_313' title='bbox 1574 2675 1666 2709; x_wconf 85' lang='grc' dir='ltr'><strong>Α.Β.</strong></span> 
     </span>
     <span class='ocr_line' id='line_1_42' title="bbox 97 2722 1667 2770; baseline -0.003 -11"><span class='ocrx_word' id='word_1_314' title='bbox 97 2725 147 2760; x_wconf 83' lang='grc' dir='ltr'>ὅτι</span> <span class='ocrx_word' id='word_1_315' title='bbox 163 2728 245 2770; x_wconf 85' lang='grc' dir='ltr'>μετὰ</span> <span class='ocrx_word' id='word_1_316' title='bbox 262 2726 354 2761; x_wconf 84' lang='lat' dir='ltr'><strong>Edd.</strong></span> <span class='ocrx_word' id='word_1_317' title='bbox 567 2726 618 2760; x_wconf 84' lang='lat'>18.</span> <span class='ocrx_word' id='word_1_318' title='bbox 646 2726 698 2759; x_wconf 85' lang='grc' dir='ltr'>καὶ</span> <span class='ocrx_word' id='word_1_319' title='bbox 716 2731 748 2759; x_wconf 83' lang='lat' dir='ltr'>et</span> <span class='ocrx_word' id='word_1_320' title='bbox 764 2724 929 2764; x_wconf 79' lang='grc' dir='ltr'>βασιλεὺς</span> <span class='ocrx_word' id='word_1_321' title='bbox 946 2728 1125 2767; x_wconf 78' lang='lat' dir='ltr'>assumpta</span> <span class='ocrx_word' id='word_1_322' title='bbox 1142 2734 1183 2756; x_wconf 82' lang='lat' dir='ltr'>ex</span> <span class='ocrx_word' id='word_1_323' title='bbox 1202 2722 1245 2755; x_wconf 85' lang='lat' dir='ltr'>A.</span> <span class='ocrx_word' id='word_1_324' title='bbox 1465 2733 1588 2767; x_wconf 88' lang='lat'>19—21.</span> <span class='ocrx_word' id='word_1_325' title='bbox 1615 2722 1667 2755; x_wconf 85' lang='grc' dir='ltr'>καὶ</span> 
     </span>
     <span class='ocr_line' id='line_1_43' title="bbox 98 2767 1666 2817; baseline -0.002 -12"><span class='ocrx_word' id='word_1_326' title='bbox 98 2772 447 2817; x_wconf 71' lang='grc' dir='ltr'>ἐξῆλθεν-ἐπορεύθη</span> <span class='ocrx_word' id='word_1_327' title='bbox 466 2773 519 2807; x_wconf 85' lang='grc' dir='ltr'>καὶ</span> <span class='ocrx_word' id='word_1_328' title='bbox 539 2771 759 2815; x_wconf 76' lang='grc' dir='ltr'>ἐξαπέστειλε</span> <span class='ocrx_word' id='word_1_329' title='bbox 776 2770 867 2804; x_wconf 75' lang='grc' dir='ltr'><strong>Α.Β.</strong></span> <span class='ocrx_word' id='word_1_330' title='bbox 886 2772 903 2803; x_wconf 91' lang='grc' dir='ltr'>ὁ</span> <span class='ocrx_word' id='word_1_331' title='bbox 922 2770 957 2803; x_wconf 81' lang='grc' dir='ltr'>δέ</span> <span class='ocrx_word' id='word_1_332' title='bbox 974 2768 1090 2813; x_wconf 83' lang='grc' dir='ltr'>Ἰωρὰν</span> <span class='ocrx_word' id='word_1_333' title='bbox 1115 2769 1151 2802; x_wconf 84' lang='grc' dir='ltr'>ἐκ</span> <span class='ocrx_word' id='word_1_334' title='bbox 1176 2770 1358 2813; x_wconf 81' lang='grc' dir='ltr'>Σαμαρείας</span> <span class='ocrx_word' id='word_1_335' title='bbox 1374 2767 1555 2803; x_wconf 80' lang='grc' dir='ltr'>ἀπέστειλε</span> <span class='ocrx_word' id='word_1_336' title='bbox 1574 2768 1666 2802; x_wconf 88' lang='lat' dir='ltr'><strong>Edd.</strong></span> 
     </span>
    </p>
   </div>
   <div class='ocr_carea' id='block_1_8' title="bbox 99 2815 1668 3001">
    <p class='ocr_par' dir='ltr' id='par_1_25' title="bbox 99 2815 1668 3001">
     <span class='ocr_line' id='line_1_44' title="bbox 100 2815 1668 2866; baseline -0.003 -12"><span class='ocrx_word' id='word_1_337' title='bbox 100 2829 153 2853; x_wconf 90' lang='lat'>20.</span> <span class='ocrx_word' id='word_1_338' title='bbox 179 2819 398 2866; x_wconf 78' lang='grc' dir='ltr'>ἐπεσκήψατο</span> <span class='ocrx_word' id='word_1_339' title='bbox 417 2820 459 2853; x_wconf 90' lang='grc' dir='ltr'>Β.</span> <span class='ocrx_word' id='word_1_340' title='bbox 672 2829 726 2852; x_wconf 86' lang='lat'>22.</span> <span class='ocrx_word' id='word_1_341' title='bbox 751 2817 862 2862; x_wconf 79' lang='grc' dir='ltr'>λέγων</span> <span class='ocrx_word' id='word_1_342' title='bbox 878 2822 1097 2860; x_wconf 85' lang='lat' dir='ltr'>assumptum</span> <span class='ocrx_word' id='word_1_343' title='bbox 1117 2828 1158 2849; x_wconf 80' lang='lat' dir='ltr'>ex</span> <span class='ocrx_word' id='word_1_344' title='bbox 1176 2815 1265 2849; x_wconf 71' lang='lat' dir='ltr'>AB.</span> <span class='ocrx_word' id='word_1_345' title='bbox 1475 2826 1528 2857; x_wconf 86' lang='lat'>24.</span> <span class='ocrx_word' id='word_1_346' title='bbox 1555 2815 1668 2859; x_wconf 83' lang='grc' dir='ltr'>ὅμοιός</span> 
     </span>
     <span class='ocr_line' id='line_1_45' title="bbox 99 2860 1667 2910; baseline -0.003 -11"><span class='ocrx_word' id='word_1_347' title='bbox 99 2880 155 2908; x_wconf 87' lang='grc' dir='ltr'>μοι</span> <span class='ocrx_word' id='word_1_348' title='bbox 171 2865 282 2910; x_wconf 85' lang='grc' dir='ltr'>ὅμοιός</span> <span class='ocrx_word' id='word_1_349' title='bbox 299 2877 366 2902; x_wconf 87' lang='grc' dir='ltr'>σοι·</span> <span class='ocrx_word' id='word_1_350' title='bbox 396 2867 440 2902; x_wconf 85' lang='grc' dir='ltr'>ὡς</span> <span class='ocrx_word' id='word_1_351' title='bbox 456 2868 474 2900; x_wconf 88' lang='grc' dir='ltr'>ὁ</span> <span class='ocrx_word' id='word_1_352' title='bbox 491 2866 574 2901; x_wconf 87' lang='grc' dir='ltr'>λαός</span> <span class='ocrx_word' id='word_1_353' title='bbox 591 2880 655 2899; x_wconf 90' lang='grc' dir='ltr'>σου</span> <span class='ocrx_word' id='word_1_354' title='bbox 673 2867 690 2898; x_wconf 92' lang='grc' dir='ltr'>ὁ</span> <span class='ocrx_word' id='word_1_355' title='bbox 707 2866 790 2900; x_wconf 83' lang='grc' dir='ltr'>λαός</span> <span class='ocrx_word' id='word_1_356' title='bbox 806 2873 881 2907; x_wconf 88' lang='grc' dir='ltr'>μου·</span> <span class='ocrx_word' id='word_1_357' title='bbox 908 2864 951 2898; x_wconf 87' lang='grc' dir='ltr'>ὡς</span> <span class='ocrx_word' id='word_1_358' title='bbox 968 2863 998 2896; x_wconf 82' lang='grc' dir='ltr'>οἱ</span> <span class='ocrx_word' id='word_1_359' title='bbox 1015 2861 1110 2896; x_wconf 81' lang='grc' dir='ltr'>ἵπποι</span> <span class='ocrx_word' id='word_1_360' title='bbox 1131 2877 1196 2896; x_wconf 89' lang='grc' dir='ltr'>σου</span> <span class='ocrx_word' id='word_1_361' title='bbox 1220 2863 1251 2895; x_wconf 79' lang='grc' dir='ltr'>οἱ</span> <span class='ocrx_word' id='word_1_362' title='bbox 1275 2860 1370 2896; x_wconf 82' lang='grc' dir='ltr'>ἵπποι</span> <span class='ocrx_word' id='word_1_363' title='bbox 1387 2860 1467 2907; x_wconf 86' lang='grc' dir='ltr'>μου]</span> <span class='ocrx_word' id='word_1_364' title='bbox 1490 2861 1546 2895; x_wconf 82' lang='lat' dir='ltr'>Sic</span> <span class='ocrx_word' id='word_1_365' title='bbox 1564 2861 1667 2896; x_wconf 85' lang='lat' dir='ltr'><strong>edidi.</strong></span> 
     </span>
     <span class='ocr_line' id='line_1_46' title="bbox 101 2907 1668 2957; baseline -0.001 -13"><span class='ocrx_word' id='word_1_366' title='bbox 101 2911 212 2956; x_wconf 87' lang='grc' dir='ltr'>ὅμοιός</span> <span class='ocrx_word' id='word_1_367' title='bbox 236 2928 292 2956; x_wconf 88' lang='grc' dir='ltr'>μοι</span> <span class='ocrx_word' id='word_1_368' title='bbox 315 2913 428 2957; x_wconf 87' lang='grc' dir='ltr'>ὅμοιός</span> <span class='ocrx_word' id='word_1_369' title='bbox 455 2923 521 2948; x_wconf 89' lang='grc' dir='ltr'>σοι·</span> <span class='ocrx_word' id='word_1_370' title='bbox 557 2913 600 2947; x_wconf 82' lang='grc' dir='ltr'>ὡς</span> <span class='ocrx_word' id='word_1_371' title='bbox 623 2913 705 2947; x_wconf 84' lang='grc' dir='ltr'>λαός</span> <span class='ocrx_word' id='word_1_372' title='bbox 726 2925 789 2954; x_wconf 89' lang='grc' dir='ltr'>μου</span> <span class='ocrx_word' id='word_1_373' title='bbox 812 2912 894 2945; x_wconf 83' lang='grc' dir='ltr'>λαός</span> <span class='ocrx_word' id='word_1_374' title='bbox 920 2920 994 2944; x_wconf 85' lang='grc' dir='ltr'>σου”</span> <span class='ocrx_word' id='word_1_375' title='bbox 1029 2909 1072 2944; x_wconf 84' lang='grc' dir='ltr'>ὡς</span> <span class='ocrx_word' id='word_1_376' title='bbox 1094 2909 1125 2942; x_wconf 86' lang='grc' dir='ltr'>οἶ</span> <span class='ocrx_word' id='word_1_377' title='bbox 1149 2907 1245 2943; x_wconf 83' lang='grc' dir='ltr'>ἵπποι</span> <span class='ocrx_word' id='word_1_378' title='bbox 1271 2923 1335 2942; x_wconf 88' lang='grc' dir='ltr'>σου</span> <span class='ocrx_word' id='word_1_379' title='bbox 1360 2909 1391 2942; x_wconf 81' lang='grc' dir='ltr'>οἱ</span> <span class='ocrx_word' id='word_1_380' title='bbox 1414 2907 1510 2943; x_wconf 83' lang='grc' dir='ltr'>ἵπποι</span> <span class='ocrx_word' id='word_1_381' title='bbox 1533 2923 1598 2953; x_wconf 89' lang='grc' dir='ltr'>μου</span> <span class='ocrx_word' id='word_1_382' title='bbox 1623 2909 1668 2943; x_wconf 86' lang='lat' dir='ltr'>A.</span> 
     </span>
     <span class='ocr_line' id='line_1_47' title="bbox 103 2954 1668 3001; baseline -0.001 -10"><span class='ocrx_word' id='word_1_383' title='bbox 103 2957 214 3001; x_wconf 84' lang='grc' dir='ltr'>ὅμοιός</span> <span class='ocrx_word' id='word_1_384' title='bbox 238 2974 305 2994; x_wconf 90' lang='grc' dir='ltr'>σοι.</span> <span class='ocrx_word' id='word_1_385' title='bbox 331 2961 375 2995; x_wconf 86' lang='grc' dir='ltr'>ὡς</span> <span class='ocrx_word' id='word_1_386' title='bbox 397 2961 414 2994; x_wconf 90' lang='grc' dir='ltr'>ὁ</span> <span class='ocrx_word' id='word_1_387' title='bbox 438 2961 521 2994; x_wconf 83' lang='grc' dir='ltr'>λαός</span> <span class='ocrx_word' id='word_1_388' title='bbox 547 2973 611 2993; x_wconf 90' lang='grc' dir='ltr'>σου</span> <span class='ocrx_word' id='word_1_389' title='bbox 634 2960 652 2992; x_wconf 90' lang='grc' dir='ltr'>ὁ</span> <span class='ocrx_word' id='word_1_390' title='bbox 678 2960 759 2993; x_wconf 85' lang='grc' dir='ltr'>λαός</span> <span class='ocrx_word' id='word_1_391' title='bbox 783 2971 847 3000; x_wconf 89' lang='grc' dir='ltr'>μου</span> <span class='ocrx_word' id='word_1_392' title='bbox 876 2955 964 3001; x_wconf 77' lang='lat' dir='ltr'>(Sic)</span> <span class='ocrx_word' id='word_1_393' title='bbox 994 2955 1035 2989; x_wconf 83' lang='lat' dir='ltr'>B.</span> <span class='ocrx_word' id='word_1_394' title='bbox 1065 2955 1182 2990; x_wconf 81' lang='lat' dir='ltr'>omnia</span> <span class='ocrx_word' id='word_1_395' title='bbox 1206 2967 1317 3001; x_wconf 85' lang='lat' dir='ltr'>usque</span> <span class='ocrx_word' id='word_1_396' title='bbox 1342 2955 1385 2989; x_wconf 91' lang='lat' dir='ltr'>ad</span> <span class='ocrx_word' id='word_1_397' title='bbox 1410 2956 1532 3000; x_wconf 70' lang='grc' dir='ltr'>ἔρημον</span> <span class='ocrx_word' id='word_1_398' title='bbox 1555 2954 1668 2999; x_wconf 83' lang='grc' dir='ltr'>Ἐδὼμ</span> 
     </span>
    </p>
   </div>
   <div class='ocr_carea' id='block_1_9' title="bbox 105 3004 579 3050">
    <p class='ocr_par' dir='ltr' id='par_1_26' title="bbox 105 3004 579 3050">
     <span class='ocr_line' id='line_1_48' title="bbox 105 3004 579 3050; baseline -0.006 -8"><span class='ocrx_word' id='word_1_399' title='bbox 105 3004 202 3050; x_wconf 84' lang='grc'><strong>(398.</strong></span> <span class='ocrx_word' id='word_1_400' title='bbox 221 3006 273 3050; x_wconf 91' lang='lat'>2.)</span> <span class='ocrx_word' id='word_1_401' title='bbox 292 3005 417 3041; x_wconf 87' lang='lat' dir='ltr'><strong>desunt</strong></span> <span class='ocrx_word' id='word_1_402' title='bbox 434 3006 469 3039; x_wconf 90' lang='lat' dir='ltr'>in</span> <span class='ocrx_word' id='word_1_403' title='bbox 489 3004 579 3039; x_wconf 90' lang='lat' dir='ltr'><strong>Edd.</strong></span> 
     </span>
    </p>
   </div>
  </div>
 </body>
</html>
