2021 3434
104 186 155 226 iv.
187 186 284 225 6-8.
577 186 651 226 IN
691 186 886 226 AMOS.
948 186 1100 227 TOM.
1143 186 1204 226 II.
1605 185 1688 222 445

106 292 224 359 πρὸς
256 294 619 362 τελεσφόρησιν.
685 294 847 361 γε’γονε
882 294 936 345 δέ
965 299 1088 363 φησι
1127 294 1335 358 τοσαύτη
1371 291 1545 346 σπάνις
1578 290 1687 341 ὑδά-

107 399 213 438 των,
238 378 300 430 ὡς
325 378 474 443 κρίσει
509 400 558 428 τε
586 380 662 428 καὶ
685 377 841 446 ψήφῳ
868 381 993 428 Θεοῦ
1019 383 1102 428 τοῦ
1132 378 1287 429 πάντα
1313 376 1499 437 εἰδότος,
1527 375 1692 425 ὕεσθαι

106 458 190 520 μὲν
220 462 328 525 μίαν
365 460 506 522 πόλιν,
533 460 876 529 ἀφαυαίνεσθαι
911 460 959 510 δὲ
993 458 1078 523 τὴν
1110 461 1285 526 ἑτέραν·
1327 458 1692 523 συναγείρεσθαι

105 540 153 591 δὲ
188 542 246 590 αὖ
281 538 352 592 δύο
382 565 431 593 τε
470 548 546 593 καὶ
586 546 694 608 τρεῖς
732 548 790 597 εἰς
823 544 945 610 μίαν,
985 545 1060 593 καὶ
1101 544 1246 595 οὕτως
1285 541 1349 592 ἔτι
1388 543 1552 609 διψῆν.
1617 540 1693 590 καὶ

0 619 2 648 ²
62 623 187 673 5οὐκ
233 624 533 692 ἐπεστρέψατε
576 627 682 692 πρὲις
724 624 796 691 μὲ,
842 624 964 690 λέγει
1013 623 1171 694 Κύριος.
1235 624 1510 686 συμβέβηκε
1549 621 1597 673 δὲ
1635 620 1694 673 τὰ

104 711 294 756 τοιαῦτα
331 711 496 757 παθεῖν
533 711 629 759 τοῖς
663 706 720 775 ἐξ
740 706 941 771 Ἰσραὴλ
981 709 1228 772 ἱστορικῶς
1253 729 1303 756 τε
1329 703 1424 767 ἅμα
1450 706 1524 755 καὶ
1553 726 1689 755 πνευ-
1711 725 1732 748 a
1764 715 1851 748 292
1866 714 1915 747 A·

1402 786 1413 802 Ι

103 792 320 849 ματικῶς.
386 791 448 841 ὡς
481 787 574 853 γὰρ
607 790 631 839 ὁ
667 794 748 838 τοῦ
784 791 1002 854 Σωτῆρος
1042 788 1189 853 εἴρηκε
1229 792 1440 851 μαθητης
1476 787 1694 839 “‘Hsxlac

105 876 132 898 ‘⁶
154 869 398 935 ἄνθρωπος
435 868 494 933 ἦν
529 869 815 932 ὁμοιοπαθὴς
850 870 971 934 ἡμῖν,
1000 871 1074 921 καὶ
1105 872 1349 936 προσευχῇ
1384 868 1693 936 προσηύξατο

105 961 131 983 “
157 959 239 1004 τοῦ
278 953 342 1018 μὴ
387 954 553 1023 βρέξαι
595 953 725 1005 ὑετὸν
769 956 842 1004 ἐπὶ
887 951 972 1017 τὴν
1011 957 1101 1020 γῆν
1139 956 1214 1004 καὶ
1256 954 1338 1003 οὐκ
1382 952 1572 1020 ἔβρεξεν
1620 953 1694 1003 ἐπὶ

37 1056 86 1080 10
105 1043 131 1065 ‘⁶
155 1034 387 1089 ἐνιαυτοὺς
421 1041 541 1102 τρεῖς
580 1038 655 1087 καὶ
689 1039 838 1099 μῆνας
866 1036 962 1105 ἕξ.”
1029 1037 1103 1086 καὶ
1131 1035 1268 1098 λιμὸς
1295 1034 1488 1100 γέγονεν
1514 1033 1694 1098 ἀπηνὴς

103 1120 249 1172 οὕτως
275 1121 321 1169 ἐν
349 1120 600 1188 Σαμαρείᾳ,
629 1121 690 1172 ὡς
721 1118 935 1186 κεφαλὴν
970 1118 1078 1169 ὄνου
1109 1121 1309 1169 πολλῶν
1335 1115 1694 1183 πιπράσκεσθαι

104 1202 346 1267 δηναρίων.
410 1200 541 1251 ἀλλὰ
585 1203 659 1252 καὶ
703 1202 750 1251 ἐν
794 1199 979 1268 χρόνοις
1024 1203 1105 1264 τῆς
1143 1200 1363 1265 Ἱερεμίου
1403 1200 1694 1267 προφητείας

103 1283 266 1347 ἀνευ-χε
304 1285 367 1335 τὶν
407 1282 515 1335 derby
547 1285 571 1334 ὁ
601 1288 696 1334 τῶν
735 1283 860 1334 ὅλων
887 1283 1022 1336 Θεός.
1087 1285 1162 1334 καὶ
1195 1288 1312 1348 γοῦν
1337 1281 1442 1336 τοὺς
1476 1284 1581 1348 περὶ
1612 1284 1695 1345 τῆς

1755 782 1787 812 S.
1803 781 1879 812 Jac.

1754 835 1785 855 v.
1805 834 1853 864 17.

103 1366 330 1434 ἀβροχῖας
367 1368 614 1431 πεποίηται
649 1366 822 1430 λόγους
854 1374 880 1395 “
900 1366 1193 1430 Ἐπένθησεν
1232 1366 1259 1430 ἡ
1291 1366 1507 1425 Ἰουδαία,
1540 1367 1615 1415 καὶ
1647 1368 1850 1418 aszsser.

37 1456 131 1502 Ι5“
154 1448 303 1500 πύλαι
339 1450 479 1512 αὐτῆς
513 1449 821 1511 ἐκενώθησαν,
857 1450 932 1499 καὶ
966 1448 1320 1512 ἐσκοτίσθησαν
1359 1449 1432 1498 ἐπὶ
1471 1449 1553 1511 τῆς
1591 1450 1693 1513 γῆς,

105 1541 132 1563 “
155 1536 229 1584 καὶ
264 1534 292 1598 ἡ
333 1533 512 1599 κραυγὴ
548 1536 630 1597 τῆς
668 1532 985 1599 Ἰερουσαλὴμ
1020 1534 1178 1597 ἀνέβη,
1216 1535 1291 1583 καὶ
1333 1536 1375 1583 οἱ
1413 1537 1694 1598 μεγιστᾶνες

105 1623 132 1645 “
156 1617 309 1666 αὐτῶν
335 1616 621 1667 ἀπέστειλαν
647 1615 754 1669 τοὺς
791 1615 1034 1682 νεωτέρους
1073 1616 1226 1666 αὐτῶν
1262 1616 1334 1684 ἐφ’
1366 1616 1501 1680 ὕδωρ·
1546 1614 1693 1678 η’λθο-

104 1706 132 1727 “
158 1722 253 1748 σαν
287 1700 360 1749 ἐπὶ
402 1698 460 1749 τὰ
495 1699 690 1766 φρέατα,
730 1700 804 1749 καὶ
839 1699 926 1766 οὐχ
964 1699 1166 1765 εὕροσαν
1205 1698 1340 1763 ὕδωρ,
1380 1697 1693 1766 ἀπέστρεψαν

105 1789 132 1810 “
156 1780 216 1832 τὰ
247 1783 413 1846 ἀγγεῖα
447 1782 599 1832 αὐτῶν
626 1780 748 1833 κενά.
809 1783 883 1831 καὶ
911 1780 969 1831 τὰ
994 1780 1108 1846 ἔργα
1133 1783 1215 1844 τῆς
1241 1782 1328 1846 γῆς
1363 1780 1594 1848 ἐξέλιπον,
1621 1779 1692 1830 ὅτι

38 1871 132 1899 20“
158 1865 240 1914 οὐκ
274 1862 331 1927 ἧν
367 1864 509 1917 ὑετός.
577 1864 890 1932 ᾐσχύνθησαν
923 1867 964 1914 οὶ
1000 1864 1214 1929 γεωργοὶ,
1253 1862 1573 1931 ἀπεκάλυψαν
1608 1861 1693 1926 τὴν

105 1954 131 1975 “
156 1945 371 2014 κεφαλὴν
405 1948 568 1999 αὐτῶν.
634 1949 709 1997 καὶ
748 1947 919 2014 ἔλαφοι
949 1948 996 1997 ἐν
1034 1949 1166 2014 ἀγρῷ
1202 1946 1356 1996 ἔτεκον
1390 1948 1465 1995 καὶ
1503 1945 1689 2011 ἐγκατέ-

106 2036 132 2058 “
157 2037 310 2091 λιπον,
336 2030 406 2080 ὅτι
432 2031 512 2080 οὐκ
539 2029 595 2094 ἧν
621 2029 813 2094 βοτάνη.
879 2029 975 2080 ὄνοι
1001 2029 1153 2095 ἄγριοι
1185 2028 1398 2091 ε”στησαν
1425 2029 1499 2079 ἐπὶ
1527 2027 1693 2091 νάπας,

105 2119 133 2140 “
161 2112 386 2162 εἵλκυσαν
431 2112 614 2175 ἄνεμον,
658 2111 874 2180 ἐξέλιπον
915 2113 957 2161 οἱ
996 2112 1239 2178 ὀφθαλμοὶ
1284 2110 1452 2172 αὐτῶν,
1493 2109 1563 2160 ὅτι
1608 2111 1692 2159 οὐκ

107 2201 133 2224 “
157 2192 214 2257 ἧν
257 2195 424 2261 χόρτος
467 2193 559 2245 ἀπὸ
604 2199 723 2244 λαοῦ
768 2194 982 2247 ἀδικίας.”
1049 2191 1470 2256 δεδυσσεβηκότων
1516 2191 1571 2255 δὴ
1611 2192 1693 2242 οὖν

40 2307 87 2345 25
106 2277 159 2327 οὐ
184 2276 377 2341 μετρίως
404 2279 497 2326 τῶν
525 2276 579 2344 ἐξ
594 2275 795 2341 Ἰσραὴλ
823 2275 988 2338 ἀνέσχε
1019 2276 1086 2326 τὶν
1124 2273 1235 2325 ὑετόν
1273 2280 1350 2324 καὶ
1391 2272 1693 2342 ’γομφιοισ-μὶν

108 2356 276 2411 ὀδόντων
324 2365 401 2409 καὶ
456 2355 610 2409 ἔνδειαν
660 2359 794 2426 ἄρτων
838 2360 875 2409 ἐν
920 2358 1099 2411 πάο-σιις
1149 2357 1289 2407 αὐτοῦ
1339 2359 1439 2409 ταῖς
1489 2354 1693 2406 πόλεσιν

106 2442 256 2492 ἐδίδου
294 2440 429 2494 Θεός.

157 2595 187 2617 Ι.
213 2585 252 2617 τὸ
277 2584 537 2628 τελεσφορῆσαι
563 2594 626 2627 pro
651 2583 908 2626 τελεσφόρησιν
933 2580 1024 2614 Edd.
1073 2582 1163 2624 φησι
1181 2585 1402 2623 assumptum
1422 2590 1463 2612 ex
1481 2578 1573 2612 A.B.
1623 2593 1692 2613 τοι-

107 2630 189 2674 αύτη
207 2631 251 2664 A.
379 2642 411 2675 3.
438 2629 634 2663 αὐαίνεσθαι
653 2628 696 2662 Β.
816 2628 848 2661 6.
875 2630 1013 2661 τοιαῦτα
1030 2627 1074 2660 Α.
1092 2626 1204 2660 τοιάδε
1224 2625 1316 2659 Edd.
1367 2627 1692 2669 ἱστορικαῖς-πνευ-

107 2680 253 2721 ματικῶς
269 2677 360 2710 A.B.
380 2676 823 2719 συμβολικῶς-ἱστορικῶς
843 2674 933 2708 Edd.
1101 2674 1133 2707 8.
1159 2671 1253 2717 ἡμῖν]
1274 2672 1366 2715 ἡμῶν
1382 2673 1425 2707 ὡς
1441 2673 1628 2717 γέγραπται
1647 2673 1691 2707 A.

107 2726 284 2769 προσευχῇ
309 2723 527 2767 προσηύξατο
551 2724 611 2756 τοῦ
635 2722 679 2764 μὴ
704 2722 825 2765 βρέξαι
850 2721 946 2754 ὑετὸν
973 2719 1086 2764 [ὑετὸν
1111 2731 1179 2753 om.
1202 2718 1262 2764 B.]
1288 2720 1341 2753 ἐπὶ
1365 2720 1424 2763 τὴν
1447 2720 1512 2764 γῆν
1529 2720 1582 2753 καὶ
1599 2720 1691 2754 Α.Β.

107 2770 384 2814 προσευξαμένου
403 2769 494 2803 Edd.
609 2781 641 2813 9.
668 2769 722 2802 ἐπὶ
739 2769 797 2802 alt.
817 2773 1036 2811 assumptum
1056 2779 1097 2800 ex
1115 2767 1159 2800 A.
1179 2766 1274 2799 deest
1291 2766 1325 2799 in
1347 2765 1388 2800 Β.
1504 2777 1556 2800 12.
1578 2769 1636 2810 τῆς
1651 2765 1690 2801 ²1.

107 2817 316 2863 προφητείας
330 2816 419 2850 A.ss.
432 2815 535 2858 τῆςἿ.
550 2815 738 2860 Προφήτου
758 2814 860 2848 Pont.
878 2815 947 2849 τοῖς
957 2813 994 2847 ‘1.
1006 2812 1194 2857 Προφὴτου
1208 2812 1302 2846 Aub.
1406 2823 1459 2857 13.
1485 2813 1544 2855 τῆς
1560 2825 1630 2848 om.
1646 2813 1688 2848 B.

113 2876 165 2907 14.
190 2864 367 2907 πεποίηται
384 2865 509 2908 λόγους
519 2863 562 2896 A.
581 2864 706 2906 λόγους
723 2862 866 2895 ἐποιεῖτο
884 2860 994 2905 λέγων
1013 2859 1104 2894 Edd.
1156 2859 1280 2893 Statim
1293 2858 1454 2903 πενθήσει
1472 2871 1536 2904 pro
1553 2859 1691 2904 ἐπένθη-

109 2927 170 2946 σεν
187 2911 205 2954 ἡ
224 2911 268 2944 Α.
391 2920 443 2954 15.
475 2909 568 2943 Haec
587 2910 640 2942 καὶ
657 2908 911 2951 ἐσκοτίσθησαν
930 2907 1187 2952 [ἐσκοτώθησαν
1204 2905 1266 2951 Α.]
1286 2906 1340 2940 ἐπὶ
1357 2907 1414 2949 τῆς
1431 2908 1493 2951 γῆς
1510 2915 1692 2953 assumpta

110 2970 150 2992 ex
170 2958 260 2992 A.B.
476 2958 597 2998 18-24.
627 2956 721 2989 Haec
743 2954 1080 2998 ἀπέστρεψαν-ἀπὸ
1098 2955 1183 2987 λαοῦ
1200 2953 1326 2988 ἀδικίας
1344 2960 1524 2998 assumpta
1540 2966 1581 2988 ex
1598 2954 1689 2989 A.B.

111 3006 163 3039 καὶ
180 3007 220 3039 τὰ
238 3006 314 3049 ἑξῆς
332 3003 551 3038 habebantur
571 3002 660 3036 Edd.
821 3013 874 3036 20.
901 2999 1011 3045 ὑετὸς]
1030 3001 1155 3044 βοτάνη
1172 3000 1213 3034 Β.
1265 3000 1481 3045 ἐπεκάλυψεν
1500 3000 1541 3034 Β.

1755 1423 1821 1444 mv.
1838 1412 1910 1444 2-6.
