2021 3434
106 199 189 240 viii.
218 213 279 240 10.
560 204 632 244 IN
675 205 911 247 OSEAM.
973 208 1124 250 TOM.
1168 210 1221 249 V.
1609 213 1686 252 175

103 309 250 376 πυρὸς
284 315 366 376 τῆς
404 314 529 368 θειάς
567 317 710 382 ὀργῆς
746 322 1191 386 καταμαραίνεσθαι,
1223 321 1408 375 &cuffiam
1450 322 1550 375 καθ’
1588 325 1688 376 ἑαυ-

101 392 181 453 τὶν,
235 394 494 459 τουτέστιν,
538 398 649 460 ἐμοῦ
694 400 816 467 δίχα,
861 404 935 452 καὶ
988 402 1256 466 σύμπνοιαν
1304 404 1390 469 τὴν
1441 405 1555 470 ἐμὴν
1606 407 1689 458 οὐκ

99 474 233 541 ἔχων,
267 475 396 544 ᾠήθη
436 481 601 547 φησιν,
637 480 706 532 ὅτι
742 481 931 549 ζήσεται
970 486 1045 535 καὶ
1081 486 1222 537 δώσει
1259 487 1387 554 ῥίζαν
1426 492 1486 542 εἷς
1524 487 1686 551 βάθος,

99 579 174 607 και
214 562 308 609 τῶν
354 560 480 611 ἱδιων
518 563 600 613 οὐκ
635 564 1014 629 ἀπολισθήσεται
1052 567 1245 632 θρόνων.
1310 571 1555 639 ἐξεπριάτο
1592 571 1731 638 γάρί)

58 655 79 692 5
98 638 391 740 πρόσκαιρόν
415 665 464 693 τε
501 666 576 694 και
614 645 782 710 ὀλίγην
807 646 1080 711 ἀνάβλησιν
1106 655 1189 700 τοῦ
1216 674 1372 713 κακου,
1402 650 1516 754 {copon
1551 658 1683 720 αγα-

99 744 267 784 πησας·
308 727 361 776 οὐ
396 727 616 794 δέχεσθαι
645 734 847 792 μᾶλλον,
875 730 1007 782 ἀλλὰ
1034 732 1224 785 διδόναι.
1283 738 1359 786 καὶ
1382 738 1431 788 τί
1457 738 1510 788 τὸ
1538 741 1687 790 ἐντευ-

99 810 210 867 θεν;
251 806 423 874 ὄφελος
449 808 534 871 μὲν
556 809 698 872 οὐδὲν,
728 809 1100 881 παραδοθήσονται
1141 815 1188 865 δὲ
1226 820 1315 872 τοῖς
1355 818 1494 882 ἔθνεσι,
1523 824 1596 872 καὶ
1630 823 1685 873 δι’

99 889 253 938 αὐτῶν
290 889 430 952 μάθοι
473 895 567 941 τῶν
609 894 1006 958 συμβησομένων,
1048 898 1110 950 ὡς
1149 898 1231 948 οὐκ
1270 899 1328 949 ἄν
1363 923 1431 954 τις
1470 902 1684 955 αναθαλοι

101 969 202 1020 καθ’
243 971 404 1022 ἑαυτόν·
447 973 546 1022 οὐδ’
585 971 642 1023 ἂν
684 974 867 1038 ὀνήσειε
910 976 1017 1031 τοὺς
1063 982 1171 1049 Θεῷ
1208 985 1592 1049 προσκρούοντας
1631 985 1684 1037 τὸ

35 1076 78 1100 ιο
100 1049 214 1121 δῶρα
257 1054 431 1103 διδόναι
476 1060 571 1109 τοῖς
611 1058 810 1125 ἐχθροῖς.
879 1060 1206 1112 ὑποκείσονται
1247 1063 1354 1130 γὰρ,
1387 1068 1462 1116 καὶ
1502 1068 1585 1119 οὐκ
1622 1072 1686 1123 εἷς

94 1133 297 1200 μακρὰν,
327 1139 384 1203 τῇ
413 1137 531 1204 δίκῃ.

99 1308 181 1351 Νῦν
208 1308 450 1359 εἰεὸἐξομαι
486 1313 653 1366 αὐτοὺς,
682 1316 751 1356 καὶ
783 1318 1016 1360 κοπάσουσι
1050 1320 1200 1378 μικρὸν
1235 1325 1307 1364 τοῦ
1338 1324 1467 1381 χρίειν
1506 1328 1680 1375 βασιλέα

163 1393 231 1434 καὶ
256 1393 479 1451 ἄρχοντας.
1699 1435 1721 1462 0

166 1491 402 1558 Ἀποῖσης,
445 1496 506 1549 ὡς
545 1496 654 1552 ε”πος
694 1502 849 1562 εἰπεῖν,
891 1503 973 1565 τῆς
1013 1507 1095 1554 τοῦ
1136 1504 1337 1571 Ἰσραὴλ
1383 1507 1682 1575 φαυλότητος

26 1599 73 1637 15
93 1576 327 1640 παραίτιοι
368 1577 623 1644 γεγόνασιν
667 1584 708 1631 οἱ
750 1584 800 1632 ἐκ
842 1587 999 1651 φυλῆς
1040 1592 1123 1637 τοῦ
1157 1588 1370 1656 Ἐφραῒμ
1408 1591 1476 1641 ἐπ’
1514 1591 1682 1645 αὐτοὺς

91 1659 500 1717 βεβασιλευκότες.
566 1667 750 1729 πρῶτος
778 1665 862 1727 μὲν
889 1666 981 1732 γὰρ
1013 1668 1037 1717 ὁ
1073 1668 1302 1735 ἐπάρατος
1324 1672 1573 1738 Ἱεροβοᾶμ
1598 1677 1682 1737 τῆς

93 1740 394 1796 ἀποστασίας
439 1743 632 1810 γέγονεν
682 1747 881 1812 εὑρετὴς,
933 1749 1156 1813 δαμάλεις
1199 1753 1351 1807 αὐτοῖς
1403 1755 1682 1821 ἀναστήσας

91 1827 289 1888 χρυσᾶς,
332 1827 407 1876 καὶ
459 1831 553 1878 τῶν
598 1830 898 1894 καλουμένων
949 1833 1167 1902 ὑψηλῶν,
1209 1836 1437 1900 τουτέστι,
1489 1843 1583 1890 τῶν
1633 1842 1682 1891 ἐν

92 1903 223 1970 ὄρεσι
273 1908 348 1957 καὶ
398 1913 586 1969 βουνοῖς
625 1917 841 1976 τεμενῶν,
887 1914 1116 1969 καθιστὰς
1168 1920 1311 1983 ἱερεῖς,
1356 1918 1462 1973 τοὺς
1507 1922 1590 1972 οὐκ
1631 1923 1681 1973 ἐκ

25 2016 73 2041 20
93 1990 250 2054 φυλῆς
289 1990 415 2053 Aedi,
455 1992 566 2042 ἀλλ’
606 1992 712 2044 ὅσοι
752 1999 943 2058 μᾶλλον
985 2004 1011 2027 “
1030 1997 1266 2065 ἐπλήρουν
1303 2000 1388 2065 τὴν
1425 2008 1557 2070 χεῖρα
1598 2005 1677 2055 αὑ-
1739 2012 1864 2096 Ξίἓθέἑ

94 2070 280 2133 “τῶν,”
343 2072 462 2124 κατὰ
510 2074 565 2126 τὸ
616 2078 958 2143 γεγραμμένον.
1051 2078 1149 2131 εἶτα
1198 2083 1296 2144 μετ’
1350 2085 1532 2150 ἐκεῖνον,
1584 2092 1679 2138 τῶν
1826 2067 1877 2097 3¹

90 2151 368 2220 Ἀσσυρίων
408 2159 829 2224 προσδοκωμενων,
868 2162 917 2211 ἐν
959 2166 1103 2232 καιρῶ
1145 2167 1227 2227 τῆς
1269 2168 1520 2225 βασιλειας
1567 2173 1677 2220 Μα-
1696 2174 1864 2259 dngffz‘g·

91 2234 234 2298 ναείμ,
259 2237 544 2307 πεπόμφασι
569 2239 802 2308 χρήματα,
830 2244 1066 2298 πείθοντες
1093 2246 1395 2314 ἀποσχεσθαι
1421 2252 1504 2313 τῆς
1530 2253 1632 2315 γῆς.

164 2318 400 2386 Ταύτῃτοι
432 2323 615 2376 δικαίως
650 2323 678 2387 ἡ
714 2325 814 2375 θεία
848 2325 1042 2391 γε’γονεν
1080 2328 1250 2393 ἀπειλὴ
1277 2329 1396 2380 κατὰ
1420 2334 1501 2395 τῆς
1526 2338 1672 2391 βασι-

22 2421 70 2459 25
90 2400 217 2454 λείας
251 2404 334 2466 τῆς
368 2405 417 2454 ἐκ
448 2408 605 2473 φυλῆς
635 2406 848 2475 Ἐφραὶμ
883 2409 1191 2474 γεγενημένης
1229 2413 1302 2462 ἐπὶ
1340 2412 1422 2463 τὸν
1454 2414 1674 2481 Ἰσραήλ.

91 2484 180 2533 Νὗν
217 2482 309 2550 γὰρ
353 2485 509 2542 αὐτοὺς
547 2484 809 2558 εἰσ-δέξομαί
844 2494 1008 2558 φησιν,
1049 2492 1135 2559 οὐχ
1175 2495 1236 2546 ὡς
1274 2493 1452 2560 τρόπον
1482 2497 1676 2564 ἔχοντας

89 2565 283 2630 ἀγαθὸν,
311 2568 414 2618 οὐδὲ
450 2571 512 2622 ὡς
544 2570 719 2635 ἄριστα
748 2577 883 2631 βιοῦν
916 2574 1175 2636 ἑλομένους,
1203 2576 1306 2626 οὔτε
1332 2576 1425 2641 μὴν
1452 2581 1533 2643 τῆς
1558 2580 1677 2632 κατὰ

88 2647 171 2698 τὸν
197 2648 340 2712 νόμον
365 2653 604 2705 πολιτειας
628 2653 907 2722 ε’φιεμενους,
933 2657 1134 2710 ἀλλ’ὡς
1160 2658 1421 2723 παιδευτὴς,
1446 2662 1521 2711 καὶ
1548 2662 1677 2717 δικας

89 2733 245 2794 αιτῶν,
272 2735 347 2783 καὶ
384 2732 472 2784 ὑπο
506 2735 663 2800 κρίσιν
695 2735 783 2800 ἠδη
819 2742 991 2789 καλῶν.
1043 2742 1232 2804 παρῆκα
1257 2740 1342 2804 μὲν
1368 2741 1461 2809 γὰρ
1487 2744 1591 2813 ἐξ“
1564 2769 1676 2810 ημε-

20 2838 69 2874 30
87 2809 280 2877 ρότητος
326 2818 387 2867 εἰς
433 2815 684 2881 ὑπέρθεσιν
730 2817 789 2868 τὰ
829 2819 880 2869 ἐκ
924 2821 1048 2873 θειας
1098 2822 1255 2888 ὀργῆς,
1301 2824 1420 2875 κατὰ
1460 2826 1543 2878 τὸν
1585 2829 1715 2894 η’δηρ

136 2923 169 2956 8.
195 2924 296 2966 μάθοι
316 2924 357 2958 Β.
375 2924 586 2968 μαθήσονται
607 2926 651 2960 D.
671 2927 866 2971 μαθήσουσι
886 2928 976 2963 Edd.
1296 2936 1349 2969 18.
1375 2940 1441 2971 τῶν
1458 2938 1515 2973 alt.
1534 2951 1604 2974 om.
1625 2940 1672 2975 D.

90 2980 147 3003 20.
172 2969 296 3016 αὐτων]
319 2972 374 3004 An
393 2983 458 3005 err.
479 2984 542 3016 pro
559 2973 684 3007 αὐτοῦὲ
831 2987 884 3010 22.
912 2975 1064 3022 Μαναεῖμ
1085 2978 1130 3014 D.
1150 2979 1286 3025 Μαναῒμ
1307 2982 1397 3019 Edd.
1535 2996 1590 3032 27.
1615 2988 1676 3032 τῆς

90 3024 311 3061 assumptum
330 3029 371 3051 ex
392 3018 432 3051 B.
440 3018 486 3052 D
