2021 3434
84 1137 135 1167 Ps.
152 1136 216 1167 ciii.

88 1190 136 1220 15.

85 2328 232 2365 429A
447 2319 459 2334 x
546 2317 556 2333 ι
681 2318 697 2334 ‚x
767 2317 784 2336 ..x
885 2321 894 2335 1
931 2318 945 2335 x
1017 2321 1040 2338 et
1378 2322 1389 2337 t
1563 2321 1572 2338 ι
1853 2317 1865 2336 Ι
1956 2317 1960 2322 “

234 2356 242 2365 -
269 2339 291 2363 a
310 2341 360 2368 ΤΕ
387 2341 462 2368 Καί
494 2327 645 2381 vehet,
673 2342 732 2383 ην
757 2343 814 2370 αἱ)
840 2342 979 2374 αυΤΟς
1012 2328 1168 2372 ΕλΟίΤΟ
1203 2324 1461 2388 δίασΤΕιχΟι
1494 2326 1671 2387 Τριβθν,
1701 2323 1898 2389 δίαβίῳη
1982 2380 1984 2390 Ι

259 894 287 935 d
303 888 424 949 μεθά
461 911 511 939 τε
549 888 719 941 λοιπὸν
751 890 965 942 ὑποκάτω
992 890 1128 951 σ-υκῆς
1162 897 1239 942 καὶ
1275 894 1502 958 ἀμπέλου.
1567 893 1642 942 καὶ
1669 890 1781 951 σ-υκῆ
1805 891 1892 955 μὲν

267 1533 400 1577 5”Οτι
437 1534 598 1576 Πάντες
634 1533 673 1576 οἱ
710 1535 808 1577 λαοὶ
839 1536 1125 1593 Πορεύσονται
1157 1538 1336 1579 ἕκαστος
1368 1535 1445 1578 τὴν
1471 1536 1573 1579 ὁδὸν
1605 1537 1745 1589 αὐτοῦ,
1772 1534 1894 1586 ὑμεῖς

307 207 393 245 664
703 207 754 247 B.
798 206 1080 247 CYRILLI
1130 207 1513 247 ALEXANDR.
1767 207 1822 248 iv.
1846 218 1884 261 5.

378 317 436 365 Εἰ
481 313 529 365 δὲ
568 313 625 378 δή
665 337 735 368 τις
779 312 935 367 ἕλοιτο
972 318 1046 367 καὶ
1084 320 1403 377 πνευματικῶς
1440 320 1536 370 τοῖς
1572 315 1888 382 προκειμένοις

302 401 619 461 προσβαλεῖν,
647 396 845 462 συνήσει
880 397 1028 449 πάλιν
1063 397 1133 449 ὅτι
1164 397 1249 462 τὴν
1281 400 1330 448 ἐκ
1361 401 1444 462 τῆς
1482 398 1598 452 ἰδίας
1631 399 1738 462 ἡμῖν
1772 399 1886 462 ἡμε-

302 478 499 544 ρότητος
549 477 734 544 εἰρήνην
783 480 1102 545 βραβεύοντος
1144 483 1372 546 Χριστοῦ,
1418 483 1493 530 καὶ
1544 485 1888 545 καταργοῦντος

302 558 386 612 τὰς
425 558 575 627 ἀρχὰς
612 562 688 611 καὶ
721 559 829 615 τοῦς
863 561 1014 613 πάλαι
1044 563 1334 630 μαχομένους
1358 566 1454 615 τοῖς
1479 562 1725 613 ἐθέλουσιν
1750 562 1882 612 εὐσε-

301 646 416 703 βεῖν,
453 641 779 711 κατελήξαμεν
816 643 1062 708 δειμάτων,
1107 644 1198 713 ἔξω
1237 667 1286 695 τε
1333 644 1593 710 γεγόναμεν
1630 644 1803 713 ἐφόδου
1839 667 1888 694 τε
1909 666 1931 704 5

302 725 378 774 καὶ
405 723 571 791 μάχης,
598 725 902 791 τετραμμένοι
935 749 986 776 τε
1019 725 1138 793 πρὸς
1172 728 1405 793 γεωργίαν
1429 731 1523 777 τῶν
1553 730 1891 789 πνευματικῶν,

303 807 380 856 καὶ
413 805 520 859 τοῦς
553 809 636 870 τῆς
673 809 970 872 δικαιοσύνης
1007 808 1213 875 καρποὺς
1243 810 1594 874 συναγείρομεν,
1623 807 1892 859 ἀναπεπαύ-

303 971 439 1022 ε”σται
481 971 774 1037 γλυκύτητος
825 972 1095 1036 σύμβολον,
1145 977 1358 1042 ἄμπελος
1399 974 1452 1025 δέ
1496 997 1550 1039 γε
1599 976 1682 1038 τῆς
1725 977 1892 1038 νοητῆς

304 1054 583 1122 εῦφρασίας.
651 1054 829 1120 γλυκὺς
872 1054 966 1121 γὰρ
1011 1057 1121 1106 λίαν
1170 1063 1254 1107 τοῦ
1297 1059 1517 1122 Σωτῆρος
1555 1057 1580 1107 ὁ
1619 1055 1777 1122 λόγος,
1816 1059 1891 1107 καὶ
1915 1047 1996 1108 10¹

305 1138 659 1205 κατευφραίνειν
703 1137 834 1192 εἰδὼς
878 1139 1072 1204 καρδίαν
1115 1138 1379 1205 ἀνθρώπου,
1422 1138 1541 1189 κατὰ
1577 1137 1632 1190 τὸ
1676 1162 1885 1205 γεγραμ-

305 1219 461 1281 μένον.
504 1224 700 1284 γλυκεῖα
726 1220 774 1271 δὲ
812 1220 869 1284 δὴ
902 1220 1021 1286 πρὸς
1047 1221 1196 1291 τούτῳ
1223 1224 1297 1272 καὶ
1325 1221 1619 1288 εὐφροσύνης
1644 1222 1893 1285 ἐπίμεστος

305 1301 334 1365 ἡ
361 1305 424 1356 εἰς
447 1300 500 1352 τὸ
527 1301 712 1365 μέλλον
736 1303 885 1366 ἐλπὶς,
911 1300 968 1367 ἣν
995 1305 1043 1354 ἐν
1067 1306 1267 1373 Χριστῷ
1291 1303 1696 1368 πεπλουτήκαμεν.

379 1616 425 1657 δὲ
463 1619 762 1675 Πορευσόμεθα
796 1619 840 1660 ὲν
874 1618 1054 1668 ὀνόματι
1082 1618 1232 1676 Κυρίου
1267 1619 1376 1661 Θεοῦ
1409 1619 1530 1668 ἡμῶν
1563 1617 1623 1660 eie
1656 1620 1729 1662 τὸν
1756 1618 1893 1661 αἰῶνα
1918 1634 1991 1673 15
2020 1623 2021 1626 ’

379 1700 449 1742 καὶ
475 1701 690 1743 ἐπέκεινα.

385 1824 451 1872 Οἱ
475 1822 692 1886 σπουδὴν
716 1824 1014 1888 πεποιημένοι
1039 1823 1092 1877 τὸ
1119 1826 1379 1894 ἀναφοιτᾶν
1404 1829 1465 1880 εἰς
1490 1824 1545 1876 τὸ
1571 1824 1678 1891 ὅρος
1707 1824 1896 1890 Κυρίου,

311 1906 386 1954 καὶ
429 1906 771 1967 ἀναμανθάνειν
811 1908 1048 1961 ἐθέλοντες
1086 1907 1169 1962 τὰς
1212 1910 1400 1975 τρίβους
1435 1909 1589 1971 αὑτοῦ,
1627 1906 1681 1958 τὸ
1719 1906 1898 1972 εὐήνιον

311 1985 706 2052 ἐπαγγέλλονται,
742 1991 817 2040 καὶ
853 1993 937 2054 τῆς
981 1991 1030 2040 ἐν
1069 1993 1269 2060 Χριστῷ
1309 1991 1543 2044 πολιτείας
1587 1990 1896 2057 ἀποδέχονται

310 2068 370 2120 τὰ
420 2069 684 2137 αὐχήματα,
726 2074 802 2122 καὶ
850 2072 921 2123 ὅτι
970 2077 1065 2124 τῶν
1116 2078 1178 2127 εἰς
1228 2074 1471 2133 εὐσέβειαν
1510 2072 1897 2134 σπουδασμάτων
1918 2069 2017 2117 20³

308 2154 452 2204 παντὶ
487 2152 543 2217 δὴ
578 2155 735 2205 σθένει
774 2153 1188 2220 μεταποιήσονται,
1215 2155 1291 2206 διὰ
1328 2156 1507 2206 τούτων
1544 2155 1653 2219 ἡμῖν
1686 2155 1734 2205 εῦ
1766 2153 1898 2217 μάλα
1983 2145 1987 2159 ’

311 2236 761 2300 κατασημαίνουσιν.
820 2237 1010 2293 ἕκαστος
1038 2238 1123 2301 μὲν
1149 2237 1242 2305 γάρ
1268 2242 1390 2307 φησι
1415 2243 1510 2289 τῶν
1534 2240 1582 2289 ἐν
1605 2236 1740 2305 πάσῃ
1765 2236 1898 2304 χώρᾳ

310 2400 360 2452 δὲ
398 2401 456 2452 αὖ
491 2401 610 2452 κατὰ
643 2400 698 2452 τὸ
732 2403 859 2472 αὐτῷ
903 2405 1071 2454 δοκοῦν
1111 2402 1139 2468 ἢ
1175 2406 1251 2454 καὶ
1289 2405 1338 2454 εὖ
1376 2403 1496 2471 ε”χειν
1535 2401 1894 2467 ὑπειλημμένον·
1979 2464 1983 2484 ἰ

309 2483 421 2548 ἡμῖν
458 2483 506 2535 δὲ
541 2487 737 2553 φροντὶς
775 2486 800 2536 ὁ
835 2484 1062 2552 Χριστὸς,
1099 2487 1173 2537 καὶ
1217 2487 1382 2552 τρίβον
1420 2485 1566 2553 ὀρθὴν
1603 2484 1899 2550 ποιησόμεθα
1919 2498 1983 2545 25
2007 2493 2021 2514 ⁷³

362 2655 392 2678 1.
419 2643 471 2678 καὶ
489 2650 712 2690 assumptum
729 2656 771 2679 ex
788 2645 832 2679 A.
994 2656 1026 2680 2.
1051 2645 1112 2689 τὴν
1128 2652 1350 2691 assumptum
1367 2658 1410 2681 ex
1426 2647 1471 2680 A.
1629 2659 1663 2689 4.
1689 2647 1748 2682 τὰς
1765 2657 1835 2681 om.
1852 2646 1898 2682 A.

312 2700 347 2736 5.
372 2690 530 2735 ῥημάτων
546 2691 636 2736 (sic)
653 2704 717 2737 pro
733 2692 898 2736 δειμάτων
913 2692 959 2727 A.
1007 2707 1044 2726 τε
1062 2694 1121 2728 alt.
1138 2700 1361 2738 assumptum
1379 2705 1421 2727 ex
1441 2694 1482 2727 B.
1572 2693 1605 2728 6.
1623 2693 1837 2739 τεθράμμεθά
1853 2695 1899 2728 Α.

313 2747 346 2782 7.
373 2739 425 2771 καὶ
443 2738 539 2772 deest
556 2739 592 2772 in
612 2738 655 2773 Β.
778 2740 811 2773 8.
838 2740 891 2773 καὶ
908 2740 967 2773 alt.
986 2751 1057 2774 om.
1076 2741 1120 2774 A.
1259 2752 1292 2785 9.
1319 2740 1395 2775 ἐστὶ
1411 2752 1475 2785 pro
1491 2740 1589 2775 ἔσται
1607 2740 1650 2775 Β.
1765 2751 1819 2774 ῐΟ.
1844 2741 1898 2775 εὗ-

312 2784 466 2828 φρασίας
483 2785 527 2819 Α.
545 2785 759 2831 εὐφροσύνης
778 2785 870 2821 Edd.
921 2788 980 2831 τῆς
997 2788 1151 2831 Σωτῆρος
1168 2785 1203 2832 ὁ]
1220 2789 1238 2821 ὁ
1255 2790 1316 2821 τοῦ
1332 2789 1467 2832 Πατρὸς
1480 2787 1524 2822 Α.
1697 2797 1750 2821 12.
1767 2786 1899 2823 τούτοις

312 2843 376 2875 pro
393 2833 478 2877 πρὸς
494 2831 603 2878 τούτῳ
620 2833 665 2868 A.
842 2843 897 2876 15.
922 2832 1066 2880 Κυρίου]
1086 2837 1238 2878 Χριστοῦ
1254 2834 1299 2870 Α.
1321 2833 1515 2880 [Neutrum
1532 2833 1662 2868 habent
1678 2834 1779 2867 Alex.
1801 2833 1896 2880 106.]

312 2879 371 2911 τὸν
387 2890 460 2913 om.
477 2878 514 2913 F.
534 2878 627 2913 Edd.
843 2881 897 2914 18.
919 2881 979 2916 τὰς
995 2892 1065 2915 om.
1084 2881 1129 2914 A.
1367 2892 1422 2915 21.
1448 2882 1488 2925 δὴ
1507 2887 1728 2925 assumptum
1746 2892 1788 2914 ex
1806 2881 1897 2915 A.B.

312 2928 568 2965 μεταποιοῦνται
585 2927 630 2961 Α.
678 2925 757 2971 ἡμῖν
772 2938 843 2962 om.
860 2927 906 2962 A.
1097 2938 1153 2962 22.
1178 2928 1239 2972 μὲν
1255 2935 1478 2973 assumptum
1496 2940 1538 2962 ex
1555 2927 1601 2961 A.
1656 2929 1748 2971 φησι
1765 2939 1835 2962 om.
1852 2928 1897 2962 A.

313 2971 512 3060 (23.)ng61]
538 2974 581 3018 γῇ
599 2973 645 3008 Α.
692 2973 734 3008 ἂν
756 2985 827 3009 om.
852 2975 897 3009 A.
946 2974 1137 3020 διαστίχειν
1162 2975 1242 3019 (sic)
1262 2976 1306 3010 A.
1354 2975 1486 3016 διαβιῶ·
1512 2974 1586 3018 ἡδὲ
1604 2985 1667 3019 pro
1693 2974 1835 3020 διαβιῴη
1860 2974 1898 3008 δὲ

331 3028 380 3051 Slc
448 3043 456 3052 .
