2021 3434
114 203 199 244 viii.
228 218 290 255 11,
319 219 383 248 12.
578 207 647 247 IN
688 206 922 247 OSEAM.
985 205 1133 246 TOM.
1175 204 1229 245 V.
1602 206 1682 245 177

111 316 160 365 ἐν
196 314 289 381 ὅρει
325 318 465 368 παντὶ
502 319 577 368 καὶ
616 320 771 386 βουνῷ
804 316 991 380 βωμοὺς
1033 313 1305 368 ἀνιστάντες
1345 317 1440 366 τοῖς
1477 312 1682 375 δαίμοσι,

111 396 234 447 θύειν
271 397 510 450 ἀνέπειθον
546 398 653 453 τοὺς
690 398 746 467 ἐξ
771 398 988 465 Ἰσραήλ.
1055 395 1151 448 εἶτα
1183 399 1436 448 λυπεῖσθαι
1474 394 1576 446 δεόν
1610 395 1684 445 ἐπὶ

109 484 204 532 τοῖς
223 480 367 535 οὕτως
393 480 601 535 ἐκτόποις
628 479 992 547 ἐπιχειρήμασιν
1029 477 1266 539 ἑπληθυναν
1285 476 1378 543 γὰρ
1405 476 1684 546 θυσιαστήρια

108 559 167 610 τὰ
195 566 253 617 εἷς
279 565 520 633 ἁμαρτίας·
562 562 841 627 ἐποιήσαντό
868 566 1018 630 φησιν
1049 560 1167 612 αὐτοὶ
1198 562 1273 611 καὶ
1298 557 1580 627 ἧγαπημένα,
1607 560 1682 609 καὶ
1700 570 1727 611 d

67 653 88 689 5
107 644 302 737 προσέτι
326 645 504 699 τούτοις
535 651 593 701 εἰς
627 647 844 714 ἀλλοτρια
879 643 1167 711 ἐλογίσθησαν
1194 647 1324 711 αὐτῷ·
1365 644 1511 705 δῆλον
1538 641 1586 692 δὲ
1613 641 1684 693 ὅτι

107 727 172 792 τῷ
192 724 416 793 Ἐφραίμ·
458 726 736 797 θυσιαστήρια
761 751 822 778 τοι
849 725 1130 794 ἦγαπημενα.
1184 728 1325 789 δηλοῖ
1346 723 1394 774 δὲ
1420 723 1476 788 δὴ
1497 722 1684 778 πάντως

106 805 165 856 τὰ
199 808 247 857 ἐν
281 813 338 876 τῇ
373 810 544 878 ἀρχαίᾳ
578 813 742 877 σκηνῇ,
769 808 914 874 ἠγουν
947 810 994 859 ἐν
1027 812 1123 862 τοῖς
1147 805 1510 874 Ιεροσολύμοις,
1538 807 1586 856 ἐν
1617 809 1683 856 τῶ

107 889 213 939 θείω
245 892 425 952 κείμενα
465 896 572 961 ναῷ.
636 892 717 943 δύο
743 890 844 942 δὲ
816 898 942 956 ἠσαν
965 891 1110 941 ταυτί
1149 889 1203 940 τὸ
1238 911 1322 952 μεν
1358 892 1452 938 τῶν
1485 910 1678 954 καρπω-

105 969 267 1032 μάτων
304 974 352 1023 ἐν
389 978 446 1042 τῇ
480 973 641 1042 πρώτῃ
676 977 840 1042 σκηνῇ,
867 971 920 1024 τὸ
948 972 995 1023 δὲ
1022 972 1174 1039 ἕτερον
1199 976 1282 1022 τοῦ
1313 969 1601 1034 θυμιάματος
1627 970 1681 1021 τὸ

41 1072 86 1096 10
105 1060 327 1121 χρυσοῦν,
354 1057 401 1106 ἐν
425 1059 483 1124 τῇ
510 1056 697 1125 δευτέρᾳ
720 1058 794 1107 καὶ
820 1054 1058 1106 ἐσωτάτω.

180 1137 357 1187 Πολλὰ
401 1144 648 1204 τοιγαροῦν
692 1142 783 1189 τῶν
820 1137 876 1206 ἐξ
911 1136 1122 1206 Ἐφραὶμ
1167 1132 1582 1196 βεβασιλευκότων
1622 1133 1682 1185 τοὶ

104 1217 395 1282 ἐγκλήματα·
436 1224 623 1285 πρῶτον
655 1219 738 1283 μὲν
773 1218 842 1270 ὅτι
873 1218 1109 1280 ἑπληθυνοιν
1142 1217 1422 1286 θυσιαστήρια
1448 1222 1507 1271 εἰς
1532 1221 1681 1284 αμαρ-
1700 1242 1721 1268 e

104 1300 219 1354 τῖας·
287 1298 383 1352 εἶτα
431 1301 501 1352 ὅτι
545 1304 620 1353 καὶ
663 1300 932 1370 ἠγαπημένοι
971 1301 1259 1365 πεποίηνται,
1303 1299 1364 1350 τὰ
1407 1298 1479 1367 ἐφ’
1521 1297 1587 1350 οἶς
1626 1296 1683 1361 ἧν

103 1380 221 1436 εἰκὸς
246 1383 568 1451 ὀλοφύρεσθαι
606 1386 680 1434 καὶ
717 1388 911 1450 θρηνεῖν,
938 1385 1000 1437 ὡς
1031 1380 1479 1449 προσκεκρουκότας·
1521 1382 1597 1431 καὶ
1628 1380 1682 1431 τὸ

39 1481 84 1519 15
104 1463 168 1514 e’'†c
194 1463 357 1530 μεῖζον,
385 1468 446 1519 ὡς
480 1464 791 1520 ἀπονενευκὼς
825 1468 886 1519 εἷς
923 1464 1160 1528 ἀπόνοιαν,
1187 1466 1410 1534 ἀλλότριοι
1433 1463 1682 1527 πεποίηται

103 1546 164 1597 τα
202 1548 471 1615 ηγαπημένα
515 1547 807 1617 θυσιαστήρια,
845 1546 876 1598 ἃ
917 1549 1057 1615 ἐχρῆν
1101 1546 1244 1600 ὅντως
1284 1549 1475 1611 ἀγαπᾶν
1516 1547 1591 1595 καὶ
1634 1547 1683 1596 ἐν

103 1631 240 1679 παντὶ
266 1634 500 1681 ποιεῖσθαι
524 1628 672 1700 λόγῳ.
739 1630 1051 1697 προσέῤῥιπτε
1082 1629 1129 1681 δὲ
1164 1629 1238 1680 διὰ
1261 1630 1423 1694 με’σου,
1451 1626 1504 1678 τὸ
1534 1650 1681 1679 κατα-

104 1707 278 1780 γράψαι)
309 1716 426 1783 αὐτῷ
463 1711 627 1773 πληθος
669 1720 745 1764 καὶ
782 1712 840 1763 τοι
875 1715 1041 1781 νόμιμα
1075 1715 1220 1764 αὑτοῦ.
1289 1712 1368 1762 καί
1397 1734 1441 1762 τι
1472 1715 1682 1761 τοιοῦτον

1743 901 1849 932 Exod.

1742 946 1786 977 xl.
1809 945 1858 981 26,

105 1794 348 1858 ὑποδηλοῖ·
386 1793 440 1846 τὸ
475 1794 567 1862 γάρ
603 1818 673 1846 τοι
704 1794 870 1855 πληθᾶς
899 1798 1020 1863 φησι
1056 1799 1150 1846 τῶν
1181 1800 1240 1850 εὶς
1266 1795 1496 1863 ἁμαρτίας
1527 1793 1680 1846 αὐτοῖς
1698 1827 1720 1852 a
1748 1818 1828 1852 124
1849 1817 1900 1851 A,

38 1902 85 1926 20
104 1877 424 1941 πεποιημένων
467 1876 782 1943 Θυσιαστηρίων,
830 1882 906 1928 καὶ
955 1876 1015 1929 τοὶ
1058 1879 1226 1946 νόμιμα
1267 1875 1418 1939 αὑτοῖν,
1468 1874 1682 1926 τουτέστι

104 1958 263 2022 πάλιν,
279 1959 361 2013 τὰς
385 1960 538 2013 αὐτοῖς
564 1960 896 2023 νενομισμένας
921 1960 1098 2022 θυσίας,
1125 1960 1227 2025 ἤτοι
1252 1958 1359 2013 τοὺς
1384 1963 1477 2010 τῶν
1504 1962 1682 2009 θυσιῶν

104 2039 286 2107 καιροὺς
311 2041 340 2107 ἢ
366 2042 580 2109 τρόπους,
606 2043 711 2093 καθ’
731 2041 809 2095 οὓς
834 2041 917 2096 τὰς
941 2040 1176 2106 βεβήλους
1202 2044 1449 2108 προσῆγον
1476 2038 1679 2093 τελετάς·

105 2123 435 2187 κατετέμνοντο
466 2124 558 2191 γὰρ
592 2125 666 2176 ἐπὶ
702 2125 822 2194 σίτῳ
847 2126 922 2175 καὶ
948 2123 1069 2194 οἴνῳ,
1098 2128 1172 2176 καὶ
1200 2122 1332 2190 ἕτερα
1359 2121 1476 2173 ἅττα
1501 2121 1680 2174 τούτοις

106 2204 285 2256 ἐοικότα
322 2209 436 2272 δρᾶν
477 2206 782 2274 ἐσπούδαζον·
827 2212 886 2261 εἰς
923 2208 1151 2277 ἁμαρτίας
1192 2207 1345 2259 αὐτοῖς
1385 2198 1680 2274 καταγράψαι

40 2306 86 2343 25
108 2289 182 2338 καὶ
209 2291 271 2341 εἷς
295 2288 580 2354 ἐγκλήματα.

180 2373 355 2437 Χρῆμα
385 2369 441 2435 δὴ
479 2371 559 2422 οὖν
596 2370 841 2437 σωτήριον,
869 2370 922 2421 τὸ
954 2374 1048 2422 τῶν
1074 2371 1209 2421 θείων
1233 2369 1424 2437 ε”χεσθαι
1449 2367 1680 2428 θυσιαστη-

108 2456 210 2524 ρῖων,
246 2459 320 2505 καὶ
357 2459 704 2519 μεταποιεῖσθαι
736 2460 830 2507 τῶν
870 2453 999 2522 παρὰ
1036 2458 1174 2517 Θεοῦ,
1212 2454 1287 2504 καὶ
1329 2451 1394 2516 μὴ
1432 2451 1582 2518 ζητεῖν
1619 2452 1680 2502 τὰ

334 2535 351 2554 ὁ

108 2537 286 2604 ἑτέρων,
328 2561 357 2588 α
401 2540 475 2588 καὶ
516 2537 645 2589 ἔστιν
683 2542 745 2592 εἷς
788 2539 1025 2607 οίμαρτίαν.
1091 2541 1228 2587 τοῦτο
1265 2539 1483 2586 ποιοῦσιν
1526 2537 1568 2584 οἱ
1613 2533 1722 2598 μὴι)

106 2621 315 2684 ’γνησίως
344 2619 745 2688 χριστιανίζοντες,
777 2621 1074 2671 ἐκπίπτοντες
1118 2617 1165 2668 δὲ
1199 2615 1315 2679 μετὰ
1352 2615 1405 2666 τὸ
1443 2614 1678 2682 σωτήριον

41 2722 90 2758 3ο
108 2701 359 2767 βάπτισμα
395 2701 511 2769 πρὸς
549 2702 628 2767 ε”θη
664 2704 738 2753 καὶ
772 2699 1119 2768 παρατηρήσεις
1144 2697 1443 2761 Ἑλληνικὰς,
1469 2697 1536 2753 οἷς
1562 2698 1672 2750 ἀκό-

158 2885 189 2908 2.
213 2875 346 2909 ἔπειθον
362 2875 454 2909 Edd.
620 2876 652 2909 6
678 2874 717 2917 δὴ
737 2878 955 2916 assumptum
973 2882 1013 2904 ex
1032 2870 1078 2904 D.
1089 2870 1125 2904 b.
1296 2880 1347 2903 ΙΙ.
1374 2869 1567 2916 τοιγαροῦν]
1588 2875 1624 2912 -Ι-
1642 2871 1678 2905 ἐν

111 2921 200 2967 αὐτῷ
218 2922 264 2955 D.
363 2933 415 2965 15.
442 2919 681 2978 drrovevffvxcbs]
702 2920 953 2953 ἀπονενευκότες
971 2916 1061 2951 Edd.
1110 2917 1305 2960 πεποίηνται
1321 2916 1380 2950 iid.
1480 2917 1531 2951 16.
1554 2917 1674 2963 ὅντως]

111 2967 214 3004 οὕτως
230 2968 289 3002 iid.
389 2979 440 3013 17.
459 2967 702 3012 προσὲρριπτοι
724 2966 768 2999 D.
868 2965 920 2998 18.
938 2964 992 2997 καί
1008 2962 1056 3008 τι]
1077 2964 1129 2997 καὶ
1146 2978 1178 2997 τι
1172 2961 1253 2998 'iid.
1351 2972 1404 3008 25.
1423 2978 1475 2997 και
1493 2964 1540 2999 εἷς
1555 2964 1676 3010 ἐγκλή-

111 3029 197 3058 ματα
217 3015 261 3049 D.
279 3017 319 3049 τὰ
338 3015 525 3060 ἐγκλήματα
545 3015 601 3047 iid.
700 3013 752 3045 26.
772 3026 808 3044 οι
813 3026 828 3044 ν
845 3011 883 3054 δὴ
898 3010 1041 3044 ordine
1035 3022 1093 3044 mv
1095 3022 1171 3044 erso
1187 3010 1230 3043 D.
1327 3021 1382 3055 30.
1401 3011 1612 3056 ἐπιτηρήσας
1631 3012 1674 3046 D.

170 3083 259 3109 VOL.
287 3083 312 3109 1.
845 3080 871 3104 A
892 3082 913 3104 Ί.

1741 2144 1848 2185 Supra

1739 2199 1794 2219 vu.
1816 2199 1863 2227 14·
