2021 3434
300 188 352 227 74
689 187 736 225 B.
781 186 1055 225 CYRILLI
1097 186 1475 227 ALEXANDR.
1738 188 1777 227 ii.
1807 200 1868 240 19.
2018 109 2021 208 ⁴

297 301 418 365 φημὶ
467 302 639 364 δωρεᾶς
687 321 736 349 τε
777 301 852 349 καὶ
902 297 1106 365 χάριτος,
1160 299 1214 349 οὐ
1260 298 1551 364 πρόσκαιρον
1601 298 1722 361 ἡμῖν,
1768 299 1871 350 οὐδὲ

296 380 525 446 σαρκικὴν
575 380 929 446 εἷσκομιζούσης
977 380 1253 444 ἐλευθερίαν.
1341 381 1631 445 καταγράφει
1681 380 1774 446 γὰρ
1823 383 1871 431 ἐν

75 470 184 529 ²0:01&
295 462 467 515 τέκνοις
494 466 631 523 Θεοῦ,
662 464 737 512 καὶ
764 470 791 492 “
810 461 892 512 τὸν
921 463 1169 529 ἀῤῥαβῶνα
1201 467 1283 513 τοῦ
1309 462 1613 526 Πνεύματος”
1642 464 1864 531 ἐπιδαψι-

71 525 102 545 v.
123 530 152 554 θ’
296 542 492 601 λεύεται,
523 546 597 593 καὶ
633 545 848 607 διηνεκεῖς
877 543 1012 610 ὁρίζει
1039 543 1221 606 νόμους.
1287 548 1362 595 καὶ
1388 550 1503 609 γοῦν
1525 544 1644 610 πρὸς
1678 544 1819 595 αὐτὸν
1844 547 1869 595 ὁ

72 634 170 708 ἔξω
257 651 277 676 c
295 629 412 677 θεῖος
439 624 529 693 ἔφη
555 648 647 676 που
675 627 848 677 Δαυείδ
873 633 899 655 “
917 627 981 676 Ἡ
1004 626 1274 689 δικαιοσύνη
1300 649 1390 677 σου
1417 626 1686 691 δικαιοσύνη
1707 630 1769 680 εἰς
1787 626 1869 677 τὸν
1889 641 1911 677 5

73 690 183 760 142fu'
294 713 320 735 ‘⁶
345 710 502 767 αἰῶνα,
537 709 611 758 καὶ
651 710 675 758 ὁ
714 708 857 774 λόγος
895 731 985 759 σου
1023 708 1261 772 ἀλήθεια·”
1305 708 1576 777 ἀναφανδὸν
1614 706 1746 772 οἶμαί
1778 732 1870 760 που

291 789 462 851 δηλῶν,
491 788 561 840 ὅτι
598 791 702 841 οὔτε
737 794 798 844 εἷς
835 790 916 841 τὸν
951 795 1094 841 αἰῶνα
1129 791 1252 854 με’νει
1284 790 1343 841 τὰ
1373 793 1420 841 ἐν
1453 789 1592 861 νόμῳ,
1625 814 1863 856 μεταστη-

289 872 490 934 σομένης
529 875 611 936 τῆς
649 877 784 926 σκιᾶς
820 877 882 927 εἰς
919 872 1156 937 ἀλήθειαν,
1189 874 1292 924 οὔτε
1324 872 1417 938 μὴν
1449 876 1531 937 τῆς
1565 874 1785 937 ἀληθείας
1814 872 1868 925 τὸ

288 952 469 1006 κάλλος
507 955 554 1004 ἐν
589 959 685 1008 τοῖς
726 960 927 1017 νομικοῖς
968 956 1217 1022 γράμμασι
1260 955 1554 1022 καταθρήσαι
1595 979 1663 1009 τις
1701 955 1771 1006 ἄν·
1811 954 1868 1020 ἧν

286 1034 392 1100 γὰρ,
421 1038 482 1089 ὡς
508 1036 640 1103 ἔφην,
665 1037 778 1087 σκιὰ
809 1040 883 1088 καὶ
920 1038 1062 1092 τύπος
1099 1040 1124 1089 ὁ
1158 1037 1309 1100 νόμος.
1374 1037 1682 1102 μνηστεύεται
1715 1039 1868 1089 τοίνυν
1894 1064 1936 1088 ιο

286 1115 442 1181 αὐτὴν,
479 1117 561 1168 τὸν
596 1120 644 1169 ἐν
680 1121 843 1187 ἀρχαῖς
881 1143 931 1170 τε
975 1122 1050 1171 καὶ
1087 1125 1274 1185 πρῶτον
1313 1121 1546 1185 ἀθετήσας
1576 1120 1747 1186 γάμον.
1814 1122 1867 1171 οὐ

285 1197 377 1263 γὰρ
414 1200 567 1254 ἱκανὸς
606 1202 630 1251 ὁ
667 1200 807 1264 νόμος
845 1203 1062 1270 συνάψαι
1097 1206 1204 1272 Θεῷ
1241 1204 1428 1256 τελείως
1454 1226 1503 1253 τε
1535 1205 1610 1253 καὶ
1637 1207 1864 1268 καθαρῶς·

285 1279 517 1347 πρόσιμεν
543 1281 591 1333 δὲ
617 1284 741 1353 αὐτῷ
776 1283 830 1334 δι’
856 1288 986 1346 Υὶοῦ,
1014 1287 1088 1335 καὶ
1122 1289 1215 1335 τῶν
1246 1282 1301 1335 δι’
1330 1285 1470 1336 αὐτοῦ
1510 1283 1864 1347 θεσπισμάτων,

242 1363 499 1415 (Ιτουτέστι
549 1369 643 1415 τῶν
699 1367 1029 1432 εὐαγγελικῶν,
1081 1366 1111 1417 ἃ
1154 1370 1228 1417 καὶ
1278 1366 1593 1431 πνευματικὴν
1643 1367 1735 1434 ἔχει
1778 1366 1865 1431 τὴν

286 1443 456 1495 ἕνωσιν
485 1445 586 1509 ἤτοι
611 1446 884 1515 συνάφειαν·
926 1449 1150 1511 ἑνούμεθα
1182 1449 1275 1514 γὰρ
1304 1452 1370 1518 τῷ
1397 1451 1505 1518 Θεῷ
1533 1452 1580 1500 ἐν
1610 1448 1863 1513 Πνεύματι,
1888 1470 1933 1508 15

65 1560 79 1580 2
99 1551 221 1583 spa,
283 1529 358 1576 καὶ
387 1530 469 1591 τῆς
502 1530 627 1582 θείας
662 1531 803 1581 αὐτοῦ
834 1531 1024 1599 φύσεως
1048 1537 1343 1594 πλουτοῦμεν
1369 1530 1457 1595 τὴν
1483 1530 1680 1600 μέθεξιν.
1734 1530 1864 1585 εἰκὸς

63 1606 130 1636 1·4·
284 1608 340 1658 δέ
364 1631 408 1659 τι
440 1612 515 1660 καὶ
555 1611 711 1677 ἕτερον
745 1613 856 1676 ἡμῖν
896 1615 1169 1682 ὑποφαίνειν
1208 1614 1405 1667 ἀστείως
1443 1612 1496 1664 τὸ
1535 1612 1868 1682 μνηστεύσομαί

282 1713 334 1742 σε
378 1691 572 1762 ε’μαυτῷ·
617 1693 840 1759 συνήσεις
876 1694 968 1762 γὰρ
1011 1693 1098 1746 ὧδε
1142 1696 1304 1747 πάλιν.
1373 1694 1402 1760 ὴ
1454 1694 1547 1761 γὰρ
1589 1695 1644 1746 τὸ
1688 1697 1865 1765 ἐμαυτῷ

282 1775 445 1841 φησὶν,
481 1776 583 1825 ἀντὶ
621 1782 703 1827 τοῦ
744 1774 795 1828 δι’
837 1779 1040 1846 ἐμαυτοῦ,
1073 1780 1140 1841 οὐ,
1179 1777 1300 1830 καθὰ
1330 1780 1404 1829 καὶ
1441 1778 1604 1840 πάλαι,
1643 1785 1856 1840 μεσολα-

279 1854 492 1915 βούντων
543 1859 773 1924 ἀγγέλων,
839 1861 941 1911 οὔτε
1005 1860 1098 1925 μὴν
1151 1859 1365 1912 διακόνου
1427 1860 1550 1914 τινὸς
1606 1864 1667 1913 εἷς
1724 1866 1861 1911 τοῦτο
1883 1889 1931 1912 20

63 1963 216 1996 Es.1xiii.
281 1940 670 2004 παρειλημμένου,
699 1941 816 1993 κατὰ
844 1941 925 1993 τὸν
958 1949 1040 1994 τοῦ
1078 1944 1324 1997 Μωυσέως
1355 1942 1546 2010 τρόπον.
1615 1944 1734 1994 “Οὑ
1767 1943 1860 2010 γὰρ

61 2017 90 2047 9'
243 2058 265 2084 θ
282 2029 310 2050 “
334 2023 559 2088 πρέσβυς,
587 2026 670 2075 οὐκ
697 2026 915 2091 ἄγγελος,
942 2027 1060 2078 κατὰ
1086 2027 1139 2078 τὸ
1170 2028 1507 2094 γεγραμμένον,
1533 2029 1644 2078 ἀλλ’
1673 2029 1810 2082 αὐτὸς
1834 2030 1860 2080 ὁ

282 2112 309 2134 “
336 2104 548 2171 Κύριος,”
576 2108 600 2158 ὁ
627 2109 676 2158 ἐκ
705 2112 827 2160 Θεοῦ
856 2109 1045 2176 Πατρὸς
1072 2109 1229 2175 Λόγος
1255 2110 1501 2176 ἄνθρωπος
1528 2111 1731 2177 γεγονὼς
1755 2111 1857 2162 καθ’

58 2197 192 2280 {pk-iiv-
280 2188 412 2251 ἡμᾶς,
463 2189 609 2259 ἑαυτῷ
659 2191 934 2257 παρέστησε
983 2191 1070 2257 τὴν
1121 2194 1389 2256 ἐκκλησίαν,
1444 2196 1518 2244 καὶ
1576 2201 1602 2222 “
1619 2193 1724 2247 τοὺς
1777 2195 1859 2244 δύο

63 2266 209 2324 ι5,’6,’8.
281 2278 307 2299 “
334 2270 479 2325 λαοὺς
504 2271 685 2322 ε’ἶκτισεν
709 2277 771 2327 εὶς
805 2274 883 2324 ἕνα
916 2273 1074 2324 καινὸν
1101 2274 1361 2339 ἄνθρωπον,
1388 2279 1534 2325 ποιῶν
1560 2275 1755 2341 εἰρήνην,
1783 2278 1857 2326 καὶ
1879 2301 1926 2339 25

279 2359 307 2381 ‘⁶
332 2353 750 2405 ἀποκαταλλάσων
787 2354 895 2409 τοὺς
939 2357 1232 2424 ἀμφοτέρους
1275 2358 1323 2406 ἐν
1367 2357 1430 2407 ἑνὶ
1475 2358 1702 2419 πνεύματι
1739 2357 1858 2424 πρὸς
1985 2387 1990 2446 ἱ

281 2442 307 2464 “
331 2433 413 2485 τὸν
436 2437 655 2502 πατερα,”
687 2436 806 2488 κατὰ
831 2436 918 2503 τὴν
945 2444 1027 2489 τοῦ
1051 2440 1280 2504 μακαρίου
1309 2440 1507 2490 Παύλου
1533 2440 1710 2508 φωνήν.
1985 2447 1990 2476 ¹

345 2515 415 2567 “H
444 2520 518 2568 καὶ
545 2520 646 2569 καθ’
675 2519 843 2585 ἕτερον,
869 2524 905 2570 εἰ
930 2520 1105 2581 βούλει,
1133 2520 1308 2586 τρόπον
1338 2522 1500 2590 ε’κδέξῃ
1526 2522 1579 2573 τὸ
1604 2523 1854 2589 εἰρημένον.
1981 2485 1989 2606 ἒ

279 2598 588 2660 ἐμνηστεύετο
645 2601 751 2667 γὰρ,
796 2604 856 2655 ὡς
907 2602 1038 2671 ἔφην,
1089 2604 1137 2653 ἐν
1190 2603 1417 2673 Αἰγύπτῳ
1467 2604 1580 2656 ποτὲ
1628 2608 1714 2670 τὴν
1763 2612 1857 2658 τῶν
1980 2608 1986 2715 1

1978 2718 1984 2755 J

1974 2878 1980 2936 ι’

1974 2979 1977 3014 Ι

326 2726 359 2758 5.
384 2731 449 2751 που
466 2727 686 2764 assumptum
705 2733 746 2755 ex
765 2721 859 2755 B.D.
1083 2721 1115 2756 6.
1134 2722 1254 2768 λόγος]
1274 2725 1375 2768 νόμος
1393 2724 1439 2759 D.
1459 2723 1519 2758 sed
1538 2725 1582 2759 cf.
1600 2724 1704 2760 Thes.
1723 2725 1790 2771 367
1809 2727 1854 2768 A,

280 2772 348 2807 370
366 2763 413 2802 D,
432 2773 499 2808 373
518 2766 561 2799 A.
706 2778 736 2812 7.
764 2767 857 2814 οὔτε]
877 2768 958 2812 μήτε
978 2768 1024 2804 D.
1074 2771 1132 2804 τὸν
1150 2781 1219 2804 Om.
1239 2770 1286 2804 D.
1334 2773 1427 2815 μενεῖ
1444 2771 1490 2805 D.
1646 2773 1678 2806 8.
1704 2772 1786 2816 μήτε
1805 2773 1852 2808 D.

280 2820 319 2864 9⁴.v
340 2810 547 2853 καταθρὴσαι
568 2812 612 2846 D.
631 2815 825 2859 καταθρὴσῃ
846 2816 937 2850 Edd.
1230 2828 1282 2861 13.
1309 2819 1476 2861 πρόσιμεν
1494 2819 1539 2853 Ι).
1558 2820 1743 2864 προσίεμεν
1760 2820 1853 2855 Edd.

279 2870 366 2889 ουτω
384 2868 446 2900 pro
464 2858 552 2904 αὐτῷ
571 2859 616 2893 D.
825 2872 877 2906 15.
904 2862 992 2909 ἤτοι]
1013 2867 1049 2904 -Ι-
1066 2863 1126 2907 τὴν
1144 2863 1190 2897 D.
1240 2866 1286 2909 τῷ
1305 2867 1379 2910 Θεῷ
1397 2876 1466 2898 om.
1488 2865 1534 2899 D.
1743 2876 1795 2912 17.
1821 2882 1853 2901 τι

278 2914 349 2936 om.
370 2902 414 2935 D.
465 2903 540 2947 ἡμῖν
558 2913 778 2950 assumptum
795 2920 836 2942 ex
855 2909 900 2942 D.
1093 2911 1146 2945 18.
1170 2911 1339 2946 συνείσεις
1357 2911 1445 2956 (Sic)
1465 2911 1555 2946 Edd.
1714 2924 1769 2948 21.
1792 2916 1852 2947 τοῦ

278 2960 348 2982 0111.
369 2949 414 2983 D.
606 2963 659 2986 22.
683 2955 829 2997 πρέσβις
844 2955 890 2989 D.
1081 2968 1134 2999 24.
1158 2956 1282 3004 ἑαυτῷ]
1302 2962 1339 2998 —†-
1354 2959 1419 3003 γὰρ
1439 2958 1484 2991 D.
1662 2970 1716 3005 25.
1742 2961 1853 2994 κοινὸν

280 2995 368 3039 (sic)
390 2995 478 3030 Edd.
671 3000 724 3033 26.
750 3002 826 3036 τοὺς
844 3013 912 3036 om.
933 3003 977 3037 D.
1170 3005 1223 3038 28.
1250 3004 1380 3047 ἐκδέξαι
1400 3005 1445 3038 D.
