2021 3434
114 217 168 258 xi.
196 231 230 258 1.
568 217 641 258 IN
683 218 919 258 OSEAM.
981 217 1124 257 TOM.
1159 216 1236 256 VI.
1608 216 1688 254 225

113 327 313 395 Ἰσραὴλ
348 326 567 398 ἧὸοιφίο-θη
609 333 717 397 παρ’
752 330 906 384 αὐτοῖς
946 328 1006 381 τοὶ
1048 328 1180 380 vesum
1216 326 1426 397 μητράσιν
1465 327 1581 388 ὁμοῦ
1618 326 1694 377 διὰ

115 409 267 477 χειρὸς
302 411 610 481 ἀλλοφύλων,
637 413 758 464 οὕτω
790 414 865 463 καὶ
903 417 984 463 νῦν
1022 410 1370 464 ἀπονεύσαντος
1402 413 1464 464 εἷς
1495 411 1688 460 εἰδωλο-

116 494 336 558 λατρείαν
386 499 469 544 τοῦ
511 494 736 563 Ἐφραὶμ,
777 491 1178 562 ἐθοιφισθήσονται
1220 491 1368 544 πάλιν
1419 491 1494 542 διὰ
1542 490 1694 559 χειρὸς

115 573 387 641 βαρβάρων,
425 576 641 627 τουτέστι
684 581 778 627 τῶν
809 576 1099 641 Ἀσσυρίων,
1142 576 1258 639 ὁμοῦ
1302 579 1403 628 ταῖς
1449 573 1695 628 τεκούσαις

74 674 96 712 5
115 655 174 707 τὰ
208 657 532 721 γεγεννημένα.
597 655 722 721 οἶμαι
756 657 812 721 δὴ
849 658 931 708 οὖν
964 656 1035 708 ὅτι
1067 656 1121 708 τὸ
1155 656 1354 708 πιθανὸν
1380 657 1404 706 ὁ
1436 655 1594 721 λόγος,
1619 658 1695 707 καὶ

115 739 201 804 τὴν
226 740 476 804 ὁμοιότητα
502 740 587 805 τὴν
612 744 674 795 ὡς
701 742 758 810 ἐξ
778 742 950 795 εἰκόνος
976 744 1058 805 τῆς
1083 742 1292 808 ἀρχαίας,
1315 742 1389 792 ἐπὶ
1414 739 1474 791 τὰ
1500 740 1696 806 νεώτερα

117 822 343 873 διασώσει
366 828 568 887 μᾶλλον,
586 827 623 874 εἰ
649 827 758 892 τῇδε
784 828 936 875 νοοῖτο
960 827 1054 874 τῶν
1079 823 1390 889 προκειμένων
1415 822 1443 886 ἡ
1471 822 1676 885 δύναμις.

1713 944 1736 968 a
1769 934 1847 968 156
1864 932 1916 967 Α,

264 1021 451 1079 Ὅρθρου
487 1022 797 1080 ἀπερῤίφι-ισαν.
858 1022 1072 1080 ἀπεῤῥίφΗ
1111 1023 1306 1072 βασιλεὺς
1336 1021 1528 1078 Ἰσραήλ.
1714 1027 1814 1075 Κεφ.
1834 1022 1898 1063 ια’.

191 1134 255 1182 Οἱ
288 1135 447 1183 λοιποὶ
475 1131 622 1184 πάλιν
665 1134 948 1200 ἑρμηνευταῖ,
984 1134 1060 1184 καὶ
1096 1133 1190 1197 μὴν
1227 1135 1302 1183 καὶ
1336 1137 1431 1183 τῶν
1460 1130 1699 1197 (Εβραίων

51 1212 143 1277 1οὴ
178 1214 452 1284 συγγραφὴ,
488 1214 542 1266 τὸ
582 1218 638 1271 ὡς
678 1215 811 1287 ὄρθρος
849 1217 1151 1286 ἀπερρίφησαν
1197 1213 1438 1282 εἰρήκασιν
1480 1215 1698 1280 ἐναργῶς,

115 1295 168 1347 τὸ
203 1294 299 1347 οἶον
337 1299 398 1350 ὡς
432 1298 480 1348 ἐν
514 1298 663 1368 ὀλίγῳ
699 1302 865 1367 κομιδῇ
900 1301 1058 1368 καιρῷ,
1085 1299 1232 1363 ἤγουν
1258 1296 1402 1366 ὀξέως
1437 1297 1512 1347 καὶ
1550 1298 1696 1360 ἀμελ-

115 1380 223 1443 λητὶ
247 1381 329 1443 τῆς
354 1379 471 1446 πρὸς
498 1379 622 1431 Θεὸν
657 1380 933 1444 οἰκειότητος
965 1380 1349 1432 ἀποπεπτωκέναι
1374 1377 1457 1430 τὸν
1482 1378 1699 1449 Ἰσραὴλ,
1717 1389 1744 1430 b

116 1460 191 1511 διὰ
228 1461 393 1513 τούτου
431 1462 749 1527 σημαίνοντες.
815 1461 997 1531 βραχὺς
1034 1462 1082 1514 δὲ
1123 1464 1232 1514 λίαν
1265 1463 1290 1513 ὁ
1325 1467 1408 1513 τοῦ
1443 1459 1571 1532 ὄρθρου
1603 1483 1702 1512 και-

115 1542 208 1609 ρός·
271 1541 368 1608 ἅμα
395 1567 445 1595 τε
479 1543 571 1611 γὰρ
607 1545 797 1613 ἄρχεται
835 1548 1132 1611 διαυγασμοῦ
1170 1548 1253 1608 τῆς
1287 1544 1460 1612 ἡμέρας
1491 1541 1546 1594 τὸ
1585 1547 1701 1613 φῶς,

54 1642 99 1681 15
118 1627 192 1675 καὶ
241 1625 323 1676 τὸν
372 1626 542 1694 ὄρθρον
590 1627 846 1694 ἐργάζεται·
907 1626 1199 1695 ἀνασχόντος
1243 1626 1391 1694 γεμὴν
1435 1627 1584 1691 ἡλίου,
1626 1628 1701 1676 καὶ

117 1708 307 1773 πρώτην
350 1710 511 1760 ἀκτῖνα
557 1709 793 1777 προέντος,
843 1710 1037 1761 λέλυται
1084 1712 1375 1777 παραχρῆμα
1419 1711 1494 1759 καὶ
1545 1706 1701 1772 διελή-

118 1797 278 1841 λακεν.
349 1791 512 1842 οὐκοῦν
555 1794 612 1848 ὡς
657 1791 800 1862 ὄρθρος,
838 1793 1094 1855 τουτέστιν,
1136 1794 1184 1843 ἐν
1227 1792 1375 1862 ὀλίγῳ
1419 1793 1494 1842 καὶ
1535 1795 1708 1858 βραχεῖ

119 1873 195 1922 καὶ
221 1876 385 1941 κομιδῇ
410 1874 777 1944 συνεσταλμένῳ
804 1878 962 1944 καιρῷ,
991 1880 1086 1928 τοῖς
1123 1875 1394 1940 ἡγουμένοις
1431 1875 1549 1936 ὁμοῦ
1587 1896 1703 1924 συν-

120 1958 434 2025 απερῥίφησοιν.
495 1955 524 2021 ἢ
564 1957 656 2023 γὰρ
698 1958 843 2012 οὕτως
885 1955 1171 2022 συνήσομεν,
1210 1956 1357 2023 ἤγουν
1400 1956 1506 2009 καθ’
1547 1955 1703 2022 ἕτερον

53 2066 102 2091 20
119 2034 294 2102 τρόπον
317 2038 706 2107 μεταληψόμεθα.
772 2039 847 2090 ὅτε
873 2039 966 2107 γὰρ
1001 2045 1096 2093 τοῖς
1127 2040 1434 2107 ἀνθρωπίνοις
1458 2039 1699 2101 πταίσμα-

119 2140 200 2168 σιν
226 2120 354 2170 οὕπω
377 2120 460 2175 τὰς
484 2121 611 2176 δίκας
637 2122 842 2192 ἐπιφέρει
867 2121 1003 2186 Θεὸς,
1029 2121 1058 2187 ἢ
1088 2124 1162 2173 καὶ
1192 2121 1483 2189 μακροτέραν
1507 2125 1701 2172 ποιεῖται
1720 2146 1741 2171 ο

118 2202 200 2264 τῆς
242 2201 531 2270 ἀνεξικακίας
567 2202 653 2268 τὴν
686 2203 974 2270 παράτασιν,
1020 2205 1075 2255 τὸ
1114 2204 1304 2258 ἀπεικὸς
1342 2203 1486 2266 οὐδὲν,
1521 2208 1617 2257 τοῖς
1655 2205 1703 2254 ἐν

120 2285 247 2334 νυκτὶ
277 2284 553 2337 καθεύδουσι
592 2286 882 2354 παρεικάζειν
921 2287 1077 2338 αὐτόν.
1141 2289 1217 2337 καὶ
1254 2291 1369 2352 γοῦν
1407 2289 1449 2336 οἱ
1483 2285 1701 2352 μακάριοι

121 2368 373 2435 Προφῆται
413 2368 745 2435 διακεκράγασι
785 2369 1099 2435 πολυτρόπως
1142 2370 1265 2433 ἡμῖν,
1306 2366 1419 2418 αὐτὸ
1463 2366 1520 2431 δὴ
1562 2372 1701 2418 τοῦτο

1762 2444 1857 2476 Hier.

55 2466 102 2505 25
120 2450 563 2513 κατασημαίνοντες.
627 2450 849 2518 Ἱερεμίας
891 2451 976 2515 μὲν
1020 2452 1113 2518 γὰρ
1158 2452 1183 2501 ὁ
1227 2449 1509 2519 σοφώτατος
1557 2456 1584 2479 “
1613 2448 1700 2514 Μὴ
1763 2489 1876 2531 xiv.9.

122 2534 149 2559 ‘⁶
172 2528 272 2598 ἔσῃ,
299 2534 463 2600 φησὶν,
490 2531 654 2599 ὥσπερ
681 2534 927 2599 ἄνθρωπος
965 2534 1137 2597 ὑπνῶν,
1169 2531 1198 2597 ἢ
1234 2535 1296 2586 ὡς
1330 2531 1447 2598 ἀνὴρ
1477 2532 1530 2582 οὐ
1565 2532 1702 2583 δυνά-

123 2617 150 2640 “
173 2634 309 2675 μενος
334 2614 540 2681 σώζειν·”
582 2616 606 2665 ὁ
628 2616 749 2681 δέγε
776 2614 1028 2668 θεσπέσιος
1046 2614 1272 2684 μελῳδὸς,
1292 2614 1405 2665 ποτὲ
1431 2615 1517 2678 μέν
1537 2619 1701 2684 φησιν,

124 2692 193 2744 ὅτι
235 2694 595 2765 ιςἘξεγέρθητι,
636 2697 712 2747 ἵνα
754 2697 804 2747 τί
839 2698 996 2750 ὑπνοῖς
1042 2696 1214 2763 Κύριε;
1255 2694 1487 2761 ἀνάστηθι
1524 2699 1601 2748 καὶ
1637 2697 1701 2763 μὴ
1764 2703 1818 2788 {j-
1830 2702 1911 2734 xliii.

174 2847 204 2870 1.
230 2835 422 2884 ἧδαφίσθη]
442 2837 688 2884 ἠδαφίσθησαν
705 2838 797 2872 Edd.
943 2850 998 2873 11.
1022 2838 1165 2883 ἀμελητὶ
1183 2839 1229 2873 D.
1375 2851 1428 2874 12.
1454 2839 1651 2877 οἷκειώσεως
1667 2841 1703 2876 b.

130 2882 183 2916 16.
207 2885 367 2928 προέντος
386 2885 479 2919 B.D.
498 2885 705 2931 προχέοντος
722 2884 813 2919 Edd.
862 2887 1069 2930 παραχρῆμα
1086 2891 1305 2930 assumptum
1324 2898 1365 2920 ex
1383 2887 1431 2921 D.
1568 2889 1622 2922 18.
1648 2903 1704 2922 κο-

123 2929 202 2973 μιδῇ
232 2932 493 2977 συνεσταλμένῳ
519 2931 639 2978 καιρῷ]
673 2932 707 2966 ἐν
733 2934 835 2978 καιρῷ
865 2933 982 2976 κομιδῇ
1014 2932 1276 2980 συνεσταλμένῳ
1303 2933 1350 2967 D.
1401 2933 1705 2981 συναπεῤῥίφησαν

125 2977 209 3018 ὁμοῦ
226 2977 363 3012 inverso
381 2979 503 3013 ordine
522 2979 568 3013 D.
738 2990 791 3024 19.
821 2979 899 3013 Hoc
915 2981 998 3024 γοῦν
1015 2986 1235 3024 assumptum
1252 2992 1293 3014 ex
1308 2981 1355 3015 D.
1523 2993 1578 3018 20.
1603 2997 1703 3027 μετα-

125 3023 321 3067 ληψόμενος
339 3025 418 3069 (sic)
439 3025 484 3060 D.
700 3036 754 3060 21.
784 3026 836 3060 καὶ
853 3032 1074 3071 assumptum
1091 3038 1131 3061 ex
1151 3026 1244 3061 B.D.

185 3092 277 3122 VOL.
301 3095 329 3121 I.
878 3097 901 3124 G
925 3099 955 3138 g·
