2021 3434
90 2100 248 2130 SMatth.

90 2144 132 2174 vi.
155 2153 203 2182 24.

93 2340 145 2371 Ps.
165 2340 230 2373 lxii.

96 2392 144 2414 ΙΙ.

313 181 398 220 206
704 184 753 223 Β.
798 184 1069 224 CYRILLI
1109 185 1486 225 ALEXANDR.
1722 199 1760 223 x.
1793 196 1823 232 1,
1851 195 1885 223 2.

315 289 368 338 οὐ
403 288 557 340 τέτοκε
592 290 861 358 σταφυλὴν,
897 293 1059 358 ἤνεγκε
1098 292 1146 344 δὲ
1183 299 1373 356 μᾶλλον
1411 293 1627 346 ἀκάνθας.
1692 296 1758 361 τῷ
1796 292 1888 357 γὰρ

315 370 485 434 πλήθει
523 375 616 421 τῶν
652 374 878 424 δοθέντων
917 377 1106 440 ἀγαθῶν
1144 376 1260 443 αὐτῇ
1298 376 1562 441 σύνδρομον
1595 371 1757 439 ὥσπερ
1787 373 1889 424 τινὰ

315 454 389 501 καὶ
427 454 637 516 ἱσοπαλῆ
677 452 763 518 τὴν
794 456 973 506 ἀδικίαν
1004 456 1279 525 ἐπεδείξατο·
1321 459 1467 521 δῆλον
1493 455 1540 507 δὲ
1570 455 1638 507 ὅτι
1663 454 1747 519 τὴν
1772 454 1890 505 κατὰ

275 537 451 585 ΟΘεοῦ.
531 534 733 596 ἐπλήθυνε
787 536 880 604 γὰρ
931 537 1211 611 θυσιαστήρια
1265 541 1339 590 καὶ
1397 536 1647 610 ᾠκοδόμησε
1699 538 1885 598 στήλας·

314 618 388 666 καὶ
423 615 540 667 ὅσον
580 617 793 670 ἐπλούτει
831 625 925 673 τοῖς
964 620 1140 672 ἄνωθεν
1174 623 1379 687 ἀγαθοῖς,
1417 625 1644 672 τοσοῦτον
1681 617 1738 683 ἧν
1775 617 1890 685 πρό-
1909 640 1930 678 5

314 701 457 762 θυμος
492 702 554 754 εἰς
588 700 879 766 βεβήλωσιν,
914 701 990 753 διὰ
1028 708 1110 754 τοῦ
1139 708 1422 771 προσκυνεῖν
1459 707 1553 756 τοῖς
1588 701 1780 765 δαίμοσι
1817 703 1891 752 καὶ

313 779 502 844 βωμοὺς
527 782 715 849 ἐγείρειν
753 786 828 835 καὶ
866 788 928 838 εἰς
962 784 1196 837 πολύθεον
1233 785 1421 850 πλάνην
1456 784 1540 850 τὴν
1579 785 1698 836 ἰδίαν
1729 780 1891 850 ὥσπερ

313 864 611 934 καταμερίζειν
651 862 849 936 καρδίαν.
916 868 1025 918 ἀλλ’
1072 870 1192 919 οὕτω
1232 867 1379 920 ταῦτά
1420 872 1572 937 φησιν
1615 867 1697 917 οὐκ
1737 865 1887 916 ἔσται·

311 942 488 1007 πόθεν;
539 946 846 1018 κατασκάψει
887 948 979 1015 γὰρ
1025 949 1151 1006 aar&
1195 949 1254 1002 τα
1297 949 1577 1018 θυσιαστήρια
1625 947 1777 1011 αὐτῶν,
1815 950 1891 999 καὶ

312 1030 719 1097 ταλαιπωρήσουσ-ιν
765 1037 814 1082 αἱ
857 1030 1020 1091 στῆλαι
1066 1033 1215 1095 αὐτῶν,
1260 1031 1630 1099 συνθραυόμεναι
1672 1030 1891 1095 δηλονότι
1913 1056 1960 1081 10

311 1110 387 1160 καὶ
430 1111 810 1175 κατασπώμεναι.
879 1113 933 1164 τὸ
977 1113 1025 1164 δὲ
1067 1115 1195 1171 αὑτὲς
1236 1116 1438 1169 ἀνοίσεις
1479 1113 1723 1183 ἐμφρόνως
1759 1111 1789 1178 ἢ
1828 1117 1891 1168 εἷς

311 1189 393 1241 τὸν
444 1196 535 1243 τῶν
585 1192 710 1245 ὅλων
760 1195 1181 1265 κατεξουσιάζοντα
1225 1197 1362 1261 Θεὸν,
1407 1198 1553 1263 ἤγουν
1604 1200 1666 1250 εἷς
1710 1195 1764 1247 τὸ
1808 1201 1891 1248 τοῦ

267 1276 622 1334 ἃΒαβυλωνίου
655 1276 929 1341 πρόσωπον,
957 1281 1019 1332 ὡς
1057 1280 1143 1344 ἤδη
1179 1279 1455 1333 πλειστάκις
1492 1277 1888 1346 προδεδειγμένου.

311 1355 585 1422 συμβέβηκε
638 1357 731 1424 γὰρ
791 1365 891 1414 ταῖς
947 1363 994 1411 ἐν
1059 1362 1297 1432 Σαμαρείᾳ
1357 1361 1530 1415 πόλεσι
1594 1362 1668 1412 καὶ
1727 1360 1891 1416 αὐτοὺς

311 1439 831 1507 συγκαταπίμπρασθαι
890 1442 996 1498 τοὺς
1065 1444 1214 1509 ναοὺς,
1285 1447 1360 1496 καὶ
1431 1444 1766 1512 διαρπάζεσθαι
1831 1442 1890 1495 τὰ
1913 1464 1957 1502 15

312 1520 520 1586 γλυπτά.

385 1602 492 1669 Χρὴ
518 1605 672 1656 τοίνυν
698 1606 829 1670 ἡμᾶς,
857 1608 928 1676 ἐφ’
958 1607 1025 1662 οἷς
1051 1608 1108 1660 ἂν
1133 1608 1316 1677 ε”χοιμεν
1339 1609 1469 1677 παρὰ
1494 1613 1618 1661 Θεοῦ
1643 1610 1890 1677 χαίροντας

310 1685 530 1736 ἀνάπτειν
573 1686 632 1737 τά
675 1688 970 1756 χαριστήρια,
1016 1694 1090 1742 καὶ
1133 1691 1197 1756 μὴ
1239 1696 1305 1762 τῷ
1347 1692 1516 1744 πλάτει
1553 1695 1636 1756 τῆς
1674 1693 1890 1755 εὐθυμίας

310 1768 727 1834 ἐνολισθήσαντας,
772 1772 1100 1841 ἀποφέρεσθαί
1144 1797 1224 1826 ποι
1271 1773 1389 1841 πρὸς
1432 1773 1486 1825 τὸ
1527 1776 1709 1844 ἀπᾷδον
1751 1776 1887 1845 αὐτῷ·

311 1847 460 1914 ζητεῖν
502 1850 550 1902 δὲ
594 1857 783 1913 μᾶλλον
827 1857 902 1904 καὶ
945 1857 1269 1923 ἀποπεραίνειν
1312 1858 1594 1923 ἐπείγεσθαι,
1638 1858 1713 1908 καὶ
1757 1856 1889 1921 μάλα
1909 1880 1958 1905 20

308 1932 571 1998 προθύμως,
610 1934 668 1985 τὰ
708 1939 768 1989 εἰς
810 1936 977 2003 ἀρετὴν
1015 1939 1277 2006 αὐχήματα,
1313 1939 1377 2004 μὴ
1416 1938 1735 2007 μεριζομένους
1771 1939 1889 2007 πρὸς

271 2034 292 2061 e
309 2013 368 2065 τὰ
406 2016 454 2066 ἐν
491 2014 658 2086 κόσμῳ
700 2017 842 2083 πάθη,
886 2022 961 2079 καὶ,
1001 2021 1319 2089 ὑποφέροντας
1357 2021 1438 2073 τὸν
1479 2022 1650 2089 αὐχένα
1694 2026 1761 2092 τῷ
1798 2045 1888 2073 σα-

309 2100 440 2164 τανᾷ.
521 2099 596 2148 καὶ
630 2097 723 2165 γάρ
761 2101 891 2151 ἐστιν
933 2102 1116 2165 ἀληθὲς,
1157 2103 1270 2169 ὅπερ
1308 2103 1398 2174 ἔφη
1436 2102 1648 2171 Χριστός
1675 2111 1701 2134 “
1721 2105 1888 2159 Οὐδεὶς

311 2185 337 2207 “
364 2178 554 2230 δύναται
596 2183 704 2231 δυσὶ
745 2183 912 2249 κυρίοις
954 2184 1204 2236 δουλεύειν·
1261 2184 1290 2250 ἢ
1326 2185 1418 2253 γὰρ
1456 2184 1538 2237 τὸν
1576 2186 1656 2237 ἕνα
1693 2186 1888 2251 μισήσει

310 2266 338 2288 “
362 2263 438 2311 καὶ
466 2260 550 2313 τὸν
576 2262 731 2329 ἕτερον
765 2265 1015 2330 ἀγαπήσει,
1042 2264 1070 2330 ὴ
1098 2265 1198 2322 ἑνὸς
1232 2267 1473 2337 ἀνθέξεται
1504 2270 1579 2319 καὶ
1613 2274 1696 2320 τοῦ
1734 2268 1887 2335 ἑτέρου
1907 2293 1954 2332 25

312 2349 337 2372 ‘⁶
361 2343 750 2414 καταφρονήσει·”
807 2351 843 2398 εἰ
892 2346 941 2398 δὲ
980 2348 1260 2418 μεριζόμεθα,
1304 2352 1379 2401 καὶ
1425 2357 1451 2380 “
1477 2352 1657 2417 μερίδες
1697 2352 1882 2403 ἀλωπέ-

312 2432 338 2454 “
362 2448 456 2477 κων
497 2426 741 2492 ἐσόμεθα,”
771 2428 890 2480 κατὰ
924 2428 1009 2494 τὴν
1047 2437 1130 2482 τοῦ
1165 2435 1433 2502 ψαλμῳδοῦ
1466 2432 1642 2502 φωνήν·
1682 2432 1888 2499 ἐσόμεθα

311 2506 358 2558 δὲ
407 2508 561 2573 πάντη
609 2533 658 2560 τε
718 2515 794 2564 καὶ
856 2511 1042 2567 πάντως
1093 2515 1141 2564 ἐν
1189 2515 1335 2584 ἐνδείᾳ
1389 2521 1471 2566 τοῦ
1535 2517 1887 2587 κατευφραίνειν

312 2589 499 2645 εἰδότος.

360 2744 390 2779 7.
417 2735 479 2782 εἷς]
497 2741 533 2777 -4-
550 2738 609 2781 τὴν
627 2738 718 2773 Edd.
736 2739 853 2774 invitis
872 2741 965 2776 B.D.
977 2742 1012 2776 b.
1286 2744 1319 2778 8.
1341 2744 1400 2778 οὐκ
1417 2744 1531 2791 ἕσται]
1550 2745 1627 2780 ἀλλ’
1647 2746 1705 2780 οὐκ
1722 2746 1819 2781 ἕσται
1836 2747 1883 2782 D.

316 2791 368 2814 11.
394 2781 412 2824 ἢ
431 2791 648 2829 assumptum
667 2798 708 2819 ex
724 2785 770 2820 D.
870 2798 923 2833 15.
950 2789 1293 2835 συγκαταπίπρασθαι
1308 2791 1386 2835 (sic)
1402 2791 1448 2826 D.
1562 2793 1614 2827 18.
1637 2792 1810 2839 εὐθυμίας]
1830 2794 1884 2828 εὐ-

313 2826 424 2870 θηνίας
441 2829 532 2864 Edd.
630 2832 754 2874 24-26.
783 2834 878 2869 Haec
896 2834 914 2878 ἢ
932 2836 1297 2881 γὰρ-καταφρονήσει
1315 2845 1535 2873 accesserunt
1552 2851 1594 2874 ex
1608 2839 1655 2875 D.
1753 2851 1807 2886 27.
1824 2843 1884 2875 τοῦ

312 2882 533 2920 assumptum
551 2889 592 2911 ex
612 2877 704 2914 B.D.
757 2880 853 2916 Haec
871 2881 1196 2926 ἐσόμεθα-εἰδότος
1212 2891 1432 2920 accesserunt
1450 2897 1492 2920 ex
1509 2886 1556 2920 D.
