2021 3434
118 243 173 284 vi.
198 254 237 297 5,
261 244 300 284 6.
577 243 651 283 IN
693 242 930 283 OSEAM.
990 241 1139 281 TOM.
1180 240 1258 280 IV.
1621 238 1697 278 141

121 407 194 448 Καὶ
220 406 268 448 τὸ
298 404 422 463 κρῖμά
453 422 531 456 μου
566 407 625 447 ὡς
661 407 758 457 φῶς
789 406 1073 448 ἐξελεύσεται.
1132 405 1240 446 διότι
1264 405 1387 446 ἕλεος
1415 404 1530 445 θέλω
1558 402 1626 443 καὶ
1653 402 1700 443 οὐ
1722 405 1744 440 6

184 491 342 542 Θυσίαν,
370 491 438 532 καὶ
463 491 691 540 ἐΠίΓνωσιν
719 490 827 532 Θεοῦ
853 490 876 532 ἐὶ
904 488 1260 539 ὁλοκαυτώματα.

183 612 383 681 οΈτερον
409 615 517 680 ἡμῖν
545 617 732 684 φειδοῦς
758 617 833 665 καὶ
860 612 1046 680 ἀγάπης
1070 617 1152 678 τῆς
1187 616 1247 667 εἷς
1281 611 1447 666 αὐτοὺς
1474 611 1705 680 ἐξηγεῖται
1722 618 1749 659 b

118 694 305 763 τρόπον,
332 695 382 750 ὃς
413 697 540 764 ε’ίπὲρ
574 698 822 748 τετέλεστο
861 696 979 747 κατὰ
1017 695 1071 747 τὸ
1110 697 1235 764 αὐτῷ
1268 699 1447 758 δοκοῦν,
1480 694 1706 744 σε’σωστο

78 778 314 842 5σύμπας
364 780 389 829 ὁ
431 778 633 846 Ἰσραὴλ
678 781 753 830 καὶ
796 778 988 832 Ἰούδας.
1055 779 1108 829 οὐ
1154 777 1248 843 γὰρ
1291 775 1435 840 μόνον
1483 774 1569 840 τὴν
1613 779 1709 826 τῶν

120 862 325 912 ἀνοσίων
359 865 770 931 ψευδοπροφητῶν
807 861 1015 928 ἀπέκειρε
1049 859 1251 925 πληθὺν,
1290 858 1371 910 τὸν
1409 859 1563 912 αὐτοῖς
1597 857 1709 924 πρέ-

120 966 272 994 ποντα
298 945 554 1011 καθορίσας
579 943 795 1007 θάνατον,
822 944 953 994 ἀλλὰ
979 942 1073 1009 γὰρ
1100 945 1175 993 καὶ
1207 940 1349 993 αὐτὸν
1375 940 1494 992 κατὰ
1522 939 1708 1007 καιροὺς

122 1025 306 1095 ἔπεμψε
339 1026 422 1077 τὸν
452 1026 569 1077 Υὶὸν
604 1028 628 1077 ὁ
660 1026 781 1080 Θεὸς
820 1030 895 1077 καὶ
931 1024 1098 1091 Πατὴρ
1130 1029 1473 1094 σαφηνιοῦντα,
1503 1025 1578 1074 καὶ
1615 1021 1709 1089 πρό

121 1131 175 1174 γε
213 1113 307 1160 τῶν
348 1109 513 1160 ἄλλων
547 1113 642 1162 τοῖς
677 1109 733 1177 ἐξ
763 1108 958 1171 αἵματος
994 1106 1215 1174 Ἰσραὴλ,
1254 1105 1308 1158 τὸ
1348 1104 1529 1171 ἀγαθὸν
1567 1106 1709 1156 αὑτοῦ

58 1209 104 1234 10
123 1189 319 1256 θέλημα,
347 1193 420 1242 καὶ
446 1191 633 1258 ἐναργὲς
661 1189 953 1242 καθιστάντα
985 1189 1031 1241 τὲ
1074 1193 1212 1258 κρῖμα.
1243 1190 1401 1240 αὐτοῦ.
1469 1187 1707 1255 τοιγάρτοι

1768 1272 1867 1303 Ps.ii.
1885 1271 1915 1309 6,

123 1275 198 1324 καὶ
224 1273 403 1342 ἔφασκε
431 1273 506 1324 διὰ
529 1273 613 1336 μὲν
634 1276 794 1342 φωνῆς
820 1278 903 1323 τοῦ
929 1273 1116 1335 Δαυείδ,
1138 1280 1164 1301 “
1182 1270 1311 1337 Ἐγὼ
1339 1270 1386 1322 δὲ
1412 1269 1708 1335 κατεστάθην
1771 1323 1788 1357 7

125 1362 151 1385 ‘⁶
175 1353 404 1416 βασιλεὺς
443 1357 516 1407 ὑπ’
543 1357 684 1406 αὑτοῦ
723 1357 797 1407 ἐπὶ
838 1355 960 1406 Σιὼν
988 1353 1095 1422 ὅρος
1128 1353 1182 1405 τὸ
1217 1351 1353 1419 ἅγιον
1383 1354 1540 1416 αὐτοῦ,
1570 1356 1702 1419 διαγ-
1725 1375 1747 1401 e

124 1444 152 1467 ‘⁶
176 1439 367 1503 γε’λλων
415 1438 468 1489 τὸ
517 1437 809 1505 πρόσταγμα
863 1438 1076 1505 Κυριόυ·”
1137 1434 1274 1490 αὐτὸς
1333 1434 1381 1486 δὲ
1438 1436 1494 1486 δι’
1544 1435 1709 1486 ἑαυτοῦ

124 1519 370 1586 γενόμενος
413 1522 514 1573 καθ’
554 1521 687 1585 ἡμᾶς,
727 1543 969 1572 τουτεστιν
1013 1520 1275 1586 ἀνθρωπος,
1319 1519 1472 1569 “’A7r'
1508 1519 1708 1582 ἐμαυτοῦ
1770 1533 1918 1584 S3Joan.

60 1619 105 1657 15
127 1609 154 1632 ‘⁴
178 1603 230 1652 οὗ
265 1607 415 1653 λαλῶ·
463 1602 573 1654 ἀλλ’
607 1604 632 1654 ὁ
669 1603 866 1671 πεμψας
902 1626 958 1666 με
999 1600 1182 1666 Πατὴρ,
1221 1601 1359 1655 αὐτός
1396 1624 1474 1664 μοι
1513 1599 1709 1664 ἐντολὴν
1768 1587 1916 1661 ἓξὲξ

125 1684 316 1736 “ε’δωκε
356 1685 405 1736 τί
444 1686 556 1737 ε’ίπω
602 1709 676 1736 και
720 1687 769 1736 τί
803 1683 1056 1749 λαλήσω.”
1124 1683 1397 1753 εξελευο-ετοιι
1443 1681 1498 1747 δὴ
1538 1683 1620 1733 οὐν
1660 1707 1707 1734 το

128 1768 264 1837 κριμοί
297 1792 385 1836 μου
421 1770 619 1836 φησιν
596 1794 651 1823 ως
680 1780 792 1837 φως,
818 1790 1074 1830 τουτεστιν,
1102 1767 1185 1817 οὐκ
1211 1766 1457 1832 αἰνίγμασι
1483 1787 1706 1816 κατεσκι-

126 1849 332 1913 ασμένον
358 1850 413 1901 τὸ
440 1851 622 1915 θέλημα
647 1849 702 1901 τὸ
728 1849 851 1912 ἐμὸν,
873 1848 1004 1900 ἀλλὰ
1030 1853 1218 1915 γυμνῶς
1244 1850 1318 1898 καὶ
1343 1847 1588 1914 ἀκρύπτως
1612 1851 1712 1900 ταῖς

17 1999 19 2005 ,
127 1932 346 1983 ἁπάντων
377 1933 596 1986 διανοίαις
637 1933 908 1998 ἐγκείσεται.
968 1931 1038 1982 ὅτι
1074 1930 1121 1982 δὲ
1156 1930 1414 1999 ἀφιγμένος
1449 1928 1569 1981 κατὰ
1606 1952 1706 1980 και-

17 2018 22 2074 J
61 2041 109 2066 20
126 2013 233 2080 ροὺς
265 2016 290 2065 ὁ
312 2014 634 2079 Ἐμμανουὴλ,
661 2017 743 2066 οὐκ
774 2015 848 2066 ἐπὶ
888 2013 1080 2078 νομικὴν
1113 2014 1320 2077 μετοίσει
1351 2012 1572 2079 λατρείαν
1605 2011 1712 2065 τοὺς
1731 2018 1758 2058 (1

127 2097 525 2161 πεπλανημένους,
546 2099 649 2149 οὔτε
674 2097 767 2162 μὴν
786 2097 843 2148 τὰ
870 2099 918 2148 ἐν
936 2097 1096 2150 τύποις
1116 2096 1181 2147 ε”τι
1200 2098 1274 2147 καὶ
1295 2100 1449 2150 σκιαῖς
1470 2095 1712 2146 ἀναπείσει

129 2182 279 2241 τιμᾶν,
306 2181 550 2243 ἀποκομιεῖ
571 2180 619 2233 δὲ
644 2182 833 2242 μᾶλλον
859 2184 919 2233 εἰς
946 2179 1187 2230 ἐπιείκειαν
1207 2181 1282 2229 καὶ
1307 2176 1611 2245 χρηστότητα
1637 2178 1713 2227 καὶ

129 2261 501 2328 εὐσπλαγχνίαν,
536 2265 611 2313 καὶ
644 2267 704 2316 εἷς
739 2262 928 2328 ἀγάπην
962 2261 1048 2326 τὴν
1085 2260 1204 2328 πρὸς
1242 2259 1500 2324 ἀλλήλους,
1536 2260 1611 2309 καὶ
1651 2261 1714 2312 εἷς

22 2409 24 2414 λ
131 2345 285 2407 ἀληθῆ
320 2346 396 2394 καὶ
432 2343 822 2412 ἀπαραλόγιστον
857 2345 1112 2410 ἐπίγνωσιν
1152 2348 1235 2394 τοῦ
1274 2346 1412 2404 Θεοῦ,
1454 2343 1591 2407 σαφῆ
1631 2346 1714 2391 τοῦ

19 2491 21 2495 ⁴
65 2446 112 2484 25
136 2427 346 2495 κρίματος
377 2427 597 2477 ἀποτελεῖ
625 2427 706 2478 τὸν
741 2426 938 2490 σκοπὸν,
962 2427 1041 2477 καί
1064 2430 1229 2494 φησιν,
1255 2424 1315 2476 ’ὅτι
1347 2423 1466 2478 ἕλεος
1493 2421 1604 2474 θέλω
1634 2429 1711 2474 καὶ

133 2511 175 2559 οὐ
228 2508 387 2572 θυσίαν,
443 2534 520 2561 και
570 2511 800 2576 ἓπιγνωσ-ιν
852 2513 961 2562 Θεοῦ
1010 2535 1032 2569 η
1083 2508 1461 2575 ὁλοκαυτώματα.
1535 2508 1584 2559 τί
1620 2506 1714 2574 γὰρ

131 2590 378 2660 ἐφασκεν
359 2614 384 2642 ο
405 2591 604 2657 Σωτήρ·
594 2633 606 2654 ,
645 2600 671 2621 “
692 2591 859 2643 Πάντα
886 2593 966 2643 οὖν
994 2591 1088 2642 ὅσα
1115 2590 1193 2641 ἐὰν
1220 2590 1424 2654 θελητε
1415 2589 1488 2640 ι’να
1513 2594 1714 2641 ποιῶσιν
1775 2607 1936 2638 ΞΜηιιῂ.

132 2675 238 2737 ὑμῖν
275 2677 315 2725 οἱ
359 2674 609 2739 ἄνθρωποι,
648 2697 768 2724 ουτω
814 2676 888 2725 καὶ
933 2676 1058 2737 ὑμεῖς
1099 2677 1268 2724 ποιεῖτε
1309 2673 1461 2725 αὐτοῖς
1502 2672 1684 2735 ὁμοίως
1688 2671 1712 2687 ”
1776 2651 1829 2682 vii
1853 2660 1901 2683 1²

131 2760 290 2823 χρῆμα
324 2756 371 2808 δε
403 2756 473 2806 ὅτι
513 2754 727 2820 μάλιστα
761 2755 890 2821 παρὰ
925 2759 1032 2824 Θεῷ
1071 2755 1222 2849 τίμιον
1259 2752 1344 2819 τὴν
1382 2752 1571 2820 ἀγάπην
1609 2756 1710 2806 ἐπι·
1732 2781 1754 2807 e

66 2867 114 2902 30
133 2837 320 2900 δεικνυς,
366 2845 392 2868 “
411 2839 496 2889 Ἐν
545 2838 694 2888 τούτω
741 2837 1008 2903 γνώσονται
1057 2835 1240 2898 πάντες,
1287 2838 1451 2905 φησιν,
1496 2859 1566 2888 οτι
1614 2838 1714 2901 ἐμοὶ
1775 2858 1806 2888 s.
1825 2858 1924 2889 Joan.

184 2970 214 2994 1.
241 2959 293 2993 καὶ
310 2959 349 2993 οὐ
368 2959 461 2993 B.D.
481 2958 600 3003 (Alex.
620 2956 727 3001 XII.)
745 2956 788 2990 cf.
808 2955 935 3001 Glaph.
954 2963 996 3001 47
1016 2967 1045 2989 a.
1065 2954 1083 2999 ἢ
1103 2954 1194 2989 Edd.
1213 2954 1313 2999 (Vat.
1319 2954 1335 3000 )
1519 2964 1549 3000 7.
1575 2957 1641 3001 γὰρ
1660 2967 1715 2989 as·
1775 2902 1843 2933 xm
1864 2911 1917 2942 35

136 3013 316 3050 sumptum
335 3018 376 3039 ex
396 3005 489 3039 B.D.
615 3015 668 3038 10.
696 3004 899 3038 καθιστάντα
919 3003 965 3036 D.
984 3002 1194 3036 καθιστῶντα
1212 3001 1304 3036 Edd.
1422 3013 1474 3036 11.
1505 3002 1575 3048 διὰ]
1596 3003 1636 3036 τὰ
1655 3002 1714 3037 lid.

135 3053 176 3086 τὰ
196 3051 283 3098 [διὰ]
304 3052 450 3087 correxit
469 3051 602 3097 Migne.
718 3061 770 3084 12.
797 3049 986 3095 διαγγέλων
1004 3049 1050 3083 D.
1070 3047 1212 3093 (Alex.)
1322 3060 1378 3093 30.
1405 3049 1514 3094 φησὶν
1530 3061 1600 3084 0111.
1621 3049 1667 3083 D.
