2021 3434
69 498 101 528 S.
110 498 232 530 Matth.

69 542 125 573 xii.
144 552 194 583 ²9·

72 585 104 616 S.
117 585 216 617 Joan.

69 629 126 660 xii.
144 639 195 669 3¹·

70 846 87 866 2
106 836 137 866 S.
154 836 228 868 Pet.

68 879 99 910 ii.
118 891 146 918 4.

71 932 84 953 1
104 923 178 955 Cor.

66 978 100 997 x.
119 977 147 998 2.

68 1413 102 1443 S.
117 1412 217 1443 Joan.

65 1456 229 1496 vi.51‚33.

70 1733 231 1765 S.Matth.

70 1789 101 1809 v.
118 1787 148 1819 5.

299 223 381 264 734
689 223 739 264 B.
779 223 1060 264 CYRILLI
1102 223 1484 264 ALEXANDR.
1620 223 1690 264 vii.
1712 237 1775 276 14,
1803 234 1867 276 15.

295 330 436 382 αὑτὸν
469 333 545 382 καὶ
582 332 799 401 πλινθεία
833 331 1221 399 κατατρύχοντας,
1254 333 1374 383 οὕτω
1411 330 1458 382 δὲ
1496 333 1572 382 καὶ
1609 331 1727 394 ἡμᾶς
1764 330 1871 384 τοὺς

293 413 663 467 πεπιστευκότας
693 417 776 478 τῆς
809 420 892 465 τοῦ
924 413 1151 474 διαβόλου
1188 411 1339 481 χειρὸς
1372 415 1447 464 καὶ
1471 416 1554 476 τῆς
1579 415 1743 476 νοητῆς
1767 413 1872 463 δου-

295 496 422 549 λείας
446 495 537 565 ἔξω
562 497 701 549 τιθεὶς
727 497 752 546 ὁ
781 495 961 562 Σωτὴρ,
986 496 1123 561 ε”δησε
1150 495 1232 546 τὸν
1259 495 1455 562 ἰσχυρὸν
1482 497 1544 548 ὡς
1570 493 1706 548 αὐτός
1732 499 1871 561 φησι,

292 579 367 628 καὶ
393 577 618 647 ἐξέβαλεν
638 578 728 647 ἔξω
747 577 829 629 τὸν
849 578 1056 647 ἄρχοντα
1081 584 1163 629 τοῦ
1190 581 1353 632 αἰῶνος
1377 577 1558 629 τούτου.
1611 578 1686 627 καὶ
1712 573 1874 642 ὥσπερ

291 660 316 710 ὁ
344 658 520 726 Φαραὼ
558 661 918 725 κατεποντίσθη,
945 662 1021 710 καὶ
1056 659 1308 711 ἀπόλωλεν
1343 661 1459 723 ὁμοῦ
1497 663 1593 713 τοῖς
1630 658 1759 711 ἰδίοις
1789 659 1873 708 ὑπ-
1893 675 1914 713 5

290 746 565 796 ασπισταῖς·
625 744 744 794 οὕτω
787 742 935 794 πάλιν
973 743 998 792 ὁ
1043 747 1254 795 σατανᾶς
1298 744 1415 806 ὁμοῦ
1456 746 1551 795 τοῖς
1597 741 1874 806 ἀκαθάρτοις

289 822 528 887 πνεύμασι
561 828 810 892 μονονουχὶ
844 824 1039 890 γέγονεν
1074 826 1372 893 ὑποβρύχιος,
1405 828 1582 890 σειραῖς
1620 822 1766 891 ζόφου
1803 845 1875 873 τε-

291 906 661 972 ταρταρωμένος.
728 909 804 958 καὶ
829 906 993 974 ὥσπερ
1019 908 1044 958 ὁ
1069 906 1272 974 Ἰσραὴλ
1296 911 1356 961 εἰς
1387 906 1601 957 Μωυσέα
1625 903 1721 969 μὲν,
1747 903 1876 969 πλὴν

292 988 340 1038 ἐν
381 991 439 1056 τῇ
481 988 656 1058 νεφέλῃ
696 991 771 1040 καὶ
810 991 858 1040 ἐν
899 993 958 1057 τῇ
1003 987 1234 1057 θαλάσσῃ
1274 988 1593 1055 ἐβαπτίζοντο·
1643 989 1763 1038 οὕτω
1802 989 1877 1038 καὶ

250 1091 272 1117 e
293 1070 420 1134 ἡμεῖς
445 1075 507 1124 εἰς
533 1071 749 1137 Χριστὸν
777 1073 1158 1136 βεβαπτίσμεθα.
1226 1071 1364 1126 αὐτὸς
1401 1070 1493 1137 γάρ
1527 1072 1656 1121 ἐστιν
1681 1069 1709 1134 ἡ
1736 1070 1874 1134 νοητὴ
1899 1096 1944 1120 10

293 1151 482 1220 νεφέλη,
507 1153 535 1217 ἡ
562 1153 647 1218 τὴν
673 1155 751 1222 ὑφ’
782 1154 917 1219 ἥλιον
942 1154 1306 1221 καταρδεύουσα,
1334 1152 1544 1253 καθάπερ
1570 1155 1694 1204 τισὶν
1719 1154 1874 1215 ὑετοῖς,

292 1239 387 1288 τοῖς
425 1236 745 1301 εὐαγγελικοῖς
779 1236 1063 1304 κηρύγμασι.
1127 1238 1202 1288 καὶ
1237 1235 1400 1303 ὥσπερ
1433 1236 1616 1289 ἐκείνοις
1647 1236 1792 1287 καθίει
1822 1233 1876 1286 τὸ

296 1339 451 1379 μαννα
489 1340 608 1369 κατα
637 1318 723 1383 τὴν
757 1318 941 1415 ἔρημον,
975 1342 1095 1371 ουτω
1134 1342 1207 1370 και
1246 1320 1355 1383 ἡμῖν
1393 1317 1556 1370 ἑαυτὸν
1592 1318 1784 1369 δίδωσιν
1816 1322 1877 1371 εἰς

294 1399 480 1467 τροφὴν
507 1407 532 1430 “
549 1402 574 1451 ὁ
601 1401 740 1466 ἄρτος
767 1402 791 1451 ὁ
817 1401 953 1467 ζῶν
934 1425 958 1452 ο
983 1403 1032 1452 ἐκ
1063 1407 1146 1453 τοῦ
1179 1402 1375 1467 οὐρανοῦ
1407 1400 1629 1463 καταβὰς,
1657 1403 1733 1451 καὶ
1758 1398 1877 1466 ζωὴν

295 1488 322 1510 “
339 1480 492 1536 διδοὺς
512 1486 579 1552 τῷ
599 1481 812 1553 κόσμῳ.”
853 1486 928 1535 καὶ
955 1483 1296 1549 εἰσεκομίζοντο
1316 1483 1399 1547 μὲν
1419 1488 1481 1537 εἰς
1500 1487 1591 1549 γῆν
1609 1485 1768 1535 ἐκεῖνοι
1791 1481 1876 1547 τὴν
1900 1502 1945 1540 15

295 1563 543 1629 αἰσθητήν·
586 1565 714 1629 ἡμεῖς
748 1565 796 1616 δὲ
829 1564 915 1630 τὴν
949 1566 1044 1617 ἅνω
1084 1571 1587 1631 κατακληρονομοῦμεν
1609 1564 1766 1634 πόλιν,
1792 1564 1877 1629 τὴν

294 1646 568 1713 ἐπουράνιον
601 1647 932 1714 Ἰερουσαλὴμ,
965 1648 1050 1713 τὴν
1087 1653 1182 1699 τῶν
1221 1646 1534 1715 πρωτοτόκων
1567 1649 1875 1711 Ἐκκλησίαν·

296 1731 372 1780 καὶ
397 1729 572 1794 ταύτην
593 1728 706 1781 εἶναι
725 1730 810 1795 τὴν
835 1734 926 1796 γῆν
953 1732 1105 1800 φησὶν
1133 1733 1157 1782 ὁ
1176 1729 1356 1797 Σωτὴρ,
1377 1729 1434 1795 ἣν
1460 1733 1535 1781 καὶ
1560 1735 1655 1784 τοῖς
1680 1730 1880 1797 πραέσιν

247 1820 275 1861 d
296 1815 623 1881 ἐπηγγείλατο.
692 1817 858 1867 οὐκοῦν
891 1819 952 1870 ὡς
991 1817 1048 1886 ἐξ
1082 1815 1352 1880 ὁμοιότητος
1385 1820 1480 1867 τῶν
1504 1814 1656 1867 πάλαι
1680 1838 1877 1883 γεγενη-

294 1896 448 1961 μένων
491 1899 566 1949 ἐπὶ
607 1903 673 1968 τῷ
708 1898 910 1965 Ἰσραὴλ
956 1899 1152 1968 μαθήσῃ
1197 1902 1369 1968 σαφῶς
1412 1902 1506 1950 τῶν
1551 1897 1626 1949 διὰ
1663 1902 1879 1965 Χριστοῦ
1900 1915 1948 1940 20

296 1980 674 2046 κατωρθωμένων
701 1983 749 2032 ἐν
774 1982 883 2046 ἡμῖν
908 1981 992 2047 τὴν
1019 1982 1230 2045 δύναμιν.

370 2061 564 2127 Ἐπειδὴ
599 2062 647 2114 δὲ
681 2069 776 2117 τοῖς
803 2063 1111 2131 ἀκροωμένοις
1134 2064 1188 2115 τὸ
1214 2069 1382 2115 τελοῦν
1412 2068 1474 2118 εἰς
1505 2063 1672 2129 ὅνησιν
1696 2086 1877 2115 παντα-

299 2143 441 2214 χόθεν
484 2146 604 2210 ἡμᾶς
647 2145 899 2213 ἐκπορίζειν
941 2148 1209 2213 ἀναγκαῖον,
1254 2145 1363 2215 φέρε
1410 2148 1486 2197 καὶ
1534 2146 1695 2213 ἑτέραν
1739 2145 1884 2200 ἰόντες

301 2227 422 2292 ὁδὸν,
464 2227 559 2280 ἀπὸ
603 2231 686 2293 τῆς
725 2233 820 2280 τῶν
857 2229 1100 2294 ὀνομάτων
1142 2229 1380 2296 ἑρμηνείας
1421 2229 1606 2283 ἑλόντες
1650 2229 1877 2295 λέγωμεν.

352 2455 382 2478 1.
401 2441 664 2489 κατατρύχοντες
676 2442 767 2478 Edd.
780 2449 859 2478 ante
870 2443 1005 2489 Migne.
1019 2443 1151 2478 correxi
1165 2455 1206 2477 ex
1218 2443 1260 2477 A.
1303 2442 1338 2477 δέ
1353 2455 1422 2477 om.
1435 2443 1479 2477 A.
1523 2442 1647 2477 Statim
1659 2442 1712 2476 καὶ
1723 2455 1884 2489 assump-

302 2497 381 2526 tum
398 2503 440 2525 ex
457 2491 499 2524 A.
506 2491 547 2524 B.
601 2491 686 2535 ὑμᾶς
704 2490 796 2524 Edd.
941 2502 972 2524 2.
1002 2489 1099 2524 Haec
1118 2491 1170 2524 καὶ
1187 2492 1245 2535 τῆς
1263 2491 1487 2534 νοητῆς-τὸν
1503 2489 1648 2536 ἰσχυρὸν
1664 2496 1885 2524 accesserunt

304 2550 346 2572 ex
363 2538 407 2572 A.
414 2538 454 2572 B.
691 2546 725 2582 5.
751 2537 995 2580 κατεποντίσθη
1016 2537 1058 2570 Β.
1077 2538 1328 2580 κατεποντίζετο
1348 2536 1439 2572 Edd.
1690 2545 1720 2582 7.
1747 2537 1886 2581 δαίμοσι

304 2597 367 2630 pro
384 2583 551 2629 πνεύμασι
570 2583 614 2618 Β.
664 2586 792 2629 σειραῖς
806 2586 849 2619 Α.
868 2585 978 2629 σιροῖς
996 2583 1038 2618 Β.
1055 2583 1146 2617 Edd.
1197 2585 1314 2629 ζόφοις
1326 2585 1380 2629 (ut
1398 2585 1498 2618 Alex.
1504 2583 1885 2629 )τεταρταρωμε’νοιςΑ.

304 2644 338 2677 9.
364 2647 399 2666 εν
415 2634 454 2675 τῇ
472 2631 604 2691 νεφελῃ
621 2631 673 2665 καὶ
691 2631 726 2664 ἐν
742 2647 781 2675 τη
801 2632 962 2675 θαλάσσῃ
981 2630 1047 2665 hoc
1065 2630 1185 2665 Ordine
1202 2632 1247 2666 A.
1487 2642 1540 2665 10.
1571 2631 1824 2674 ἐβαπτίσθημεν
1840 2631 1886 2666 A.

307 2678 432 2712 Statim
451 2679 550 2714 αὐτὸς
566 2679 632 2724 γὰρ
650 2678 694 2712 Α.
713 2678 810 2714 οὑτός
826 2693 862 2712 τε
883 2678 972 2712 Edd.
1176 2689 1229 2713 11.
1256 2677 1275 2722 ἡ
1293 2690 1364 2711 om.
1382 2677 1424 2712 A.
1475 2677 1534 2723 ὑφ’
1552 2677 1636 2725 ἡλίῳ
1655 2678 1888 2721 κατάρδουσαν

305 2725 395 2770 (Sic)
413 2726 458 2760 A.
626 2736 680 2770 13.
705 2726 811 2769 μάννα
828 2726 871 2760 Α.
877 2725 919 2759 Β.
938 2727 1024 2769 νᾶμα
1042 2724 1133 2759 Edd.
1296 2724 1349 2759 16.
1375 2726 1595 2770 κατακληρον.
1598 2745 1643 2749 -
1644 2722 1884 2770 Ιερουσαλὴμ]

305 2774 441 2816 κληρον.
459 2774 522 2818 γῆν
538 2771 597 2816 τὴν
613 2772 667 2807 ε’π.
686 2773 786 2806 πόλιν
807 2772 850 2806 Β.
1030 2782 1081 2816 17.
1107 2775 1173 2806 τῶν
1190 2771 1310 2806 deest
1302 2784 1339 2806 111
1357 2771 1883 2828 Εάἆ.18.πραεσιν]

304 2820 475 2864 πατράσιν
492 2818 552 2853 iid.
807 2830 861 2864 19.
887 2818 1120 2865 ἐπηγγελλετο
1137 2819 1182 2853 Α.
1431 2829 1488 2854 21.
1514 2818 1549 2853 ἐν
1566 2817 1658 2863 ἡμῖν]
1679 2818 1725 2853 εἰς
1742 2818 1826 2862 ἡμᾶς
1841 2818 1886 2852 A.

307 2876 363 2900 22.
388 2865 524 2910 Ἐπειδὴ
543 2866 578 2900 δε
597 2866 641 2900 Α.
658 2864 753 2900 Ἐπεὶ
771 2866 808 2900 δε
824 2866 916 2900 Edd.
980 2867 1050 2901 τοῖς
1074 2871 1295 2911 assumptum
1322 2877 1363 2899 ex
1385 2865 1429 2899 A.
1437 2865 1476 2900 Β.
1541 2864 1769 2910 ἀκροωμενους
1795 2864 1886 2899 Edd.

306 2918 385 2946 ante
419 2913 554 2958 Migne.
624 2912 744 2948 ἕνωσιν
769 2924 832 2959 pro
857 2927 974 2958 ονησιν
999 2911 1091 2946 Edd.
1121 2918 1201 2946 ante
1231 2912 1308 2956 Mig
1311 2924 1365 2946 ne.
1439 2911 1565 2946 Statim
1596 2911 1762 2946 πάντοθεν
1793 2911 1887 2946 Edd.

306 2958 414 3039 11111ξο
430 2959 483 3040 AA
489 3005 531 3040 Β
946 2971 1001 3004 24.
1027 2962 1093 2994 τῶν
1110 2959 1230 2995 deest
1223 2971 1258 2994 ln
1277 2925 1369 2994 Egdd.
1434 2957 1623 3005 ἑρμηνειας]
1646 2962 1683 3000 -1-
1703 2958 1811 3004 ἀρχὴν
1826 2957 1885 2993 iid-

304 3004 378 3038 invl
395 3016 423 3039 ls
