2021 3434
93 191 238 246 i-3—5-
575 193 647 234 IN
688 194 882 235 AMOS.
943 194 1094 235 TOM.
1137 193 1171 232 Ι.
1583 185 1664 225 383

96 303 290 372 ἁμαξῶν
328 302 537 371 ὀνομάζει
575 303 782 372 τροχοὺς,
810 304 877 358 οἷς
908 303 1269 356 καταλεπτύνειν
1308 301 1409 353 ε”θος
1440 297 1526 361 τὴν
1564 294 1667 346 ἅλω

96 390 190 438 τοῖς
232 384 409 451 Σύροις.
472 388 548 436 καὶ
586 392 701 452 γοῦν
742 389 818 437 καὶ
862 386 937 438 διὰ
977 389 1136 455 φωνῆς
1173 382 1380 435 Ἡσαΐου
1419 379 1545 450 φησί
1577 399 1669 429 που

98 466 219 521 Θεὸς
255 466 372 534 πρὸς
411 466 496 532 τὴν
532 472 626 519 τῶν
656 469 891 520 Ἰουδαίων
931 466 1220 533 Συναγωγήν
1262 462 1427 515 “Ἰδοὺ
1471 458 1670 524 ἐποίησά
1731 463 1857 547 {lg-¹¹1·

97 556 124 578 ‘⁶
149 571 207 600 σε
253 551 315 603 ὡς
357 549 553 617 τροχοὺς
597 549 795 619 ἀμάξης,
840 553 1094 613 ἀλοῶντας,
1133 547 1326 609 καινοὺς,
1365 565 1663 611 πριστηρθὲί·
1687 567 1709 591 a
1737 556 1821 590 255
1840 554 1889 588 A·

51 639 76 676 5
98 637 124 660 ‘⁶
151 631 285 683 δεῖς.”
348 630 506 694 ὅμοιον
536 631 616 682 οὖν
651 633 712 685 ὡς
746 635 783 682 εἰ
814 631 944 695 λε’γοι
975 630 1118 698 τυχὸν
1153 628 1270 696 πρὸς
1302 628 1387 692 τὴν
1416 625 1670 692 Δαμασκόν

100 715 318 777 Καθοριῶ
342 733 432 762 σου
458 711 544 776 τὴν
571 713 715 777 δίκην,
735 713 840 764 ἀνθ’
863 711 928 763 ὧν
955 711 1256 776 κατηλόησας
1283 712 1357 761 καὶ
1381 708 1671 774 συνέτριψας

95 791 202 847 τοὺς
236 794 272 844 ἓν
309 791 522 856 Γαλααδ,
559 796 620 848 ὡς
663 793 776 858 μηδὲ
816 795 968 845 αὐτῶν
1010 795 1274 861 φείσασθαι
1314 795 1407 842 τῶν
1451 790 1516 840 ε”τι
1554 787 1673 839 κατὰ

96 873 318 941 γαστρὸς,
346 874 412 928 οἷς
438 876 462 925 ὁ
488 875 617 941 παρὰ
641 874 829 927 πάντων
855 876 983 929 ε”λεος
1007 877 1257 926 ἀκολουθεῖ
1279 874 1352 924 καὶ
1379 872 1630 941 ὀφείλεται.

162 956 277 1007 ΓὈτι
308 956 357 1007 δὲ
393 959 528 1021 ὠμῶς
567 959 640 1008 καὶ
678 957 848 1024 ἀγρίως
880 962 975 1011 τοῖς
1009 957 1065 1026 ἐξ
1086 955 1287 1023 Ἰσραὴλ
1321 952 1672 1021 κατεχρήσαντο

34 1058 81 1084 10
98 1043 190 1090 τῶν
226 1040 275 1089 ἐκ
313 1041 574 1107 Δαμασκοῦ
610 1038 741 1102 τινὲς,
776 1038 1030 1103 ἀναμάθοις
1067 1037 1124 1089 ἂν
1162 1039 1336 1089 ἀκονιτὶ
1374 1041 1468 1089 τοῖς
1505 1035 1674 1086 Ἐλισ-

98 1120 201 1172 σαιὲ
234 1126 316 1172 τοῦ
351 1120 598 1188 προφήτου
629 1119 789 1188 λόγοις
825 1121 1185 1188 προσεσχηκώς.
1254 1120 1445 1187 ἀφίκετο
1475 1116 1558 1180 μὲν
1582 1116 1720 1183 γάρὶ)

99 1206 159 1256 εἶς
196 1201 280 1266 τὴν
318 1201 598 1266 Δαμασκόν.
663 1201 817 1267 ἐπειδὴ
844 1202 891 1254 δὲ
916 1202 1184 1268 συνήντησε
1216 1206 1281 1271 τῷ
1304 1199 1499 1267 Ἀζαὴλ,
1526 1200 1675 1266 ἀῤῥω-

99 1290 322 1339 στοῦντος
361 1284 426 1336 ε”τι
458 1290 541 1336 τοῦ
559 1284 707 1351 ’Άδερ
743 1284 1044 1336 “’Έκλαυσε’
1073 1289 1224 1353 φησιν
1255 1285 1279 1334 ὁ
1306 1283 1559 1349 ’ἄνθρωπος
1593 1286 1675 1332 τοῦ
1737 1274 1876 1354 ζίἓ-θῇ,

102 1373 128 1396 “
153 1370 290 1430 Θεοῦ,
326 1368 401 1417 καὶ
439 1364 562 1418 εἶπεν
592 1365 772 1434 Ἀζαήλ
803 1367 869 1418 Τί
899 1367 969 1418 ὅτι
1004 1369 1028 1418 ὁ
1064 1365 1217 1432 κύριός
1254 1389 1343 1430 μου
1382 1364 1559 1425 κλαίεις
1601 1365 1676 1414 καὶ
1740 1370 1788 1392 ¹²·

37 1472 83 1511 15
101 1454 128 1477 ‘⁴
155 1446 278 1499 εἶπεν
308 1448 421 1499 “Orc
450 1446 552 1499 οἶδα
586 1448 680 1499 ὅσα
716 1448 924 1513 ποιήσεις
951 1453 1045 1502 τοῖς
1074 1452 1183 1502 υἱοῖς
1208 1446 1411 1513 Ἰσραὴλ
1442 1445 1576 1497 κακά·
1618 1445 1678 1497 τὰ

101 1537 128 1560 “
153 1529 433 1598 ὀχυρώματα
471 1532 622 1581 αὐτῶν
659 1530 991 1599 ἐξαποστελεῖς
1030 1531 1077 1581 ἐν
1114 1534 1238 1597 πυρὶ,
1266 1532 1339 1580 καὶ
1371 1526 1477 1582 τοὺς
1512 1530 1672 1579 ἐκλεκ-

103 1619 128 1643 “
153 1612 258 1666 τοὺς
297 1613 447 1663 αὐτῶν
484 1614 532 1663 ἐν
564 1614 775 1682 ῥομφαίᾳ
813 1615 1093 1675 ἀποκτενεῖς,
1136 1614 1209 1663 καὶ
1248 1611 1306 1662 τὰ
1345 1610 1486 1675 νήπια
1525 1611 1676 1660 αὐτῶν

102 1702 129 1724 “
154 1695 391 1757 ἐνσείσεις,
419 1697 493 1746 καὶ
531 1695 613 1749 τὰς
647 1697 694 1746 ἐν
728 1698 901 1762 γαστρὶ
936 1695 1138 1763 ἐχούσας
1171 1695 1324 1745 αὐτῶν
1359 1691 1673 1760 ἀναῤῥήξεις.”

103 1776 254 1841 ἐπειδὴ
294 1776 341 1828 δὲ
381 1783 527 1829 ταῦτα
572 1778 759 1845 δέδρακε
805 1777 924 1829 κατὰ
966 1781 1047 1841 τῆς
1086 1773 1293 1828 Γαλααδ·
1327 1775 1354 1839 ἡ
1395 1775 1675 1843 Δαμασκος,

39 1881 86 1906 20
103 1864 290 1924 μᾶλλον
341 1859 389 1911 δὲ
428 1863 502 1910 καὶ
546 1858 665 1910 κατὰ
713 1859 872 1925 πάσης
915 1863 996 1924 τῆς
1036 1859 1272 1910 Ἰουδαίων
1313 1857 1481 1925 χώρας,
1526 1875 1714 1907 κατα-ο

104 1942 295 2011 φλέξειν
335 1943 519 1993 ἀπειλεῖ
556 1943 622 1994 τὶν
664 1941 771 1994 οἶκον
810 1941 983 2013 Ἀζαῆλ
1026 1944 1099 1993 καὶ
1130 1939 1275 2010 ’Ἄδερ
1320 1942 1394 1991 καὶ
1432 1935 1676 2006 συντρίψειν

103 2021 303 2092 μοχλοῗις
350 2026 626 2093 Δαμασκοῦ.
692 2025 952 2092 πέπρακται
998 2023 1046 2075 δὲ
1088 2029 1233 2075 ταῦτα
1283 2021 1358 2074 διὰ
1396 2021 1479 2084 μὲν
1518 2019 1678 2086 Ὀζιόυ

106 2108 180 2158 καὶ
214 2105 459 2173 Ἱεροβοάμ
494 2106 582 2157 ἀνὰ
620 2106 757 2173 μέρος
796 2109 870 2157 καὶ
911 2106 1027 2158 κατὰ
1066 2106 1263 2173 καιρούς·
1303 2103 1429 2155 εἶλον
1465 2102 1558 2170 γὰρ
1604 2105 1679 2153 καὶ

106 2189 233 2239 αὐτοὶ
276 2186 361 2253 τὴν
399 2189 572 2255 Συρίαν
610 2191 684 2240 καὶ
727 2188 992 2253 νενικήκασι
1033 2187 1152 2240 κατὰ
1185 2186 1366 2254 κράτος·
1409 2188 1580 2253 χρόνου
1630 2183 1679 2235 δὲ

43 2292 89 2331 25
105 2271 360 2338 προϊόντος,
403 2273 477 2322 καὶ
520 2269 648 2338 παρὰ
684 2276 767 2322 τοῦ
802 2271 1039 2332 βασιλέως
1069 2270 1357 2336 Ἀσσυρίων.
1421 2265 1517 2318 εἶτά
1555 2271 1678 2335 φησι

110 2358 184 2404 καὶ
218 2351 494 2423 ἑξολοθρεῦσω
531 2355 840 2408 κατοικοῦντας
874 2354 924 2405 ἐκ
962 2350 1110 2404 πεδίου
1144 2351 1212 2404 ὧν.
1289 2350 1341 2402 ὢν
1373 2353 1414 2401 οἱ
1439 2351 1679 2419 προφῆται

107 2434 190 2498 τὴν
231 2434 415 2499 Βαιθὴλ
461 2434 781 2501 ὀνομάζουσιν,
826 2436 874 2485 ἐν
919 2433 947 2503 ᾗ
992 2433 1077 2498 τὴν
1119 2432 1322 2497 δάμαλιν
1360 2432 1556 2483 ἀπέθετο
1594 2429 1680 2495 τὴν

107 2519 289 2584 χρυσῆν
324 2518 348 2567 ὃ
383 2516 612 2583 ἐπάρατος
643 2516 902 2582 Ἱεροβοάμ.
971 2515 1080 2566 ἀλλ’
1118 2518 1179 2570 ὡς
1217 2514 1273 2583 ἐξ
1307 2515 1475 2565 ἐκείνου
1512 2512 1726 2564 λοιπὸνᾶ

108 2603 269 2649 πᾶσαν
296 2599 454 2667 χώραν
480 2601 934 2665 εἶδωλολατροῦσαν,
961 2599 1079 2648 οὕτω
1113 2602 1271 2648 καλεῖν
1297 2597 1399 2650 ἔθος
1430 2594 1486 2660 ἦν
1513 2596 1678 2649 αὐτοῖς.

156 2737 188 2761 2.
214 2728 265 2761 καὶ
283 2728 340 2762 alt.
360 2739 430 2762 om.
449 2728 492 2762 A.
684 2736 715 2769 5.
742 2725 800 2761 οὖν
816 2733 1036 2771 assumptum
1055 2738 1095 2760 ex
1113 2726 1204 2759 A.B.
1373 2725 1404 2758 6.
1424 2724 1568 2769 καθοριῶ
1588 2724 1680 2758 B.D.

111 2773 254 2817 καθαριῶ
272 2775 314 2808 Α.
332 2774 532 2818 καταλοὴσω
551 2773 643 2808 Edd.
693 2773 763 2807 ἀνθ’
782 2774 826 2808 ὧν
842 2785 904 2818 pro
923 2773 1004 2807 καθὸ
1022 2772 1081 2806 iid.
1101 2772 1216 2806 invitis
1235 2772 1323 2806 A.B.
1571 2782 1623 2805 10.
1641 2770 1681 2805 ἂν

111 2831 180 2854 om.
198 2821 241 2854 A.
294 2820 417 2855 Statim
435 2821 568 2864 ἀκονητὶ
586 2819 674 2864 (sic)
693 2820 735 2853 A.
952 2831 1004 2854 12.
1030 2821 1089 2863 τὴν
1105 2819 1149 2852 A.
1168 2820 1225 2853 τὸν
1243 2818 1333 2852 Edd.
1552 2827 1604 2863 15.
1629 2818 1681 2851 ὅτι

111 2874 330 2912 assumptum
349 2880 389 2902 ex
408 2870 450 2902 A.
470 2866 591 2912 (Vat.)
782 2878 837 2900 20.
863 2867 916 2900 καὶ
934 2878 1001 2900 om.
1017 2867 1060 2900 A.
1110 2865 1184 2911 τῆς]
1207 2870 1243 2906 -4-
1264 2869 1329 2900 τῶν
1348 2864 1438 2899 Edd.
1456 2865 1571 2898 invitis
1590 2864 1680 2899 A.b.

113 2915 342 2958 κατασφάξειν
360 2914 393 2948 b.
677 2923 731 2947 22.
761 2913 796 2946 δὲ
816 2914 857 2946 Α.
871 2913 905 2947 b.
923 2913 983 2956 μὲν
1002 2912 1092 2947 Edd.
1376 2923 1430 2957 23.
1456 2910 1566 2957 εἶλον]
1591 2916 1626 2952 -1-
1648 2926 1684 2945 τε

116 2958 205 2994 Edd.
223 2961 340 2994 invitis
358 2962 401 2995 A.
415 2961 448 2995 b.
618 2969 672 3005 25.
699 2962 758 2993 τοῦ
776 2966 995 3004 assumptum
1011 2972 1051 2994 ex
1071 2960 1160 2994 AB.
1173 2959 1207 2993 b.
1399 2959 1453 2993 26.
1481 2959 1533 2993 καὶ
1551 2970 1620 2993 om.
1640 2959 1684 2992 A.

115 3006 159 3038 ὢν
176 3007 234 3041 alt.
253 3019 321 3041 om.
342 3008 383 3041 A.
404 3013 481 3052 post
499 3007 721 3051 ὀνομάζουσιν
738 3013 868 3051 transp.
888 3006 922 3041 b.
1114 3018 1167 3051 29.
1195 3004 1233 3048 ἦν
1250 3018 1318 3040 om.
1340 3006 1381 3039 A.
1394 3005 1428 3040 b.
