2021 3434
70 1537 185 1587 Efech.

67 1591 121 1612 ΧΠ.
145 1593 155 1612 1
164 1594 191 1621 4.

68 2515 161 2546 Hier.

66 2559 196 2589 xxxviii.

300 195 355 235 36
697 198 745 238 B.
789 198 1064 238 CYRILLI
1105 199 1485 240 ALEXANDR.
1719 196 1745 236 i.
1770 195 1808 244 8,
1831 208 1868 247 9·

299 305 536 364 βασιλέως
565 308 852 373 Ἀσσυρίων,
880 310 954 358 καὶ
988 308 1071 370 μέν
1104 331 1174 358 τοι
1202 311 1276 358 καὶ
1303 306 1645 374 Σαλμανασάρ,
1669 310 1710 358 οἱ
1734 327 1864 371 περι-

300 386 566 454 λειφθέντες
600 388 678 450 ἕτι,
705 389 779 438 καὶ
810 392 904 438 τῶν
939 388 1347 440 κεκινδυνευκότων
1376 389 1430 440 τὸ
1465 389 1708 456 λείψανον,
1734 387 1865 438 ἀπώ-

299 471 471 517 λισθον
494 473 739 522 παντελῶς
763 475 845 520 τοῦ
872 474 952 520 καὶ
976 470 1090 524 λαὸς
1118 474 1241 521 Θεοῦ
1269 470 1591 537 ὀνομάζεσθαι,
1618 470 1694 520 διά
1719 492 1789 520 τοι
1815 467 1870 520 τὸ

253 554 279 594 b
299 552 392 598 τῶν
426 550 577 599 αὐτῶν
609 549 800 617 ἔχεσθαι
834 551 1220 615 σπουδασμοίτων
1254 556 1315 606 εἷς
1350 552 1622 603 ἀπόστασιν
1656 549 1742 616 τὴν
1776 550 1870 602 ἀπὸ

299 632 434 680 Θεοῦ.
512 632 842 683 διαλελοίπασι
876 631 969 699 γὰρ
1005 634 1215 697 οὐδαμῶς
1250 638 1349 687 ταῖς
1383 632 1742 700 μυσαρωτάταις
1776 637 1911 688 τῶν5

298 709 528 772 δαιμόνων
553 714 790 780 λατρείαις
815 715 1156 781 προσκείμενοι.

370 791 502 859 Πρὸς
536 792 741 845 διάνοιαν
775 794 924 846 δὲκαὶ
961 795 1044 848 τὸν
1082 799 1236 861 ἀληθῆ
1275 798 1349 847 καὶ
1383 798 1456 848 ἐπὶ
1489 796 1688 864 Χριστῷ
1720 795 1871 861 λόγον

293 873 515 938 συνήσεις
539 874 716 943 ἑτέρως.
770 877 887 940 μετὰ
913 877 1006 945 γάρ
1031 902 1100 929 τοι
1134 880 1219 944 τὴν
1250 877 1442 930 ἀνόσιον
1466 877 1638 941 ἐκείνην
1662 875 1866 942 πληθὺν,

294 954 380 1019 τὴν
405 958 588 1011 δικαίως
613 959 695 1009 οὐκ
720 959 992 1024 ἠλεημένην·
1029 959 1398 1028 κεκυριοκτόνηκε
1424 959 1531 1027 γάρ·
1566 962 1607 1010 οὶ
1631 959 1726 1024 μετ’
1754 959 1864 1010 ἐκεί-

295 1060 401 1093 νους
419 1037 550 1094 εὐθὺς
576 1043 661 1091 υἱοὶ
686 1040 943 1107 γεγονότες,
972 1041 1000 1106 ἢ
1028 1045 1102 1094 καὶ
1129 1045 1256 1097 ὄντες
1281 1043 1368 1107 ἤδη
1393 1045 1475 1107 τῆς
1501 1041 1870 1108 πεπορνευμένης
1892 1066 1938 1091 10

295 1123 602 1186 Συναγωγῆς,
651 1123 1019 1175 ἀποπεπτώκασι
1065 1124 1148 1190 μὲν
1190 1126 1397 1192 ἐναργῶς
1439 1131 1523 1176 τοῦ
1559 1121 1677 1174 εἶναί
1708 1146 1757 1176 τε
1794 1126 1870 1175 καὶ

293 1199 601 1267 ὀνομάζεσθαι
646 1203 764 1259 λαὸς
800 1209 938 1258 Θεοῦ.
1016 1208 1069 1257 οὐ
1113 1206 1206 1273 γὰρ
1246 1205 1373 1258 ἅπαν
1407 1205 1461 1258 τὸ
1499 1210 1593 1257 τῶν
1631 1206 1870 1257 Ἰουδαίων

252 1305 274 1330 e
293 1282 575 1349 δεδαπάνηκε
604 1288 787 1350 πλῆθος
813 1288 838 1337 ὁ
861 1288 1104 1351 Ῥωμαίων
1128 1288 1349 1352 πόλεμος·
1392 1288 1522 1339 ἀλλὰ
1557 1287 1762 1352 πλείστη
1785 1286 1869 1351 μὲν

292 1363 385 1429 ὅση
424 1368 498 1417 καὶ
531 1368 728 1433 ἀριθμοῦ
758 1370 976 1435 κρείττων
1002 1369 1200 1421 διόλωλε
1225 1368 1426 1434 πληθύς·
1469 1373 1511 1420 οἱ
1546 1369 1594 1420 δὲ
1628 1368 1685 1436 ἐξ
1715 1370 1869 1421 αὐτῶν

291 1447 694 1512 ἀνασεσωσμένοι,
724 1453 798 1500 καὶ
824 1450 877 1501 τὸ
903 1457 986 1502 τοῦ
1012 1450 1214 1502 θανάτου
1241 1450 1470 1519 φυγόντες
1495 1452 1645 1515 λίνον,
1676 1451 1867 1503 διεσπά-
1889 1476 1935 1515 15
1994 1475 1997 1489 ²

289 1550 446 1594 ρησαν
465 1533 526 1584 εἷς
547 1529 702 1582 πάντα
721 1531 903 1596 ἄνεμον,
924 1533 1041 1584 κατὰ
1061 1532 1114 1584 τὸ
1134 1533 1472 1601 γεγραμμένον,
1494 1534 1569 1584 καὶ
1584 1534 1631 1584 ἐν
1649 1539 1748 1589 ταῖς
1772 1539 1868 1586 τῶν

287 1611 434 1660 ἐθνῶν
459 1611 907 1678 κατεσκεδάσθησαν
941 1614 1129 1683 χώραις,
1160 1615 1308 1666 οὐκέτι
1342 1614 1473 1680 λαὸς,
1500 1618 1562 1670 ὡς
1585 1615 1715 1685 ἔφην,
1742 1639 1860 1684 χρη·

287 1691 551 1758 ματίζοντες
583 1699 723 1747 Θεοῦ.
802 1698 1167 1766 μεταπεφοίτηκε
1204 1697 1298 1765 γὰρ
1333 1701 1394 1753 εἰς
1424 1697 1532 1753 τοὺς
1567 1697 1625 1766 ἐξ
1655 1699 1799 1749 ἐθνῶν
1836 1699 1865 1763 ἡ

286 1772 438 1842 χάρις,
459 1775 525 1830 οἷς
545 1777 766 1845 ἀνεμίχθη
787 1781 862 1829 καὶ
887 1779 940 1830 τὸ
961 1778 1254 1845 κατάλειμμα
1272 1786 1355 1832 τοῦ
1375 1780 1592 1846 Ἰσραὴλ,
1611 1781 1865 1845 τουτέστιν,

1989 1846 1993 1859 K

288 1858 329 1905 οἱ
356 1856 429 1907 διὰ
454 1857 657 1913 πίστεως
681 1863 763 1924 τῆς
795 1863 857 1915 εἷς
881 1859 1096 1928 Χριστὸν
1129 1861 1533 1927 ἀνασεσωσμένοι.
1612 1862 1862 1915 πεπιστεύ-
1886 1893 1934 1918 20
1997 1866 1999 1870 ¹

244 1942 271 1982 d
288 1960 399 1989 κασι
437 1939 531 2006 γὰρ
574 1942 650 1990 καὶ
691 1943 739 1992 ἐκ
785 1941 952 1994 τούτου
990 1945 1072 1994 οὐκ
1111 1945 1265 2009 ὀλίγοι
1303 1943 1385 1995 τὸν
1423 1943 1633 2011 ἀριθμόν.
1715 1944 1785 1997 ὅτι
1816 1946 1864 1998 δὲ

286 2021 697 2077 ἀπολακτίσαντος
722 2029 804 2074 τοῦ
829 2023 1044 2091 Ἰσραὴλ,
1063 2028 1145 2090 τῆς
1170 2029 1231 2080 εἰς
1258 2024 1425 2080 αὐτοὺς
1450 2025 1722 2091 οἰκειότητος
1747 2029 1864 2080 ἀπο-

286 2104 533 2171 πεφοίτηκε
566 2108 640 2156 καὶ
678 2105 817 2161 αὐτὸς·
856 2109 880 2157 ὁ
916 2112 1010 2157 τῶν
1037 2107 1162 2158 ὅλων
1189 2108 1327 2170 Θεὸς,
1358 2107 1604 2176 ὑπέφηνεν,
1634 2109 1775 2171 εἰπὼν
1809 2111 1863 2162 οὐ

284 2182 442 2247 μόνον,
464 2185 532 2236 ὅτι
558 2191 679 2255 ὑμεῖς
707 2191 750 2239 οὐ
775 2190 888 2243 λαός
912 2213 1014 2256 μου,
1038 2188 1422 2256 προσεπαγαγὼν
1443 2187 1489 2239 δὲ
1514 2189 1692 2244 τούτοις
1718 2192 1863 2257 ἀναγ-

286 2268 445 2329 καίως,
476 2267 529 2319 τὸ
566 2275 642 2320 καὶ
676 2267 763 2335 ἐγὼ
798 2274 872 2321 οὐκ
906 2276 991 2339 εἰμὶ
1024 2275 1156 2338 ὑμῶν.
1224 2270 1334 2321 ἀλλ’
1363 2272 1495 2335 ἡμῶν
1532 2294 1586 2336 γε
1622 2272 1739 2339 πέρι,
1767 2277 1862 2324 τῶν
1884 2303 1931 2342 25
1983 2279 1985 2282 ’

285 2349 332 2397 ἐν
362 2352 561 2420 Χριστῷ
593 2351 950 2415 δεδικαιωμένων
981 2353 1056 2402 καὶ
1088 2352 1386 2418 ἡγιασμένων
1423 2354 1470 2403 ἐν
1510 2353 1760 2418 Πνεύματι,
1786 2358 1862 2406 καὶ

285 2428 371 2494 τὴν
401 2431 518 2497 πρὸς
549 2431 690 2485 αὑτὸν
721 2432 973 2498 οἰκειότητα
1004 2433 1410 2499 πεπλουτηκότων,
1439 2435 1513 2486 διὰ
1546 2439 1706 2503 φωνῆς
1740 2461 1858 2504 προ-

287 2513 440 2582 φήτου
477 2518 604 2583 φησί
639 2519 778 2569 “Kal
809 2518 901 2583 ἐγὼ
932 2519 1101 2583 ε”σομαι
1134 2520 1289 2574 αὐτοῖς
1331 2523 1392 2575 εἷς
1433 2518 1573 2583 Θεὸν,
1616 2523 1691 2572 καὶ
1731 2523 1861 2574 αὐτοὶ

350 2595 370 2612 ’l

67 2612 126 2641 333
146 2603 245 2634 200r.
287 2602 314 2623 ‘⁶
341 2599 531 2648 εσονταί
561 2623 639 2661 μοι
670 2603 732 2654 εἷς
764 2598 887 2654 υἱοὺς
924 2602 998 2651 καὶ
1023 2599 1298 2667 θυγατέρας,
1327 2601 1454 2667 λέγει
1483 2600 1656 2670 Κύριος
1682 2627 1856 2656 παντο-

67 2646 107 2676 vi.
127 2645 174 2676 18.

249 2703 270 2729 e
289 2686 314 2707 ‘⁶
339 2677 563 2745 κράτωρ.”
624 2684 697 2732 καὶ
717 2683 956 2737 Ἰουδαίοις
982 2680 1065 2746 μὲν
1090 2682 1296 2752 ἔφασκεν
1322 2685 1346 2735 ὁ
1372 2683 1599 2751 Χριστὸς,
1625 2684 1737 2737 ποτὲ
1761 2684 1859 2751 μὲν,
1880 2719 1929 2754 30

338 2811 366 2833 1.
392 2800 443 2833 καὶ
462 2801 520 2834 alt.
539 2809 756 2846 assumptum
775 2816 815 2837 ex
836 2804 880 2839 D.
1023 2816 1056 2850 3.
1083 2805 1305 2850 ὀνομάζεσθαι
1323 2808 1410 2840 Θεοῦ
1427 2806 1563 2840 inverso
1581 2806 1701 2840 ordine
1714 2806 1760 2842 D.
1806 2822 1858 2843 τοι

285 2858 355 2880 om.
376 2846 421 2879 D.
534 2847 565 2880 6.
593 2848 768 2892 δαιμονίων
787 2851 833 2885 D.
943 2860 973 2896 7.
1001 2853 1053 2885 καὶ
1072 2853 1169 2897 prius
1187 2857 1409 2898 assumptum
1427 2865 1467 2886 ex
1488 2852 1530 2886 B.
1551 2853 1596 2886 D.
1648 2853 1773 2888 Statim
1791 2858 1858 2889 τῶν

287 2892 388 2926 Pont.
405 2893 464 2936 τὴν
482 2893 575 2927 Aub-
759 2908 770 2930 1
783 2909 811 2931 1.
836 2898 896 2941 μὲν
913 2904 1131 2943 assumptum
1150 2911 1190 2933 ex
1211 2899 1257 2933 D.
1436 2910 1491 2933 20.
1517 2899 1683 2945 Χριστὸν]
1704 2902 1790 2935 Θεὸν
1808 2901 1855 2935 D.

286 2950 341 2972 21.
368 2942 427 2972 τοῦ
443 2938 582 2984 Ἰσραὴλ
602 2953 664 2984 pro
682 2941 799 2977 τούτου
820 2944 863 2977 D.
993 2956 1047 2988 24.
1073 2945 1141 2992 ὅτι]
1166 2950 1202 2986 -ξ-
1223 2947 1276 2980 καὶ
1295 2946 1337 2980 Β.
1357 2945 1448 2980 Edd.
1466 2946 1575 2979 invito
1596 2946 1640 2980 D.
1689 2950 1789 2982 τοῦτο
1807 2948 1854 2982 D.

286 2997 338 3027 25.
367 2986 417 3019 καὶ
436 2988 472 3019 τὸ
493 2999 553 3030 prr>
571 2988 608 3019 τὸ
626 2989 675 3021 καὶ
698 2989 741 3022 l).
885 3002 940 3035 530.
968 2992 1125 3028 ῖηυδαίοις
1142 2992 1218 3038 μὲν]
1240 2992 1296 3027 Sic
1316 2993 1361 3027 D.
1414 2991 1592 3026 Edebatur
1610 2992 1765 3030 ἷουδαίοις
1783 2994 1830 3029 δέ.

1950 3226 1964 3434 qm:
1951 3300 1954 3360 «ηᾼ
1954 3108 1964 3226 ...fm-
1959 3098 1965 3134 A,

1998 826 2003 879 Ξ

1998 887 2002 945 ἔ

1996 1006 2005 1035 Ι,

1992 1130 1998 1234 ἱ
