2021 3434
134 238 187 278 ix.
213 238 250 288 8,
274 254 311 292 9.
606 239 677 279 IN
719 237 954 279 OSEAM.
1016 234 1165 275 TOM.
1198 233 1250 272 V.
1627 230 1702 268 195

136 348 369 399 ἀναπείθει
397 347 444 399 δὲ
470 348 598 400 αὖθις
623 349 944 410 ὑπονοστῆσαι
973 343 1063 395 σὺν
1089 344 1226 412 αὐτῷ,
1245 342 1318 392 καὶ
1347 340 1460 390 οἴκοι
1487 336 1706 402 γενέσθαι

136 428 316 482 λοιπόν.
381 430 434 481 οὗ
468 428 524 493 δὴ
558 427 817 495 γεγονότος,
849 426 967 478 κατὰ
999 425 1151 489 μέσην
1190 423 1269 475 ἰὼν
1307 421 1392 486 τὴν
1430 419 1550 481 ὁδὸν,
1590 420 1706 480 ὁμοῦ

135 514 200 581 τῷ
240 512 414 581 γυναίῳ
459 511 716 562 κατέλυσεν
768 513 815 561 ἐν
868 508 1050 570 Γαβαὰ,
1092 507 1120 571 ἢ
1165 504 1500 573 διερμηνεύεται
1544 502 1705 562 βουνός.

133 591 283 663 ᾤκουν
310 592 359 644 δὲ
389 593 475 658 τὴν
503 593 683 655 Γαβαὰ,
710 592 811 657 ἤτοι
841 592 923 643 τὸν
954 591 1097 652 βουνῇν
1135 593 1177 640 οἱ
1207 591 1256 639 ἐκ
1291 589 1447 656 φυλῆς
1475 584 1705 648 Βενιαμίν.

92 693 112 731 5
133 675 286 739 ἐπειδὴ
336 675 385 726 δὲ
433 675 562 742 παρά
604 698 691 726 τινι
741 673 1040 740 κατηυλίζετο
1083 670 1342 737 πρεσβύτῃ,
1389 666 1508 719 κατὰ
1557 664 1748 730 με’σηνα
1780 677 1856 711 136
1878 675 1926 709 A·

131 756 347 811 ἐλθόντες
381 757 466 822 τὴν
497 758 639 809 νύκτα
672 762 766 808 τῶν
798 758 848 807 ἐκ
889 758 1044 823 φυλῆς
1088 754 1305 815 Βενιαμὶν
1348 750 1510 816 ἄνδρες
1550 746 1703 815 παρά-

133 862 276 903 νομοι,
311 839 433 890 καθὰ
471 839 745 906 γέγραπται,
781 836 1143 903 καταβιάζεσθαι
1180 834 1297 900 πρὸς
1336 831 1592 896 ἀσέλγειαν
1629 828 1710 880 τόν
1771 841 1929 915 ιῘὲι(ὶ.ΧίΧ-

132 943 179 971 τε
214 920 426 985 Λευίτην,
464 925 539 972 καὶ
580 920 733 984 αὐτὸν,
773 923 846 971 καὶ
885 919 1064 985 ἑτέρους
1102 917 1287 981 ἤθελον,
1357 912 1711 977 δυσωπηθέντες
1774 895 1789 916 ²
1817 909 1824 916 ⁸

133 1002 180 1054 δὲ
202 1002 340 1067 μόλις
373 1006 456 1068 τῆς
490 1005 685 1057 ἀτοπίας
718 1001 803 1066 τὴν
839 999 1119 1068 ὑπερβολὴν,
1147 998 1231 1063 τὴν
1256 1003 1338 1049 τοῦ
1367 995 1563 1047 Λευΐτου
1590 1004 1711 1045 συλ-

67 1109 114 1135 10
133 1084 434 1149 λαμβάνουσι
477 1086 764 1147 παλλακίδα,
808 1086 881 1135 καὶ
927 1082 982 1148 δὴ
1034 1085 1109 1133 καὶ
1154 1078 1455 1142 ἀπεκτόνασι,
1498 1079 1552 1129 δι’
1597 1076 1713 1141 ὅλης

135 1166 295 1222 νυκτὸς
325 1171 388 1222 εἷς
421 1167 474 1219 τὸ
507 1167 698 1234 γύναιον
724 1166 1101 1231 ἀσελγαίνοντες.
1169 1164 1194 1213 ὁ
1229 1161 1277 1213 δὲ
1311 1159 1478 1213 διελὼν
1505 1163 1567 1214 εἰς
1592 1157 1712 1222 με’λη

133 1250 186 1302 τὸ
212 1254 353 1314 σῶμα
380 1250 570 1313 διένειμε
596 1254 691 1303 τοῖς
716 1251 765 1300 ἐκ
791 1250 948 1317 φυλῆς
966 1245 1182 1313 Ἰσραὴλ,
1210 1245 1458 1313 καταφανῆ
1487 1239 1713 1293 καθιστὰς

133 1337 225 1384 τῶν
250 1335 299 1384 ἐκ
326 1334 479 1401 φυλῆς
507 1333 724 1394 Βενιαμὶν
749 1329 834 1395 τήν
869 1353 916 1380 τε
953 1333 1015 1383 εἰς
1049 1325 1156 1381 τοὺς
1180 1327 1338 1396 ξένους
1371 1323 1614 1390 ἁμαρτίαν,
1639 1324 1714 1372 καὶ
1732 1328 1758 1369 b

132 1415 185 1467 τὸ
212 1414 437 1483 ἀχάλινον
462 1417 524 1468 εἶς
550 1412 820 1479 ἀσέλγειαν·
875 1414 949 1463 καὶ
976 1410 1045 1462 ὅτι
1069 1409 1128 1461 τὰ
1145 1411 1416 1472 Σοδομιτῶν
1435 1407 1716 1471 μεμίμηνται

70 1513 114 1551 15
132 1495 530 1562 πλημμελήματα.
598 1497 806 1547 ἐντεῦθεν
849 1491 1181 1561 ἀγανακτήσας
1232 1488 1580 1556 συναγήγερται
1623 1492 1715 1542 πᾶς
1778 1504 1899 1534 1b.xx.

133 1578 347 1646 Ἰσραὴλ,
372 1581 448 1630 καὶ
475 1577 899 1644 κατεστρατεύοντο
925 1579 1007 1640 τῆς
1035 1578 1191 1644 φυλῆς
1219 1574 1437 1636 Βενιαμὶν
1463 1573 1511 1622 ἐν
1532 1570 1713 1633 Γαβαὰ,
1780 1557 1814 1579 ¹¹
1834 1558 1904 1588 sqq'

135 1661 390 1725 τουτέστιν,
428 1663 476 1712 ἐν
513 1664 579 1731 τῷ
621 1663 774 1731 βουνῷ·
816 1660 936 1710 οὕτω
979 1681 1028 1709 τε
1071 1656 1214 1721 αὐτὴν
1252 1654 1528 1724 ἀνῃρήκασι,
1568 1653 1715 1704 καίτοι

135 1746 528 1810 πολυανδροῦσαν
553 1742 674 1806 λίαν,
702 1745 764 1796 ὡς
792 1742 980 1807 ὀλίγους
1007 1742 1171 1807 κομιδῇ
1197 1736 1556 1804 περισωθέντας,
1577 1733 1717 1799 μόλις

137 1827 392 1895 ἀναφυγεῖν
436 1829 496 1878 εἰς
539 1823 623 1888 τὴν
667 1824 850 1891 ἔρημον.
929 1822 1194 1874 διολώλασι
1239 1819 1286 1871 δὲ
1330 1821 1404 1869 καὶ
1449 1819 1498 1868 ἐκ
1539 1814 1717 1869 παντὸς

70 1906 337 1974 2οἸσραὴλ
370 1911 464 1958 τῶν
497 1907 714 1974 μαχίμων
752 1907 834 1957 οὐκ
872 1905 1183 1971 εὐαρίθμητοι.
1251 1901 1362 1953 ἀλλ’
1391 1902 1473 1952 οὐκ
1508 1898 1566 1950 ἂν
1591 1899 1717 1967 ἠφίει

138 1987 258 2042 Θεὸς
292 1987 522 2053 ἀλλήλοις
557 1988 917 2052 συμπλέκεσθαι
951 1984 1057 2040 τοὺς
1093 1986 1150 2055 ἐξ
1172 1983 1388 2050 Ἰσραὴλ,
1412 1986 1449 2033 εἰ
1482 1981 1546 2046 μὴ
1580 1981 1633 2032 τὸ
1663 1980 1755 2049 ἐξα

138 2070 264 2121 οἴκου
292 2071 476 2138 Μιχαία
509 2068 723 2136 γλυπτὸν
757 2073 799 2120 οἱ
833 2067 917 2133 μὲν
949 2067 1042 2120 ἀπὸ
1070 2066 1175 2118 Δάν
1200 2065 1488 2129 τετιμήκασι,
1515 2062 1713 2129 κατηρέ-

138 2175 299 2216 μησαν
333 2151 382 2202 δὲ
418 2151 703 2218 παραλόγως
740 2155 780 2203 οἱ
823 2153 871 2201 ἐκ
916 2155 1009 2201 τῶν
1053 2150 1218 2216 ἑτέρων
1258 2151 1442 2216 φυλῶν.
1509 2143 1718 2196 τοιοῦτόν

138 2256 182 2284 τι
219 2234 382 2300 γε’γονε
420 2236 494 2284 καὶ
529 2235 601 2285 ἐπὶ
635 2238 735 2287 ταῖς
770 2232 1004 2296 δαμάλεσι
1036 2236 1135 2285 ταῖς
1169 2233 1368 2298 χρυσαῖς
1392 2227 1718 2292 λελυπημένου

72 2331 119 2368 25
141 2319 280 2367 Θεοῦ.
346 2315 716 2380 συνεπλάκησαν
742 2314 834 2381 γὰρ
865 2313 1101 2378 ἀλλήλαις
1128 2314 1178 2363 αἵ
1201 2335 1250 2363 τε
1277 2317 1360 2362 τοῦ
1386 2309 1540 2361 Ἰούδα
1567 2313 1716 2379 φυλαὶ

140 2398 235 2461 δύο,
251 2400 325 2449 καὶ
345 2401 392 2448 αἱ
411 2398 519 2449 δέκα
534 2403 617 2448 τοῦ
632 2395 857 2465 Ἐφραίμ·
892 2398 966 2446 καὶ
992 2397 1054 2449 ὡς
1073 2396 1121 2445 ἐν
1140 2398 1240 2447 ταῖς
1265 2393 1440 2462 ἡμέραις
1461 2394 1533 2443 τοῦ
1552 2394 1717 2453 βουνοῦ,

139 2481 291 2548 μυρίοι
316 2479 399 2544 μὲν
425 2479 531 2530 ὅσοι
560 2478 848 2540 πεπτώκασι,
873 2476 1283 2543 συνωλοθρεύοντο
1315 2474 1364 2525 δὲ
1398 2479 1493 2528 τοῖς
1526 2478 1717 2525 νικῶσιν

141 2567 183 2614 οὶ
220 2562 477 2627 ἡττημένοι,
517 2561 639 2614 θείας
677 2563 738 2613 εἰς
775 2565 912 2611 τοῦτο
952 2559 1190 2623 καλούσης
1229 2559 1388 2624 ὀργῆς.
1456 2556 1717 2624 πέπρακται

141 2644 190 2696 δὲ
223 2649 369 2695 ταῦτα
402 2642 630 2707 Ἀμεσίου
674 2641 757 2702 μὲν
798 2641 1136 2702 βασιλεύοντος
1174 2641 1247 2690 ἐπὶ
1285 2638 1367 2690 τὸν
1400 2638 1595 2702 Ἰούδαν,
1633 2645 1761 2690 τοῦε1

74 2756 123 2790 30
143 2724 290 2793 γεμὴν
324 2724 455 2778 Ἰωάς
498 2726 571 2775 ἐπὶ
615 2723 696 2775 τὸν
734 2722 947 2789 Ἰσραὴλ,
987 2720 1037 2776 ὃς
1080 2720 1203 2773 εἶλεν
1245 2723 1364 2772 οὕτω
1407 2720 1466 2772 τὰ
1509 2721 1712 2788 Ἱεροσό-

190 2854 223 2876 2.
248 2842 287 2886 δὴ
306 2853 376 2876 om.
395 2841 441 2876 D.
559 2852 592 2886 3.
619 2838 655 2885 ἣ]
676 2839 693 2883 ἢ
712 2839 805 2874 Aub.
918 2851 950 2881 4.
976 2840 1086 2883 γαβὰν
1105 2838 1152 2872 D.
1275 2847 1307 2880 5.
1335 2836 1414 2883 τινι]
1434 2852 1506 2872 τινα
1522 2837 1714 2872 Aubertus.

143 2890 356 2933 κατηυλίζετο
373 2889 436 2923 τινὶ
453 2888 632 2932 (omittens
649 2887 754 2931 παρά)
774 2887 820 2920 D.
973 2885 1006 2919 6.
1032 2885 1189 2920 ἐλθόντες
1205 2885 1264 2927 τὴν
1283 2884 1381 2919 νύκτα
1398 2885 1464 2919 hoc
1481 2884 1602 2919 ordine
1620 2884 1714 2919 B.D.

148 2948 199 2971 10.
225 2938 281 2980 τῆς
298 2941 377 2980 post
393 2934 473 2978 ὅλης
489 2934 569 2968 add.
589 2933 679 2968 Edd.
779 2944 831 2967 12.
858 2933 940 2968 υἱοῖς
957 2944 1020 2977 pro
1038 2932 1072 2966 ἐκ
1089 2933 1202 2977 φυλῆς
1220 2932 1266 2966 D.
1376 2942 1429 2977 13.
1454 2932 1531 2968 τοὺς
1547 2943 1617 2966 om.
1637 2931 1715 2966 Cat.

146 2995 199 3025 14.
224 2983 421 3027 μεμίμηνται
440 2982 482 3016 Β.
502 2981 577 3017 Cat.
596 2981 779 3025 μεμίμηντο
798 2991 856 3025 per
874 2991 1030 3014 rasuram
1048 2984 1087 3013 ut
1104 2978 1174 3013 vid.
1192 2979 1237 3013 D.
1438 2989 1492 3013 22.
1520 2978 1649 3025 Μιχαία
1668 2978 1713 3013 D.

145 3030 292 3076 Μιχαίου
310 3028 400 3064 Edd.
590 3039 644 3073 29.
669 3025 846 3072 Ἀμεσίου]
868 3025 1034 3070 Ἀμασίου
1051 3025 1109 3060 iid.

893 3094 1003 3124 002
