2021 3434
111 227 138 268 i.
159 240 222 279 14,
249 236 312 281 15.
502 227 574 268 IN
617 227 1002 269 MICHAEAM.
1063 229 1215 270 TOM.
1249 229 1284 269 Ι.
1602 230 1681 270 621

111 360 189 401 Διά
238 363 363 402 τοῦτο
415 360 568 403 δώσεις
622 362 1069 411 ἐξαποστελλομένουο
1128 364 1211 404 ἕως
1260 362 1545 420 κλΗρονομίαε
1596 361 1755 412 Γὲθ,ι4

175 440 321 484 οἷ’κουο
359 443 577 496 ματαίους,
620 443 680 486 εἰς
732 446 831 486 κενὰ
881 445 1051 493 ἐγένετο
1093 443 1181 487 τοῖο
1222 449 1461 497 βασιλεῦσιν
1499 449 1572 487 τοῦ
1605 444 1686 486 Ἰσ-

177 527 300 582 ραὴλ,
345 528 430 568 ἕως
478 527 576 569 τοὺς
637 532 928 584 κλΗρονομουο
988 529 1186 576 ἀΓάΓωσι·
1260 533 1515 571 κατοικοῦσαι
1562 528 1685 584 Λάχιε
1710 544 1756 582 15

176 610 438 667 κλΗρονομία
476 612 561 652 ἕως
592 610 791 659 Ὀὃολαμ
829 612 933 655 ἥξει.
1705 603 1732 644 b

68 748 90 786 5
182 734 604 790 ‘Yffowewrmxdros
638 741 720 787 τοῦ
745 735 945 802 Ἰσραὴλ
971 741 1065 790 τοῖς
1091 736 1147 805 ἐξ
1177 738 1319 803 ὀργῆς
1345 736 1584 800 κινήμασι,
1612 737 1686 787 καὶ

109 819 202 865 τῶν
227 819 287 869 εἰς
313 816 438 867 Θεὸν
470 819 940 883 πεπλημμελημε’νων
975 819 1305 872 ἀποτιννύντος
1343 819 1485 881 δίκας,
1518 822 1560 869 οἱ
1593 818 1686 869 ἀπὸ

110 897 202 949 Γέθ
232 921 281 949 τε
317 900 390 950 καὶ
416 899 637 963 Ἐνακεὶμ
673 903 755 964 τῆς
792 906 874 952 τοῦ
906 904 1029 952 Θεοῦ
1068 899 1208 970 δόξης
1243 903 1539 964 καταμειδιᾶν
1564 902 1679 951 ἀπε·
1749 911 1876 986 Sglprito

108 979 314 1042 τόλμων.
380 979 527 1050 ᾤοντο
561 981 654 1048 γὰρ
686 982 768 1045 ὅτι,
795 981 1004 1048 καθάπερ
1030 982 1119 1047 ἤδη
1154 988 1389 1049 προεῖπον,
1418 983 1470 1033 οὐ
1507 981 1688 1033 σέσωκε
1749 966 1769 987 V
1809 980 1815 986 ’
1880 978 1888 986 ”

108 1059 214 1115 τοὺς
241 1062 396 1124 ἰδίους,
426 1065 488 1118 ὡς
519 1067 600 1127 τῆς
624 1065 899 1130 Ἀσσυρίων
924 1064 1076 1132 χειρὸς
1107 1064 1382 1128 ἡττώμενος.
1449 1062 1546 1114 εἶτα
1569 1062 1688 1129 πρὸς

35 1148 90 1190 ἰο
109 1149 245 1194 τοῦτο
283 1143 403 1198 Θεὸς
442 1146 704 1196 ἀναπείθειν
738 1146 919 1210 ἤθελεν,
955 1148 1017 1198 ὡς
1051 1145 1144 1197 ἀπό
1178 1169 1232 1212 γε
1269 1149 1351 1210 τῆς
1385 1145 1591 1213 Λάχεως,
1619 1145 1858 1230 ὅτιῡῧέἐπῗ

109 1225 316 1276 δέδονται
341 1232 436 1280 τοῖς
469 1228 652 1295 ἐχθροῖς
685 1227 760 1279 διὰ
786 1226 838 1279 τὸ
865 1229 1098 1293 ηὑρῆσθαι
1131 1228 1320 1282 πολλὰς
1357 1229 1575 1290 ἀσεβείας
1607 1234 1689 1280 τοῦ
1744 1211 1764 1231 v
1806 1223 1813 1230 ’
1855 1208 1885 1239 3·

107 1307 308 1374 Ἰσραὴλ
342 1310 409 1360 ἐπ’
439 1310 606 1373 αὐτοῖς,
633 1312 708 1361 καὶ
745 1309 815 1361 ὅτι
854 1309 1108 1376 γεγόνασιν
1142 1310 1369 1377 ἁμαρτίας
1400 1313 1598 1378 ἀρχηγοὶ
1631 1314 1690 1379 τῇ

110 1392 305 1455 θυγατρὶ
342 1390 478 1454 Σιὼν,
516 1392 732 1442 τουτέστι
769 1396 827 1458 τῇ
867 1391 1197 1459 Ἰερουσαλήμ.
1263 1399 1410 1444 ταῦτα
1446 1396 1571 1444 Θεοῦ
1613 1393 1691 1443 λε’-

109 1493 288 1536 γοντος,
309 1475 463 1526 συνεὶς
490 1474 539 1524 εὖ
563 1473 695 1537 μάλα
720 1472 774 1525 τὸ
801 1475 1086 1539 δηλούμενον
1113 1477 1186 1525 καὶ
1211 1474 1304 1540 πρό
1328 1498 1380 1541 γε
1405 1479 1499 1526 τῶν
1525 1475 1690 1526 ἄλλων

45 1570 90 1609 15
112 1553 136 1603 ὃ
159 1554 384 1620 μακάριος
410 1555 683 1623 Προφήτης,
704 1557 979 1624 ἀποδέχεται
1004 1556 1111 1611 τοὺς
1136 1556 1319 1623 λόγους,
1345 1559 1419 1607 καὶ
1443 1559 1690 1624 μονονουχὶ

110 1641 209 1689 ταῖς
241 1638 349 1703 παρ’
377 1638 541 1688 ἑαυτοῦ
575 1637 759 1706 ψήφοις
797 1642 860 1692 εἷς
899 1637 1121 1702 ἀλήθειαν
1147 1643 1411 1707 στεφανῶν,
1438 1639 1690 1706 ἀναπεφώ-

109 1740 245 1782 νηκεν
279 1719 411 1772 εὐθύς
447 1718 540 1771 Δια
572 1722 689 1772 τοῦτο
730 1718 881 1775 δώσεις
919 1721 1379 1790 ἐξαποστελλομένους
1416 1718 1494 1776 ἕως
1535 1735 1688 1790 κληρο-

113 1802 266 1868 νομίας
318 1800 409 1863 Γέθ,
463 1804 600 1858 οἴκους
662 1805 901 1872 ματαίους.
996 1803 1074 1854 ναί
1130 1807 1295 1872 φησιν,
1350 1801 1387 1854 ὦ
1445 1803 1685 1865 Δέσποτα,
1705 1805 1733 1846 (l

110 1886 378 1943 βαδιοῦνται
411 1883 529 1950 πρὸς
567 1884 774 1952 ἐχθροὺς,
808 1887 883 1936 καὶ
921 1884 1383 1954 ἐξαποσταλήσονται
1415 1884 1544 1952 παρὰ
1581 1892 1687 1949 σοῦ,

45 1988 94 2013 20
110 1963 195 2029 τὴν
228 1966 511 2032 ἐνεγκοῦσαν
546 1967 752 2035 ἀφέντες,
787 1969 862 2018 καὶ
900 1971 960 2021 εἰς
998 1966 1082 2031 τὴν
1113 1972 1206 2018 τῶν
1235 1968 1511 2034 Ἀσσυρίων
1547 1991 1688 2031 μετα-

109 2046 423 2115 χωρήσαντες,
458 2049 560 2116 οὐχὶ
597 2049 744 2112 μόνοι,
776 2051 940 2118 φησιν,
968 2052 1009 2100 οἱ
1053 2051 1100 2100 ἐν
1140 2050 1392 2119 Σαμαρείᾳ,
1425 2049 1556 2100 ἀλλὰ
1593 2050 1687 2117 γὰρ

111 2131 186 2180 καὶ
211 2133 252 2180 οἱ
278 2131 326 2180 ἐν
353 2128 441 2183 Γέθ.
492 2134 534 2181 οἱ
554 2129 639 2194 μὲν
665 2130 757 2197 γὰρ
782 2129 1035 2196 γεγόνασιν
1059 2131 1325 2182 ἀποστάται
1350 2134 1425 2183 καὶ
1452 2134 1685 2198 ὑβρισταὶ,

110 2214 186 2262 καὶ
225 2216 319 2262 τῶν
359 2216 461 2263 σῶν
504 2212 699 2264 κατόπιν
743 2213 854 2264 ἱέναι
899 2211 1240 2277 θεσπισμάτων
1279 2215 1360 2264 οὐκ
1398 2213 1681 2282 ἀνεχόμενοι·

111 2296 152 2343 οἱ
201 2293 249 2344 δὲ
297 2293 594 2362 πεπραχόσιν
641 2295 817 2348 ἀθλίως
867 2295 1236 2362 ἐπιτωθάζοντες,
1280 2298 1362 2359 τῆς
1402 2299 1492 2360 σῆς
1544 2296 1686 2366 δόξης

47 2398 93 2437 25
111 2376 347 2427 ἐποιοῦντο
397 2376 685 2444 κατάῤῥησιν
734 2375 788 2428 τὸ
837 2376 1151 2441 συμβεβηκός.
1215 2377 1352 2431 αὐτὸς
1400 2379 1482 2428 οὖν
1532 2376 1684 2434 δώσεις

113 2458 572 2528 ἑξαποστελλομένους
626 2458 705 2514 ἕως
761 2464 1045 2529 κληρονομίας
1103 2458 1193 2522 Γὲθ,
1249 2462 1387 2515 οἴκους
1447 2464 1724 2530 (ammonae

162 2621 193 2644 1.
217 2610 291 2654 ἐμοὶ
307 2622 371 2655 pro
388 2610 448 2646 ἕως
466 2610 555 2656 (Sic)
573 2612 617 2644 A.
817 2621 848 2645 2.
873 2609 1003 2655 ἐγένετο
1021 2610 1111 2644 Α.Β.
1132 2610 1263 2655 (Alex.)
1282 2610 1434 2656 ἐγένοντο
1452 2611 1544 2646 Edd.
1563 2612 1685 2657 (Vat.)

113 2669 146 2700 4.
172 2657 394 2701 κληρονομίαν
410 2658 453 2691 A.
473 2657 548 2702 (22.
563 2657 628 2702 al.)
694 2656 818 2691 Statim
840 2672 903 2691 σου
921 2657 1002 2691 add.
1022 2657 1059 2691 F.
1078 2657 1169 2691 Edd.
1190 2658 1278 2702 (42.)
1341 2657 1493 2702 Ὀδολὰμ
1513 2659 1596 2693 B.F.
1611 2660 1685 2702 (62,

117 2714 192 2748 147,
212 2714 288 2749 153,
300 2715 379 2748 310,
395 2706 490 2748 311.)
508 2704 679 2749 [ὀδολλὰμ
690 2703 800 2749 A.V.]
818 2703 994 2748 Ὠδολλὰμ
1013 2703 1105 2738 Edd.
1124 2710 1202 2738 ante
1222 2704 1356 2749 Migne.
1419 2704 1545 2739 Statim
1563 2707 1685 2751 capitis

113 2751 173 2785 rel.
191 2750 246 2784 hic
264 2750 344 2784 add.
363 2750 454 2785 Edd.
472 2751 589 2785 invitis
607 2751 699 2785 A.B.
902 2760 934 2795 5.
964 2750 1137 2796 κινήμασι]
1157 2751 1319 2796 μηνίμασι
1338 2751 1381 2785 Β.
1400 2751 1443 2785 cf.
1466 2763 1571 2796 supra
1590 2762 1633 2798 74
1649 2753 1685 2788 b.

114 2808 147 2842 9.
174 2796 293 2842 ἰδίους]
313 2797 452 2833 οἰκείους
472 2797 513 2832 Β.
730 2808 782 2832 10.
809 2795 961 2842 Λάχεως]
983 2798 1088 2842 Λάχις
1104 2798 1150 2831 Α.
1378 2809 1431 2832 11.
1457 2799 1623 2843 ηὑρῆσθαι
1640 2800 1684 2834 Α.

114 2844 276 2887 εὑρῆσθαι
294 2844 337 2879 Β.
355 2845 495 2889 εὑρῆσαι
514 2843 607 2878 Edd.
844 2855 898 2878 12.
922 2843 1000 2887 παρ’
1018 2856 1080 2888 pro
1097 2843 1148 2878 ἐπ’
1166 2844 1210 2878 Α.
1449 2856 1501 2887 14.
1527 2845 1687 2889 συνήσεις

115 2891 193 2934 (sic)
211 2891 255 2925 A.
448 2901 500 2936 15.
525 2890 710 2936 ἀπεδέχετο
727 2891 772 2924 Α.
965 2890 1018 2925 16.
1043 2890 1120 2935 παρ’
1135 2892 1254 2926 ἑαυτοῦ
1270 2890 1360 2925 Α.Β.
1377 2890 1455 2936 παρ’
1470 2893 1575 2938 ἑαυτῷ
1594 2893 1686 2928 Edd.

117 2945 170 2981 17.
195 2938 297 2971 δώσει
314 2937 358 2972 Α.
376 2937 497 2983 (Vat.)
561 2936 638 2983 ἕως]
663 2942 700 2978 -ff-
720 2939 777 2981 τῆς
796 2937 887 2972 Edd.
905 2937 1014 2973 invito
1032 2938 1076 2971 A.
1349 2939 1402 2972 18.
1427 2938 1536 2974 οἴκους
1553 2951 1623 2973 orn.
1642 2941 1686 2975 A.

116 2993 171 3017 21.
196 2985 297 3028 μόνον
314 2984 358 3018 A.
406 2985 472 3029 γὰρ
489 2996 558 3018 om.
579 2985 621 3018 A.
1007 2994 1062 3019 22.
1093 2984 1199 3029 οἱμὲν
1215 2986 1281 3031 γὰρ
1300 2985 1390 3020 Α.Β.
1409 2986 1453 3020 ὧν
1469 2986 1576 3030 οἱμὲν
1594 2986 1687 3022 Edd.

117 3039 172 3072 24.
195 3032 411 3076 πεπράχιισιν
428 3032 471 3066 A.
