2021 3434
280 197 360 235 172
669 197 718 236 B.
763 196 1035 236 CYRILLI
1075 197 1454 237 ALEXANDR.
1712 198 1795 238 viii.
1824 208 1858 248 7.

237 385 369 438 7“O†t
406 386 684 441 ἀνεμόφθοῬα
716 387 933 442 ἔσπειραν,
974 387 1042 427 καὶ
1080 387 1103 427 ἡ
1147 389 1424 444 καταστροφὲι
1465 389 1606 430 αὐτῶν
1643 389 1859 431 ἐκδέξεται

345 469 462 510 αὐτὰ·
503 469 667 526 ὃρᾶΓμα
699 470 775 510 οὐκ
811 471 906 525 ἕχον
944 468 1057 526 ἰσχὺν
1094 473 1167 511 τοῦ
1199 476 1368 513 Ποιιῗισαι
1397 472 1592 529 ἄλευρον,
1619 472 1692 513 ἐὰν
1720 472 1765 513 δὲ
1793 473 1860 513 καὶ

344 553 514 610 Ποιήσῌ,
540 553 761 610 ἀλλότριοι
789 554 1110 609 καταφάΓονται
1137 554 1254 596 αὐτό.

349 668 434 721 εΩς
460 668 516 736 ἐξ
540 666 812 733 ὁμοιότητος
837 673 931 718 τῶν
957 672 1054 736 εἰκῇ
1080 668 1350 732 καμνόντων
1383 670 1433 719 ἐν
1464 669 1754 734 γεωπονίαις,
1779 671 1861 732 τῆς

236 770 257 795 e
278 750 473 809 ἐνούσης
503 752 656 805 αὐτοῖς
694 751 984 813 δυσβουλίας
1020 753 1095 802 καὶ
1131 754 1212 816 τῆς
1235 755 1341 818 περὶ
1366 750 1426 802 τὰ
1449 750 1625 815 μάταια
1649 753 1859 815 σπουδῆς
1880 768 1902 806 5

275 832 328 883 τὸ
368 832 579 900 ἄκαρπον
623 835 864 898 ὑποδηλοῖ.
928 833 983 884 τὸ
1027 833 1121 901 γὰρ
1161 835 1229 885 ἐπ’
1278 835 1432 888 αὐτοῖς
1469 838 1628 885 πονεῖν
1667 833 1861 885 ἑλέσθαι

273 913 415 978 τινὰς,
441 917 516 967 καὶ
554 917 785 980 ἐπιμελῶς
822 915 925 967 ἔσθ’
954 915 1031 967 ὅτε
1069 917 1357 982 θρησκεύειν,
1387 915 1664 981 ἀναθήμασί
1697 938 1746 966 τε
1785 918 1861 967 καὶ

275 998 459 1052 θυσίαις
494 1002 647 1062 τιμᾶν,
674 998 740 1063 εἰἠ
781 997 838 1049 ἂν
876 999 1031 1066 ἕτερον
1056 999 1199 1062 οὐδὲν,
1226 998 1254 1065 ἢ
1280 998 1363 1051 τὸν
1397 999 1551 1070 ἀνέμῳ
1586 1003 1855 1066 κατεφθαρ-

272 1080 413 1143 μένον
463 1081 755 1147 συναγείρειν
813 1079 1011 1148 σπόρον,
1063 1080 1195 1133 οὐδὲν
1243 1083 1412 1146 ὀνῆσαι
1469 1086 1714 1135 παντελῶς
1778 1082 1861 1133 τὸν

272 1167 506 1213 πονοῦντα
546 1162 818 1228 δυνάμενον.
882 1165 995 1215 ποία
1034 1162 1129 1230 γὰρ
1173 1166 1409 1218 ἀντίδοσις
1450 1167 1534 1227 τῆς
1571 1168 1633 1218 εἰς
1671 1166 1859 1215 εἷδωλο-
1882 1186 1929 1211 10

272 1245 494 1311 λατρείαν
529 1249 772 1310 σπουδῆς,
813 1245 980 1311 ἢποία
1011 1246 1142 1314 παρὰ
1171 1251 1399 1312 γλυπτῶν
1437 1247 1631 1311 ὅνησιςς
1672 1245 1701 1311 ἦ
1739 1248 1859 1298 κατὰ

271 1326 375 1377 τίνα
405 1326 581 1394 τρόπον
614 1329 907 1397 εὐφρανοῦσί
935 1351 1064 1383 τινας
1091 1326 1121 1380 ἃ
1146 1332 1217 1380 δεῖ
1233 1328 1422 1383 πάντως
1450 1331 1604 1380 ἐλθεῖν
1629 1333 1690 1383 εἷς
1717 1353 1858 1381 κατα-

226 1409 525 1479 ᾶστροφήν;
567 1410 745 1462 ἐοίκασι
785 1412 940 1462 τοίνυν
983 1415 1024 1462 οἱ
1060 1410 1119 1463 τὰ
1158 1410 1312 1463 τοιάδε
1351 1417 1497 1463 ποιεῖν
1534 1411 1744 1466 εἰωθότες
1781 1415 1858 1464 καὶ

270 1496 371 1545 ταῖς
402 1492 609 1543 εἰδώλων
638 1498 792 1558 τιμαῖς
826 1494 1115 1548 ἀνατιθέντες
1153 1493 1207 1546 τὸ
1246 1495 1553 1558 σπούδασμα,
1587 1499 1683 1547 τοῖς
1719 1498 1851 1547 σπεί-

271 1598 405 1644 ρουσιν
430 1574 719 1646 ἀνεμόφθοροι,
746 1577 822 1627 καὶ
847 1576 1102 1644 ἀσταχύων
1130 1574 1360 1647 δ’ροίγμοιτι
1395 1582 1530 1627 σῖτον
1569 1577 1651 1628 οὐκ
1689 1577 1855 1645 ἔχοντι,
1881 1595 1925 1633 15

270 1658 345 1707 καὶ
370 1660 431 1711 εἰς
454 1656 634 1727 ἀλεύραυ
659 1657 820 1726 χρείαν
846 1659 899 1709 οὐ
922 1660 1233 1729 πεποιημένῳ.
1290 1662 1327 1710 εὶ
1355 1657 1403 1709 δὲ
1424 1658 1481 1723 δή
1506 1682 1549 1710 τι
1575 1658 1650 1710 καὶ
1677 1660 1857 1725 γένοιτο

269 1739 378 1806 παρ’
418 1740 584 1802 αὐτῶν,
620 1739 850 1803 τουτέστι,
883 1739 970 1792 κᾶν
1013 1745 1050 1792 εἰ
1091 1741 1276 1811 δόξειαν
1317 1765 1416 1795 πως
1455 1739 1570 1792 εἶναι
1607 1745 1858 1793 σπουδαῖοι

269 1824 345 1872 καὶ
382 1820 570 1888 γνήσιοι
608 1824 714 1889 περὶ
751 1822 811 1873 τὰ
849 1826 931 1887 τῆς
962 1823 1148 1888 πλάνης
1173 1824 1302 1890 ἔργα,
1328 1826 1403 1875 καὶ
1440 1829 1578 1875 τοῦτο
1611 1828 1672 1878 εἰς
1702 1829 1854 1876 ἀλλο-

269 1906 402 1975 τρίους
441 1903 690 1971 γενήσεται
726 1905 835 1972 παρ’
863 1906 1030 1969 αὐτῶν,
1059 1911 1372 1976 κατευφρανεῖ
1401 1905 1451 1957 δὲ
1484 1905 1608 1957 Θεὸν
1645 1908 1743 1957 κατ’
1773 1907 1851 1958 οὐ·

270 1987 377 2038 δένα
402 1985 592 2053 τρόπον.
658 1987 918 2057 ἀλλοτρίους
944 1988 997 2039 δέ
1019 1993 1143 2058 φησι
1168 1988 1275 2042 τοὺς
1300 1988 1637 2057 ψευδωνύμους
1664 1989 1810 2044 θεούς.
1877 2012 1926 2037 20

231 2098 252 2124 e
333 2068 582 2133 ”Αμισθον
621 2070 703 2120 οὖν
738 2070 829 2137 ἄρα
862 2075 1108 2124 παντελῶς
1144 2072 1219 2122 καὶ
1257 2070 1310 2122 τὸ
1346 2073 1607 2122 σπουδαῖον
1642 2071 1774 2135 ἡμῶν
1808 2073 1857 2123 ἐν

270 2157 365 2206 τοῖς
391 2158 601 2204 λυποῦσι
637 2150 775 2215 Θεὸν,
808 2155 883 2203 καὶ
925 2156 1008 2217 τῆς
1049 2154 1289 2207 ἐπιεικείας
1330 2155 1372 2204 οἱ
1407 2153 1573 2220 τρόποι
1615 2152 1770 2222 πάντῃ
1807 2178 1856 2206 τε

270 2237 347 2286 καὶ
397 2233 586 2289 πάντως
627 2233 1029 2300 διαβεβλήσονται
1080 2237 1188 2303 παρ’
1235 2236 1376 2305 αὐτῷ,
1414 2238 1497 2300 τῆς
1546 2241 1630 2287 τοῦ
1674 2238 1855 2303 ἀγαθοῦ

270 2317 614 2372 διεκπίπτοντες
653 2316 812 2384 θήρας.

318 2467 350 2490 2.
376 2456 503 2502 ἄλευρα
521 2458 557 2492 F.
578 2457 675 2503 (42.)
853 2469 886 2503 3.
911 2460 1053 2503 ποιῆσαι
1073 2459 1119 2494 Ι).
1169 2459 1253 2493 αὐτά
1272 2460 1308 2494 F.
1328 2459 1426 2505 (42.)
1628 2469 1660 2506 7.
1686 2461 1739 2495 καὶ
1756 2462 1854 2506 prius

271 2510 494 2548 assumptum
511 2517 553 2539 ex
571 2505 666 2540 B.D.
850 2517 903 2540 10.
929 2509 1090 2541 ποιοῦντα
1107 2506 1300 2542 Aubertus.
1481 2518 1534 2541 11.
1562 2507 1579 2551 ἢ
1599 2512 1679 2552 post
1695 2510 1855 2554 γλυπτῶν

270 2549 350 2584 add.
371 2550 416 2584 D.
705 2563 757 2587 12.
784 2553 823 2598 δὴ
841 2565 904 2598 pro
922 2553 972 2587 δεῖ
990 2553 1036 2588 D.
1321 2565 1377 2589 22.
1402 2555 1509 2600 πάντῃ
1527 2555 1579 2601 τε]
1600 2556 1742 2590 πάντοτε
1761 2555 1854 2592 Edd-

272 2606 326 2641 23.
353 2597 430 2643 παρ’
449 2599 557 2634 αὐτῶν
575 2599 656 2643 (Sic)
677 2600 723 2635 D.
