2021 3434
127 214 180 254 vi.
203 224 242 267 5.
523 215 596 256 IN
638 214 1019 256 MICHAEAM.
1075 212 1225 254 TOM.
1258 211 1320 252 II.
1623 210 1706 250 697

124 320 358 385 τοσαύτης
393 325 514 390 φησὶ
549 326 632 387 τῆς
665 323 773 389 παρ’
803 325 914 384 ἐμοῦ
949 324 1135 389 φειδοῦς
1161 321 1235 370 καὶ
1273 317 1476 384 ἀγάπης,
1505 318 1566 370 ὡς
1592 318 1704 380 μηδ’

125 401 242 453 ὅσον
266 403 376 467 ἧκεν
410 408 472 457 εἷς
506 410 615 455 νοῦν
640 403 934 472 ἀνασχέσθαι
965 401 1388 471 δυσφημουμένων.
1455 400 1480 450 ὁ
1505 398 1589 463 μὲν
1613 397 1706 464 γὰρ

123 486 353 552 ἐπάρατος
389 488 571 551 Βαλέικ,
608 490 633 539 ὁ
674 493 947 550 Μωαβιτῶν
984 487 1206 553 τύραννος
1246 488 1587 548 κατεμισθοῦτο
1622 482 1705 534 τὸν

125 570 330 634 Βαλαὰμ
364 570 512 637 γόητα
551 574 626 622 καὶ
665 570 1000 633 οἰωνοσκόπον,
1031 568 1128 620 εἶτα
1166 566 1530 634 καταράσασθαι
1563 588 1704 632 παρε-
1723 583 1744 609 0

82 651 257 707 5κάλει
293 652 375 703 τὸν
409 652 624 717 Ἰσραήλ·
662 654 686 703 ὁ
726 653 783 704 δέ
807 676 860 719 γε
898 657 991 703 τῶν
1030 651 1157 702 ὅλων
1196 650 1317 704 Θεὸς
1353 646 1625 717 παράδοξόν
1661 669 1706 698 τι

122 735 197 783 καὶ
225 733 454 801 ὑπερφυὲς
485 734 822 801 κατειργάζετο,
848 733 934 798 τὴν
970 739 1053 785 τοῦ
1087 730 1447 801 ψευδομάντεως
1485 734 1706 795 γλῶτταν

121 815 422 881 μετατρέπων
449 819 510 869 εἷς
537 817 768 882 εὐλογίαν.
832 817 1068 880 ἐπίκλημα
1095 814 1143 865 δὲ
1168 813 1444 877 ποιουμένου
1469 810 1522 863 τὸ
1548 814 1707 879 χρῆμα

121 903 205 948 τοῦ
250 897 431 961 Βαλὰκ,
474 898 834 960 καταιτιωμένου
871 921 920 948 τε
962 896 1044 949 τὸν
1088 896 1422 957 οἰωνοσκόπον,
1463 893 1706 960 ἀπεκόμιζε

122 978 206 1040 μὲν
231 979 362 1033 εὐθὺς
397 981 469 1048 ἐφ’
499 978 677 1046 ἑτέρους
712 978 854 1030 αὐτὸν
891 979 1103 1040 βουνούς.
1171 976 1267 1028 εἶτα
1302 975 1491 1040 βωμοὺς
1518 976 1705 1041 ἐγείρειν

57 1085 105 1110 10
121 1061 448 1127 προστάττων,
481 1063 555 1112 καὶ
587 1062 782 1128 ταύρους
818 1064 1081 1127 ἱερουργεῖν,
1113 1057 1228 1129 ᾤετο
1265 1058 1388 1126 τάχα
1425 1080 1518 1109 που
1555 1056 1619 1121 μὴ
1658 1059 1705 1107 ἐν

121 1145 262 1194 παντὶ
304 1143 434 1213 τόπῳ
485 1143 715 1194 δύνασθαι
765 1141 848 1194 τὸν
896 1141 1034 1204 Θεὸν,
1079 1142 1188 1192 ἀλλ’
1236 1139 1428 1206 ηὐλόγει
1473 1141 1705 1206 πανταχῆ,

124 1310 303 1371 Μωάβ·
349 1310 427 1364 ἕως
467 1311 602 1375 ὅρους
646 1309 865 1374 Γαλγάλ.
930 1307 1131 1376 μνήσθητι
1174 1305 1222 1366 δὴ
1261 1307 1342 1357 οὖν
1379 1310 1425 1357 τί
1459 1305 1543 1368 μὲν
1581 1306 1706 1365 ἐβου-

122 1392 314 1443 λεύσατο
358 1391 540 1454 Βοιλέικ,
581 1394 627 1443 τί
666 1391 713 1442 δὲ
758 1389 970 1458 Βαλαάμ
1008 1392 1298 1455 ἀπεκρίνατο.
1363 1389 1453 1455 ἐγὼ
1490 1387 1576 1451 μὲν
1612 1387 1705 1454 γὰρ

58 1496 103 1534 15
123 1477 198 1525 καὶ
236 1473 378 1527 αὑτὰς
413 1474 668 1524 ἀνέκοπτον
705 1472 789 1527 τὰς
824 1474 930 1524 καθ’
960 1474 1088 1536 ὑμῶν
1126 1472 1410 1539 δυσφημίας,
1446 1470 1550 1522 οὐδὲ
1589 1469 1706 1520 ὅσον

122 1556 231 1621 ἧκεν
282 1561 344 1611 εἱς
388 1555 561 1622 λόγους
606 1560 892 1607 καταλυπεῖν
934 1554 1190 1621 ἐπιτρέπων
1238 1552 1320 1604 τὸν
1365 1552 1700 1604 οἰωνοσκόπον.

124 1639 250 1701 ὑμεῖς
282 1637 330 1689 δὲ
372 1640 446 1689 καὶ
490 1637 668 1689 τούτων
706 1636 1134 1702 ἀμνημονήσαντες,
1172 1635 1258 1699 τὴν
1296 1638 1393 1699 ἐμοὶ
1431 1634 1706 1701 πρέπουσαν

125 1719 270 1789 δόξαν
309 1722 442 1774 ὕλαις
486 1720 690 1789 ἀψύχοις
728 1720 1062 1781 ἀνατεθείκατε,
1094 1717 1330 1782 δαμάλεσι
1368 1723 1467 1771 ταῖς
1506 1721 1705 1785 χρυσαῖς

126 1803 464 1870 ἐπιφωνοῦντές
499 1826 548 1853 τε
582 1805 657 1853 καὶ
696 1803 912 1866 λέγοντες
940 1808 966 1830 “
988 1800 1135 1852 Οὗτοι
1162 1804 1203 1851 οἱ
1239 1801 1337 1851 θεοί
1359 1823 1463 1862 σου,
1488 1799 1703 1867 Ἰσραὴλ,

59 1909 108 1933 20
126 1891 154 1913 ‘⁶
180 1885 340 1938 οἵτινες
367 1885 662 1945 ἀνεβίβασάν
688 1907 745 1934 σε
772 1886 822 1935 ἐκ
847 1886 934 1948 γῆς
959 1882 1247 1948 Αἱγύπτου.”

126 2051 202 2101 καὶ
226 2049 432 2117 πλείστῃ
449 2048 533 2112 μὲν
552 2049 644 2116 ὅσῃ
666 2048 910 2117 φιλοτιμίᾳ
931 2047 1325 2109 καταπιαίνοντος,
1344 2050 1706 2101 καταδονοῦντος

127 2132 176 2182 δὲ
199 2130 306 2186 τοὺς
326 2129 531 2198 ἐχθροὺς,
552 2128 877 2195 παραλύοντός
895 2152 943 2180 τε
962 2128 1022 2180 τὰ
1043 2131 1146 2180 καθ’
1166 2130 1296 2193 ἡμῶν
1316 2127 1641 2195 ἐγχειρήματα,
1662 2130 1711 2180 τί

126 2212 185 2264 ἂν
211 2212 422 2283 δρῴημεν
447 2214 576 2263 αὐτοὶ
602 2212 655 2263 τὸ
682 2215 848 2280 χρῆναι
875 2216 1062 2279 φρονεῖν
1089 2212 1238 2277 ὀρθῶς
1257 2209 1537 2278 ᾑρημένοι,ἣ
1564 2211 1706 2262 ἐκεῖνό

33 2318 109 2358 25
127 2319 219 2348 που
256 2296 442 2348 πάντως
477 2294 530 2345 τὸ
566 2295 620 2345 δι’
649 2291 703 2345 οῦ
731 2292 787 2344 ἂν
824 2294 1003 2359 γένοιτο
1037 2294 1112 2343 καὶ
1147 2293 1266 2356 ἡμᾶς
1302 2291 1465 2346 αὐτοὺς
1504 2294 1706 2359 ὁρᾶσθαι

179 2478 208 2501 Ι.
234 2465 330 2512 ἐμοῦ]
347 2466 489 2511 ἐμαυτοῦ
508 2465 599 2500 Edd.
618 2465 734 2499 invitis
752 2464 842 2498 A.B.
1188 2475 1219 2497 2.
1246 2463 1292 2498 εἷς
1309 2466 1384 2497 νοῦν
1402 2464 1445 2496 Α.
1463 2463 1509 2498 εἷς
1529 2462 1574 2508 [εἷ
1591 2463 1704 2509 Aub.]

129 2515 254 2559 λόγους
271 2513 363 2548 Edd.
515 2524 547 2557 3.
575 2513 688 2546 Βαλὰκ
706 2512 749 2545 A.
769 2511 908 2554 Βαλαὰμ
927 2510 1018 2544 Edd.
1038 2515 1117 2544 ante
1136 2510 1268 2554 Migne.
1422 2511 1454 2543 6.
1481 2510 1651 2555 εἰργάζετο
1662 2512 1706 2545 A.

133 2570 164 2606 7.
190 2560 345 2606 εὐλογίας
363 2559 406 2594 A.
712 2559 743 2591 8.
772 2559 884 2591 Βαλὰκ
902 2557 992 2590 Α.Β.
1012 2558 1151 2601 Βαλαὰμ
1169 2557 1260 2591 Edd.
1589 2569 1621 2601 9.
1648 2558 1708 2600 μὲν

130 2615 352 2652 assumptum
369 2619 410 2640 ex
428 2607 470 2640 A.
519 2605 654 2650 βωμοὺς
671 2605 762 2638 AB.
779 2606 894 2647 βωμὸν
912 2604 1002 2638 Edd.
1307 2615 1358 2637 10.
1383 2618 1449 2637 που
1466 2603 1552 2648 τάχα
1570 2603 1707 2638 inverso

131 2654 252 2688 ordine
270 2655 313 2687 A.
605 2664 655 2686 11.
682 2653 740 2685 τὸν
757 2657 976 2694 assumptum
995 2662 1035 2684 ex
1057 2650 1097 2684 B.
1146 2649 1223 2684 ἀλλ’
1241 2650 1378 2695 ηὐλόγει
1395 2652 1547 2694 πανταχῆ
1566 2651 1608 2683 A.
1627 2650 1706 2685 ἀλλ’

131 2700 171 2744 ἧν
187 2700 403 2745 εὐλογεῖσθαι
419 2702 592 2744 πανταχοῦ
608 2698 698 2732 Edd.
751 2698 846 2732 Haec
865 2697 992 2731 desunt
1008 2698 1044 2730 in
1064 2696 1103 2730 B.
1124 2697 1234 2741 spatio
1249 2697 1378 2730 relicto.
1528 2708 1581 2730 12.
1607 2698 1706 2742 Σχοί-

131 2763 196 2782 νων
212 2747 301 2781 Α.Β.
320 2747 478 2792 Σχοινίων
497 2746 586 2780 Edd.
760 2756 812 2789 13.
839 2745 878 2788 δὴ
897 2750 1117 2788 assumptum
1136 2756 1176 2777 ex
1196 2744 1238 2777 A.
1287 2744 1347 2786 μὲν
1364 2755 1432 2776 om.
1451 2744 1494 2776 A.
1545 2744 1703 2782 ἐβουλεύ-

132 2809 218 2828 σατο
235 2795 278 2827 Α.
298 2794 497 2834 ἐβουλεύετο
518 2794 558 2827 Β.
579 2791 741 2834 ἐβούλετο
759 2791 850 2825 Edd.
1028 2802 1079 2832 14.
1105 2791 1138 2824 τί
1155 2790 1189 2823 δέ
1208 2790 1298 2824 A.B.
1317 2791 1368 2823 καὶ
1386 2791 1418 2824 τί
1436 2789 1528 2824 Edd.
1579 2790 1705 2825 Statim

132 2843 150 2875 ὁ
168 2840 248 2874 add.
267 2840 326 2875 iid.
345 2841 461 2875 invitis
479 2840 569 2874 A.B.
619 2839 817 2882 ἀπεκρίνατο
835 2838 878 2872 A.
897 2837 1091 2881 ἀπεκρίνετο
1110 2837 1201 2870 Edd.
1362 2837 1415 2870 16.
1442 2838 1643 2871 καταλυπεῖν
1660 2839 1704 2872 Α.

132 2888 298 2922 κατειπεῖν
318 2887 358 2922 Β.
374 2889 575 2921 καταλαλεῖν
593 2885 684 2920 Edd.
877 2895 929 2929 17.
955 2883 1081 2917 τούτων
1098 2884 1141 2917 A.
1160 2882 1279 2917 τούτου
1297 2883 1389 2917 Edd.
1591 2895 1643 2929 19.
1669 2899 1705 2918 τε

132 2940 354 2978 assumptum
371 2947 411 2968 ex
429 2935 473 2968 A.
758 2942 812 2965 20.
839 2930 956 2965 οἵτινες
973 2930 1181 2971 ἀνεβίβασάν
1200 2945 1241 2965 σε
1258 2931 1303 2964 A.
1322 2928 1355 2964 οἵ
1370 2945 1410 2964 σε
1427 2930 1595 2976 ἀνήγαγον
1613 2930 1705 2966 Edd.

135 2992 191 3026 23.
215 2981 256 3015 τὰ
274 2988 494 3025 assumptum
511 2992 553 3014 ex
570 2980 613 3013 A.
796 2989 850 3020 24.
877 2977 895 3021 ἢ
914 2978 1058 3012 accessit
1075 2989 1115 3012 ex
1132 2977 1174 3012 A.
1351 2986 1406 3022 25.
1432 2977 1471 3012 οὗ
1490 2977 1532 3013 Β.
1551 2978 1595 3013 ὧν
1612 2977 1705 3013 Edd.

135 3027 261 3062 Statim
276 3026 316 3062 ἂν
332 3034 552 3073 assumptum
571 3038 611 3060 ex
630 3026 673 3060 A.
723 3024 799 3060 καθ’
817 3036 880 3070 pro
897 3024 950 3058 καὶ
967 3024 1010 3058 A.

190 3094 282 3122 VOL.
306 3095 336 3123 1.
893 3093 921 3131 4
941 3091 967 3119 U

122 1226 268 1276 καίτοι
293 1225 519 1291 περιθέων
553 1227 602 1276 ἐκ
641 1230 734 1275 τῶν
773 1223 1072 1286 καλουμένων
1101 1225 1306 1286 Σχοῖνων·
1349 1227 1501 1290 χῶρος
1541 1220 1588 1272 δὲ
1623 1223 1751 1284 τῆςᾶ

201 1968 389 2018 Οὐκοῦν
420 1967 712 2029 διανέμοντος
743 1971 824 2017 τοῦ
852 1969 976 2016 Θεοῦ
1008 1964 1066 2016 τὰ
1100 1965 1157 2033 ἐξ
1185 1964 1370 2030 ἀγάπης
1402 1965 1510 2027 ἡμῖν
1535 1963 1703 2030 ἀγαθὰ,
1722 1980 1744 2006 θ

1766 482 1800 512 N
1804 492 1870 532 qm.

1765 535 1844 556 xxu.
1856 535 1927 565 sqq.

1766 978 1817 1008 Ib.
1833 978 1926 1009 xxiii.

1769 1031 1798 1060 15
1819 1030 1927 1063 132143

1769 1074 1817 1105 27,
1837 1075 1886 1106 29.

1766 1810 1872 1861 Exn-fil.

1765 1866 1868 1886 xxxu.
1887 1866 1920 1894 4.
