2021 3434
337 210 419 249 622
733 213 782 251 B.
820 212 1093 252 CYRILLI
1141 213 1521 253 ALEXANDR.
1707 214 1732 253 i.
1763 227 1824 264 14,
1848 224 1910 266 15.

333 317 519 384 μάταιοι
560 317 651 383 γὰρ
692 319 796 370 οἶκοι
834 323 908 371 καὶ
947 322 971 371 ὁ
1011 325 1092 370 τοῦ
1117 320 1329 388 Ἐφραὶμ
1364 323 1438 371 καὶ
1471 324 1512 370 οὶ
1551 325 1643 370 τῶν
1681 321 1774 371 ἀπὸ
1808 321 1913 381 Γέθ,

334 398 481 449 διάτοι
525 399 578 450 τὸ
628 401 743 464 μήτε
790 400 915 451 Θεὸν
956 402 1205 468 ἀνέχεσθαι
1248 407 1400 464 τιμᾶν,
1443 401 1688 464 ἀπονέμειν
1733 401 1780 452 δὲ
1831 400 1915 454 τὰς

333 481 551 546 λατρείας
599 486 694 535 τοῖς
748 488 988 548 γλυπτοῖς,
1041 486 1116 534 καὶ
1166 483 1236 534 ὅτι
1296 484 1418 547 μόνα
1478 482 1805 550 πεφρονήκασι
1857 482 1915 532 τὰ

333 562 524 629 σαρκὸς,
562 565 636 614 καὶ
672 569 765 618 τοῖς
804 566 1018 630 ἐπιγείοις
1055 566 1396 631 προσκείμενοι,
1431 565 1594 616 οὐδένα
1630 568 1711 629 τῆς
1750 567 1914 629 ἀρετῆς

331 646 570 696 ἐποιοῦντο
605 645 765 711 λόγον.
831 644 928 697 εἶτα
964 647 1140 716 μεταξὺ
1178 648 1444 715 σχετλιάζέι
1481 647 1657 714 τρόπον
1688 646 1803 709 τινὰ,
1840 649 1913 697 καὶ

1934 671 1956 709 01

330 729 579 795 μονονουχὶ
620 727 686 779 τὼ
724 733 846 796 χεῖρε
882 729 1180 793 συμπλήττει
1215 731 1240 780 ὁ
1278 729 1501 796 μακάριος
1541 727 1814 797 Προφήτης,
1853 732 1915 782 εἷς

332 809 511 860 ε”ννοιαν
549 809 794 877 ἐρχόμενος
833 815 927 861 τῶν
968 810 1087 862 κατὰ
1128 811 1313 878 καιροὺς
1351 811 1694 878 πεπραγμένων
1733 813 1781 861 ἐν
1821 814 1914 860 Σα-

331 893 510 961 μαρείᾳ.
575 891 881 958 διαλογίζεται
916 891 965 944 δὲ
1003 892 1088 956 τὴν
1126 898 1219 944 τῶν
1254 893 1494 953 βασιλεων
1529 893 1806 990 ἀγερωχίαν,
1841 896 1916 943 καὶ

111 985 201 1019 405
218 984 267 1018 Α-
294 995 315 1018 a
334 973 400 1025 ότι
437 978 519 1038 τῆς
554 976 736 1026 ε’κεινων
762 975 1041 1039 σκαιότητος
1068 975 1483 1042 ἀνοσιουργῆματα
1508 973 1736 1041 γεγόνασι
1759 998 1818 1025 τα
1842 975 1913 1043 ἐφ’
2019 1005 2021 1011 <

333 1055 400 1111 οἷς
423 1057 823 1122 πεπλημμέληκεν
855 1059 880 1108 ὁ
905 1057 1122 1124 Ἰσραήλ.
1191 1059 1343 1109 αὐτῶν
1375 1057 1468 1124 γὰρ
1503 1057 1739 1124 εὑρήματα
1769 1080 1844 1108 και
1869 1080 1914 1108 αι
1938 1083 1983 1108 10
2015 1104 2021 1126 .·

333 1139 556 1202 δαμάλεις
595 1139 735 1205 ἦσαν,
781 1164 854 1191 και
904 1139 963 1191 τὰ
1013 1145 1107 1191 τῶν
1150 1164 1317 1206 ετερων
1360 1141 1566 1191 εἰδώλων
1615 1139 1795 1204 τεμένη-
1862 1141 1916 1190 οὐ

332 1224 666 1274 διαλελοίπασι
719 1221 767 1273 δὲ
815 1222 890 1273 διὰ
941 1222 1117 1276 παντὸς
1177 1223 1354 1288 τρόπου
1410 1221 1778 1287 παροτρύνοντες
1834 1220 1916 1273 τὸν

333 1304 654 1370 Δημιουργόν.
740 1305 1007 1372 ἀσχάλλων
1059 1304 1115 1368 δὴ
1168 1306 1248 1356 οὖν
1299 1306 1323 1355 ὁ
1370 1304 1630 1372 Προφήτης
1683 1310 1759 1359 Εἰς
1812 1305 1916 1356 nevel.

333 1392 484 1453 φησιν
518 1385 676 1452 ἐγένετο
715 1390 803 1441 τοῖς
841 1389 1084 1445 βασιλεῦσι
1127 1389 1198 1438 τοῦ
1231 1385 1424 1456 Ἰσραὴλ,
1461 1385 1541 1441 ἕως
1580 1386 1677 1441 τους
1718 1388 1911 1455 κληρονό-

332 1494 440 1537 μους
486 1473 742 1536 ἐιγαζγωσ-ιν.
810 1470 970 1534 ὅμοιον
1016 1473 1076 1524 ὡς
1115 1475 1151 1521 εἷ
1203 1470 1333 1536 λέγοι
1374 1474 1485 1521 Τῶν
1525 1474 1586 1524 εἷς
1627 1469 1915 1534 ματαιότητα
1937 1494 1982 1533 15
2020 1504 2021 1509 =

333 1552 720 1615 σπουδασμάτων
745 1554 797 1603 οὐ
824 1552 1088 1621 κατέληξαν
1114 1556 1154 1604 οἱ
1186 1558 1416 1615 βασιλεῖς,
1444 1553 1576 1620 ἄχρις
1607 1551 1665 1603 ἂν
1691 1558 1752 1607 εἷς
1777 1559 1915 1604 τοῦτο

288 1639 316 1679 b
334 1635 639 1686 πεπτώκασιν
682 1635 972 1699 ἀθλιότητος,
1023 1637 1084 1689 ὡς
1133 1635 1300 1702 ἑτέρων
1341 1634 1560 1701 γενέσθαι
1608 1631 1784 1701 κλῆρον
1834 1634 1915 1686 τὸν

334 1721 639 1784 ἐκνεμηθέντα
677 1721 831 1774 αὐτοῖς
868 1719 997 1786 παρὰ
1031 1724 1170 1772 Θεοῦ.
1240 1720 1310 1771 ὅτι
1348 1720 1397 1771 δὲ
1435 1720 1637 1784 ἔμελλον
1662 1720 1914 1788 Ἀσσύριοι

333 1805 417 1866 τῆς
443 1804 680 1854 Ἰουδαίων
715 1802 904 1867 ἁπάσης
939 1802 1166 1871 κατάρξαι
1205 1806 1304 1869 γῆς,
1333 1803 1512 1870 δέχεται
1550 1802 1631 1853 δύο
1668 1801 1830 1856 πόλεις
1867 1804 1916 1854 ἐν

334 1886 574 1952 ἐσχατιαῖς
613 1887 695 1948 τῆς
735 1884 849 1949 ὅλης
884 1884 1039 1951 χώρας
1073 1884 1294 1947 κειμένας,
1319 1884 1404 1949 τήν
1435 1907 1483 1935 τε
1510 1884 1659 1947 Λάχιν
1685 1888 1806 1954 φημὶ
1840 1887 1914 1936 καὶ
1935 1912 1981 1937 20
2016 1917 2021 1934 ι

118 1981 271 2012 2Par-xi·
335 1967 420 2031 τὴν
459 1964 691 2036 Ὀὃολᾶμ,
745 1965 799 2020 ἃς
847 1964 1121 2036 ᾠκοδόμησε
1169 1965 1400 2030 “Ροβοᾶμ,
1448 1967 1527 2017 καί
1576 1972 1698 2035 φησι
1744 1978 1910 2018 Καται-

118 2032 145 2064 7'
167 2036 196 2065 ⁹⁵
338 2051 478 2101 κοῦσαι
501 2049 655 2113 Λοίχις
685 2051 945 2119 κληρονομίαι
969 2047 1048 2104 ἕως
1068 2046 1282 2117 Ὀὃολᾶμ
1308 2049 1409 2118 ἥξει.
1452 2047 1798 2115 κληρονομήσει
1823 2048 1915 2115 γὰρ

335 2130 421 2196 τὴν
453 2131 608 2195 Λάχις
648 2133 794 2182 καίτοι
833 2136 989 2185 καλῶς
1027 2130 1220 2200 σφόδρα
1252 2131 1616 2199 τετειχισμένην·
1659 2137 1798 2182 τοῦτο
1823 2129 1916 2198 γὰρ

335 2213 389 2265 τὸ
415 2219 641 2265 κατοικεῖν
665 2216 782 2264 ἐστι·
809 2214 1071 2280 παρατείνει
1098 2211 1159 2276 δὲ,
1188 2215 1324 2281 φησὶ,
1349 2215 1423 2265 καὶ
1451 2213 1527 2268 ἕως
1554 2216 1636 2277 τῆς
1659 2209 1888 2281 ‘ostonem

299 2311 318 2336 0
434 2297 621 2348 Οὐκοῦν
677 2300 714 2347 εἷ
767 2295 851 2360 μὲν
905 2295 1058 2347 ἕλοιτό
1113 2319 1182 2350 τις
1234 2294 1390 2365 σοφὸς
1441 2293 1554 2347 εἶναι
1615 2297 1690 2347 καὶ
1741 2294 1914 2360 εὐήνιος
1933 2318 1979 2358 25

386 2512 415 2535 1.
441 2502 472 2535 οἱ
490 2507 711 2546 assumptum
729 2513 769 2535 ex
788 2502 830 2536 A.
1034 2513 1068 2547 3.
1094 2502 1148 2536 καὶ
1166 2507 1388 2547 assumptum
1406 2513 1446 2535 ex
1465 2502 1507 2535 A.
1515 2501 1556 2535 Β.
1769 2500 1801 2535 6.
1828 2515 1912 2544 συμ-

335 2548 475 2592 πλήττει
494 2549 536 2582 Β.
556 2548 783 2592 συμπλήττων
801 2548 892 2583 Edd.
1258 2560 1289 2593 7.
1315 2549 1440 2584 ἕννοιας
1458 2549 1502 2582 A.
1577 2547 1699 2582 Statim
1718 2547 1852 2593 ἔρχεται
1869 2547 1912 2581 A.

336 2595 370 2629 8.
397 2599 462 2629 τῶν
479 2607 549 2629 om.
568 2596 612 2629 A.
660 2595 862 2641 ἆγερουχίαν
881 2595 962 2639 (sic)
982 2596 1024 2630 A.
1261 2607 1294 2640 9.
1323 2596 1441 2640 γέγονε
1459 2596 1502 2629 A.
1742 2605 1794 2628 10.
1821 2594 1911 2639 εὑρέ-

335 2657 424 2685 ματα
444 2642 486 2676 Β.
664 2654 715 2676 11.
742 2643 864 2687 ἑτέρων
881 2655 950 2676 om.
969 2644 1012 2676 A.
1206 2653 1258 2687 13.
1285 2647 1343 2676 οὑν
1360 2655 1428 2676 om.
1448 2643 1491 2676 A.
1684 2652 1736 2684 14.
1762 2641 1912 2686 ἐγένοντο

337 2689 531 2723 Aubertus.
579 2691 640 2723 τοῦ
657 2701 727 2723 om.
746 2690 790 2723 A.
938 2700 989 2734 15.
1016 2688 1147 2735 ὅμοιον]
1172 2695 1208 2729 -ὶ-
1230 2690 1265 2723 δὲ
1285 2689 1375 2723 Edd.
1394 2689 1511 2723 invitis
1529 2688 1572 2722 A.
1579 2688 1621 2722 B.
1778 2688 1831 2722 18.
1856 2685 1909 2732 δὲ]

336 2736 396 2777 μέν
413 2736 456 2769 A.
475 2736 584 2769 invito
602 2735 637 2770 b.
686 2737 716 2769 οἱ
734 2742 812 2770 ante
827 2735 931 2770 Ἀσσ.
952 2736 1031 2770 add.
1050 2737 1084 2770 b.
1504 2747 1557 2780 19.
1582 2733 1656 2779 τῆς]
1680 2738 1718 2775 -†-
1738 2738 1804 2768 τῶν
1823 2734 1911 2768 Edd.

338 2782 454 2816 invitis
473 2783 517 2816 A
529 2783 563 2817 b.
875 2794 930 2816 20.
957 2784 1029 2828 xcix
1034 2798 1061 2818 ις
1079 2783 1122 2817 A.
1445 2793 1499 2816 21.
1525 2782 1701 2826 Ὀδολλάμ
1717 2782 1761 2815 Α.
1781 2781 1912 2825 Migne.

336 2827 487 2872 Οδολαμ
517 2829 561 2863 D.
629 2829 728 2866 Quae
754 2836 950 2874 sequuntur
976 2842 1086 2875 usque
1111 2829 1154 2863 ad
1179 2831 1312 2874 μᾶλλον
1335 2828 1435 2874 (625.
1456 2840 1510 2863 21.
1516 2829 1532 2873 )
1558 2836 1633 2862 turn
1659 2829 1694 2862 in
1721 2827 1812 2861 Edd.
1838 2834 1913 2861 tum

339 2921 434 2972 (Ι53,
452 2933 531 2966 311.
538 2924 549 2966 )
855 2934 908 2966 24.
935 2924 972 2957 τὸ
991 2930 1212 2968 assumptum
1230 2935 1271 2956 ex
1289 2924 1335 2956 D.
1407 2936 1597 2966 παρατεινει
1616 2922 1662 2955 D.
1679 2921 1849 2966 παρέτεινε
1867 2919 1911 2953 Α.

340 2967 388 3000 St
382 2969 463 3001 ιῑίιη
483 2969 517 3001 δὲ
536 2976 757 3014 assumptum
773 2981 813 3003 ex
829 2970 875 3003 D.
1065 2981 1119 3015 25.
1138 2985 1198 3014 μεν
1215 2970 1358 3004 accessit
1374 2981 1415 3004 ex
1430 2970 1476 3004 D.
1524 2968 1639 3003 ἔλοιτό
1652 2969 1698 3002 D.
1716 2967 1851 3012 λέγοιτ-ό
1867 2966 1911 3000 Α.

1997 2826 2002 2856 Ι

339 2874 375 2907 in
394 2875 435 2908 Β.
454 2875 591 2910 desunt.
610 2876 835 2910 adhibuimus
853 2888 893 2910 ex
912 2877 954 2910 A
962 2877 1006 2910 D.
1267 2887 1322 2910 22.
1348 2876 1550 2921 κληρονομία
1569 2875 1614 2908 D.
1633 2874 1852 2919 κληρονομιας
1869 2876 1912 2908 A.
1996 2861 2002 3005 Ι

337 3013 466 3057 εὐήνιος
485 3015 530 3048 D.
550 3018 688 3051 συνετὸς
705 3016 748 3050 A
1996 3017 2001 3112 ί

1995 3159 2000 3227 ῗ

1995 3276 1998 3295 Ι

1994 3316 1999 3434 Ι
