<?xml version="1.0" encoding="UTF-8"?>
<!DOCTYPE html PUBLIC "-//W3C//DTD XHTML 1.0 Transitional//EN"
    "http://www.w3.org/TR/xhtml1/DTD/xhtml1-transitional.dtd">
<html xmlns="http://www.w3.org/1999/xhtml" xml:lang="en" lang="en">
 <head>
  <title>
</title>
<meta http-equiv="Content-Type" content="text/html;charset=utf-8" />
  <meta name='ocr-system' content='tesseract 3.04.00' />
  <meta name='ocr-capabilities' content='ocr_page ocr_carea ocr_par ocr_line ocrx_word'/>
</head>
<body>
  <div class='ocr_page' id='page_1' title='image "./operacyrilli01cyriuoft/operacyrilli01cyriuoft_0238.png"; bbox 0 0 2021 3434; ppageno 0'>
   <div class='ocr_carea' id='block_1_1' title="bbox 83 673 188 704">
    <p class='ocr_par' dir='ltr' id='par_1_1' title="bbox 83 673 188 704">
     <span class='ocr_line' id='line_1_1' title="bbox 83 673 188 704; baseline 0.01 -1"><span class='ocrx_word' id='word_1_1' title='bbox 83 673 188 704; x_wconf 66' lang='lat' dir='ltr'><strong>Exod,</strong></span> 
     </span>
    </p>
   </div>
   <div class='ocr_carea' id='block_1_2' title="bbox 82 715 236 747">
    <p class='ocr_par' dir='ltr' id='par_1_2' title="bbox 82 715 236 747">
     <span class='ocr_line' id='line_1_2' title="bbox 82 715 236 747; baseline 0.006 -1"><span class='ocrx_word' id='word_1_2' title='bbox 82 716 169 747; x_wconf 78' lang='lat' dir='ltr'>xxiii.</span> <span class='ocrx_word' id='word_1_3' title='bbox 190 715 236 747; x_wconf 82' lang='lat'>26.</span> 
     </span>
    </p>
   </div>
   <div class='ocr_carea' id='block_1_3' title="bbox 76 999 281 1085">
    <p class='ocr_par' dir='ltr' id='par_1_3' title="bbox 76 999 281 1085">
     <span class='ocr_line' id='line_1_3' title="bbox 78 999 281 1039; baseline -0.005 -6"><span class='ocrx_word' id='word_1_4' title='bbox 78 1004 178 1033; x_wconf 75' lang='lat' dir='ltr'><strong>Dent.</strong></span> <span class='ocrx_word' id='word_1_5' title='bbox 255 999 281 1039; x_wconf 79' lang='lat' dir='ltr'>b</span> 
     </span>
     <span class='ocr_line' id='line_1_4' title="bbox 76 1046 238 1085; baseline 0.006 -9"><span class='ocrx_word' id='word_1_6' title='bbox 76 1046 177 1077; x_wconf 74' lang='lat' dir='ltr'>xxxii.</span> <span class='ocrx_word' id='word_1_7' title='bbox 189 1055 238 1085; x_wconf 75' lang='lat'>30.</span> 
     </span>
    </p>
   </div>
   <div class='ocr_carea' id='block_1_4' title="bbox 81 1745 202 1825">
    <p class='ocr_par' dir='ltr' id='par_1_4' title="bbox 81 1745 202 1825">
     <span class='ocr_line' id='line_1_5' title="bbox 81 1745 170 1794; baseline -0.034 -19"><span class='ocrx_word' id='word_1_8' title='bbox 81 1745 170 1794; x_wconf 50' lang='lat' dir='ltr'>Hffffl&#39;</span> 
     </span>
     <span class='ocr_line' id='line_1_6' title="bbox 81 1798 202 1825; baseline 0.008 -7"><span class='ocrx_word' id='word_1_9' title='bbox 81 1799 135 1818; x_wconf 60' lang='grc' dir='ltr'>ΧΠ.</span> <span class='ocrx_word' id='word_1_10' title='bbox 156 1798 202 1825; x_wconf 81' lang='lat'>14.</span> 
     </span>
    </p>
   </div>
   <div class='ocr_carea' id='block_1_5' title="bbox 81 1899 217 1929">
    <p class='ocr_par' dir='ltr' id='par_1_5' title="bbox 81 1899 217 1929">
     <span class='ocr_line' id='line_1_7' title="bbox 81 1899 217 1929; baseline 0 0"><span class='ocrx_word' id='word_1_11' title='bbox 81 1899 165 1929; x_wconf 64' lang='lat' dir='ltr'><strong>Heb.</strong></span> <span class='ocrx_word' id='word_1_12' title='bbox 187 1909 217 1929; x_wconf 87' lang='lat' dir='ltr'>x.</span> 
     </span>
    </p>
   </div>
   <div class='ocr_carea' id='block_1_6' title="bbox 85 2145 231 2229">
    <p class='ocr_par' dir='ltr' id='par_1_6' title="bbox 85 2145 231 2229">
     <span class='ocr_line' id='line_1_8' title="bbox 85 2145 231 2176; baseline 0.014 -2"><span class='ocrx_word' id='word_1_13' title='bbox 85 2145 169 2175; x_wconf 74' lang='lat' dir='ltr'>Hah.</span> <span class='ocrx_word' id='word_1_14' title='bbox 188 2146 231 2176; x_wconf 88' lang='lat' dir='ltr'>iii.</span> 
     </span>
     <span class='ocr_line' id='line_1_9' title="bbox 88 2190 198 2229; baseline 0.018 -12"><span class='ocrx_word' id='word_1_15' title='bbox 88 2190 132 2224; x_wconf 75' lang='lat'>18,</span> <span class='ocrx_word' id='word_1_16' title='bbox 154 2200 198 2229; x_wconf 81' lang='lat'>19.</span> 
     </span>
    </p>
   </div>
   <div class='ocr_carea' id='block_1_7' title="bbox 307 224 1871 266">
    <p class='ocr_par' dir='ltr' id='par_1_7' title="bbox 307 224 1871 266">
     <span class='ocr_line' id='line_1_10' title="bbox 307 224 1871 266; baseline 0.001 -4"><span class='ocrx_word' id='word_1_17' title='bbox 307 224 385 263; x_wconf 84' lang='lat'>198</span> <span class='ocrx_word' id='word_1_18' title='bbox 704 225 752 263; x_wconf 91' lang='grc' dir='ltr'>Β.</span> <span class='ocrx_word' id='word_1_19' title='bbox 797 224 1071 265; x_wconf 88' lang='lat' dir='ltr'>CYRILLI</span> <span class='ocrx_word' id='word_1_20' title='bbox 1110 225 1485 266; x_wconf 79' lang='lat' dir='ltr'><strong>ALEXANDR..</strong></span> <span class='ocrx_word' id='word_1_21' title='bbox 1728 226 1871 265; x_wconf 79' lang='lat' dir='ltr'>ix.12.</span> 
     </span>
    </p>
   </div>
   <div class='ocr_carea' id='block_1_8' title="bbox 299 332 1879 2285">
    <p class='ocr_par' dir='ltr' id='par_1_8' title="bbox 299 332 1876 1875">
     <span class='ocr_line' id='line_1_11' title="bbox 302 332 1874 402; baseline 0.004 -20"><span class='ocrx_word' id='word_1_22' title='bbox 302 334 439 383; x_wconf 78' lang='grc' dir='ltr'>δεινοὶ</span> <span class='ocrx_word' id='word_1_23' title='bbox 477 335 551 383; x_wconf 82' lang='grc' dir='ltr'>καὶ</span> <span class='ocrx_word' id='word_1_24' title='bbox 590 332 821 384; x_wconf 78' lang='grc' dir='ltr'>ἀνάλωτοι</span> <span class='ocrx_word' id='word_1_25' title='bbox 855 334 1140 399; x_wconf 87' lang='grc' dir='ltr'>γενήσεσθαι</span> <span class='ocrx_word' id='word_1_26' title='bbox 1178 341 1272 389; x_wconf 87' lang='grc' dir='ltr'>τοῖς</span> <span class='ocrx_word' id='word_1_27' title='bbox 1306 337 1500 402; x_wconf 82' lang='grc' dir='ltr'>ἐχθροῖς,</span> <span class='ocrx_word' id='word_1_28' title='bbox 1527 334 1602 386; x_wconf 82' lang='grc' dir='ltr'>διά</span> <span class='ocrx_word' id='word_1_29' title='bbox 1633 358 1703 386; x_wconf 88' lang='grc' dir='ltr'>τοι</span> <span class='ocrx_word' id='word_1_30' title='bbox 1734 334 1787 386; x_wconf 82' lang='grc' dir='ltr'>τὸ</span> <span class='ocrx_word' id='word_1_31' title='bbox 1814 340 1874 389; x_wconf 77' lang='grc' dir='ltr'>εἰς</span> 
     </span>
     <span class='ocr_line' id='line_1_12' title="bbox 301 413 1875 484; baseline 0.003 -21"><span class='ocrx_word' id='word_1_32' title='bbox 301 413 487 477; x_wconf 78' lang='grc' dir='ltr'>πληθὺν</span> <span class='ocrx_word' id='word_1_33' title='bbox 535 413 809 465; x_wconf 80' lang='grc' dir='ltr'>ἐκτετάσθαι</span> <span class='ocrx_word' id='word_1_34' title='bbox 864 415 1065 480; x_wconf 84' lang='grc' dir='ltr'>πολλὴν,</span> <span class='ocrx_word' id='word_1_35' title='bbox 1129 418 1204 467; x_wconf 80' lang='grc' dir='ltr'>καὶ</span> <span class='ocrx_word' id='word_1_36' title='bbox 1266 417 1579 483; x_wconf 82' lang='grc' dir='ltr'>ἀναρίθμητον</span> <span class='ocrx_word' id='word_1_37' title='bbox 1625 416 1744 484; x_wconf 75' lang='grc' dir='ltr'>ἔχειν</span> <span class='ocrx_word' id='word_1_38' title='bbox 1790 414 1875 479; x_wconf 83' lang='grc' dir='ltr'>τὴν</span> 
     </span>
     <span class='ocr_line' id='line_1_13' title="bbox 300 495 1874 565; baseline 0.004 -21"><span class='ocrx_word' id='word_1_39' title='bbox 300 495 633 546; x_wconf 86' lang='grc' dir='ltr'>πολυπαιδίαν.</span> <span class='ocrx_word' id='word_1_40' title='bbox 714 496 890 547; x_wconf 78' lang='grc' dir='ltr'>ἔτικτον</span> <span class='ocrx_word' id='word_1_41' title='bbox 939 497 1024 561; x_wconf 77' lang='grc' dir='ltr'>μὲν</span> <span class='ocrx_word' id='word_1_42' title='bbox 1072 497 1166 565; x_wconf 77' lang='grc' dir='ltr'>γὰρ</span> <span class='ocrx_word' id='word_1_43' title='bbox 1213 501 1259 549; x_wconf 81' lang='grc' dir='ltr'>αἱ</span> <span class='ocrx_word' id='word_1_44' title='bbox 1309 498 1418 564; x_wconf 86' lang='grc' dir='ltr'>παρ’</span> <span class='ocrx_word' id='word_1_45' title='bbox 1463 498 1616 550; x_wconf 79' lang='grc' dir='ltr'>αὐτοῖς</span> <span class='ocrx_word' id='word_1_46' title='bbox 1664 501 1874 562; x_wconf 88' lang='grc' dir='ltr'>γυναῖκες</span> 
     </span>
     <span class='ocr_line' id='line_1_14' title="bbox 302 577 1869 648; baseline 0.002 -23"><span class='ocrx_word' id='word_1_47' title='bbox 302 577 399 626; x_wconf 78' lang='grc' dir='ltr'>κατ’</span> <span class='ocrx_word' id='word_1_48' title='bbox 452 578 751 643; x_wconf 80' lang='grc' dir='ltr'>ἐπαγγελίαν,</span> <span class='ocrx_word' id='word_1_49' title='bbox 803 581 878 629; x_wconf 80' lang='grc' dir='ltr'>καὶ</span> <span class='ocrx_word' id='word_1_50' title='bbox 926 581 973 630; x_wconf 84' lang='grc' dir='ltr'>ἐν</span> <span class='ocrx_word' id='word_1_51' title='bbox 1015 579 1231 646; x_wconf 75' lang='grc' dir='ltr'>εὐλογίας</span> <span class='ocrx_word' id='word_1_52' title='bbox 1273 577 1416 648; x_wconf 73' lang='grc' dir='ltr'>τάξει,</span> <span class='ocrx_word' id='word_1_53' title='bbox 1463 577 1707 632; x_wconf 78' lang='grc' dir='ltr'>Μωυσέως</span> <span class='ocrx_word' id='word_1_54' title='bbox 1751 600 1869 644; x_wconf 87' lang='grc' dir='ltr'>προ-</span> 
     </span>
     <span class='ocr_line' id='line_1_15' title="bbox 302 656 1868 727; baseline 0.002 -21"><span class='ocrx_word' id='word_1_55' title='bbox 302 656 533 723; x_wconf 88' lang='grc' dir='ltr'>ειρηκότος</span> <span class='ocrx_word' id='word_1_56' title='bbox 579 665 606 687; x_wconf 82' lang='grc'><strong>“</strong></span> <span class='ocrx_word' id='word_1_57' title='bbox 627 660 732 710; x_wconf 81' lang='grc' dir='ltr'>Οὐκ</span> <span class='ocrx_word' id='word_1_58' title='bbox 773 660 906 711; x_wconf 78' lang='grc' dir='ltr'>ἔσται</span> <span class='ocrx_word' id='word_1_59' title='bbox 949 661 1132 727; x_wconf 78' lang='grc' dir='ltr'>ἄγονος,</span> <span class='ocrx_word' id='word_1_60' title='bbox 1172 660 1275 712; x_wconf 80' lang='grc' dir='ltr'>οὐδὲ</span> <span class='ocrx_word' id='word_1_61' title='bbox 1318 666 1480 727; x_wconf 85' lang='grc' dir='ltr'>στεῖρα</span> <span class='ocrx_word' id='word_1_62' title='bbox 1523 661 1571 711; x_wconf 88' lang='grc' dir='ltr'>ἐν</span> <span class='ocrx_word' id='word_1_63' title='bbox 1622 663 1732 713; x_wconf 80' lang='grc' dir='ltr'>υἱοῖς</span> <span class='ocrx_word' id='word_1_64' title='bbox 1768 660 1868 709; x_wconf 81' lang='grc' dir='ltr'>Ἰσ-</span> 
     </span>
     <span class='ocr_line' id='line_1_16' title="bbox 302 739 1876 811; baseline 0.001 -21"><span class='ocrx_word' id='word_1_65' title='bbox 302 746 329 768; x_wconf 80' lang='lat'>“</span> <span class='ocrx_word' id='word_1_66' title='bbox 352 739 518 804; x_wconf 85' lang='grc' dir='ltr'>ραήλ.”</span> <span class='ocrx_word' id='word_1_67' title='bbox 601 740 711 792; x_wconf 83' lang='grc' dir='ltr'>ἀλλ’</span> <span class='ocrx_word' id='word_1_68' title='bbox 757 740 815 806; x_wconf 82' lang='grc' dir='ltr'>ἧν</span> <span class='ocrx_word' id='word_1_69' title='bbox 858 743 1013 806; x_wconf 73' lang='grc' dir='ltr'>εὔηθες</span> <span class='ocrx_word' id='word_1_70' title='bbox 1057 746 1236 811; x_wconf 83' lang='grc' dir='ltr'>κομιδῇ,</span> <span class='ocrx_word' id='word_1_71' title='bbox 1282 742 1357 793; x_wconf 80' lang='grc' dir='ltr'>διὰ</span> <span class='ocrx_word' id='word_1_72' title='bbox 1407 741 1596 805; x_wconf 82' lang='grc' dir='ltr'>πληθὺν</span> <span class='ocrx_word' id='word_1_73' title='bbox 1640 739 1876 804; x_wconf 85' lang='grc' dir='ltr'>σωμάτων</span> 
     </span>
     <span class='ocr_line' id='line_1_17' title="bbox 301 823 1876 894; baseline 0.002 -21"><span class='ocrx_word' id='word_1_74' title='bbox 301 825 553 892; x_wconf 76' lang='grc' dir='ltr'>ἀφειδῆσαι</span> <span class='ocrx_word' id='word_1_75' title='bbox 603 826 821 890; x_wconf 77' lang='grc' dir='ltr'>βοηθείας</span> <span class='ocrx_word' id='word_1_76' title='bbox 863 829 945 891; x_wconf 80' lang='grc' dir='ltr'>τῆς</span> <span class='ocrx_word' id='word_1_77' title='bbox 986 827 1114 894; x_wconf 80' lang='grc' dir='ltr'>παρὰ</span> <span class='ocrx_word' id='word_1_78' title='bbox 1156 830 1292 878; x_wconf 90' lang='grc' dir='ltr'>Θεοῦ·</span> <span class='ocrx_word' id='word_1_79' title='bbox 1342 828 1559 890; x_wconf 85' lang='grc' dir='ltr'>ἐννοῆσαι</span> <span class='ocrx_word' id='word_1_80' title='bbox 1597 823 1646 876; x_wconf 77' lang='grc' dir='ltr'>δὲ</span> <span class='ocrx_word' id='word_1_81' title='bbox 1686 829 1876 888; x_wconf 84' lang='grc' dir='ltr'>μᾶλλον</span> 
     </span>
     <span class='ocr_line' id='line_1_18' title="bbox 302 905 1875 978; baseline 0 -22"><span class='ocrx_word' id='word_1_82' title='bbox 302 905 419 971; x_wconf 78' lang='grc' dir='ltr'>ὀρθὰ</span> <span class='ocrx_word' id='word_1_83' title='bbox 461 910 749 974; x_wconf 83' lang='grc' dir='ltr'>φρονοῦντας</span> <span class='ocrx_word' id='word_1_84' title='bbox 796 909 950 976; x_wconf 79' lang='grc' dir='ltr'>ἐχρῆν,</span> <span class='ocrx_word' id='word_1_85' title='bbox 992 908 1062 959; x_wconf 83' lang='grc' dir='ltr'>ὅτι</span> <span class='ocrx_word' id='word_1_86' title='bbox 1111 907 1202 959; x_wconf 75' lang='grc' dir='ltr'>σὺν</span> <span class='ocrx_word' id='word_1_87' title='bbox 1245 909 1370 978; x_wconf 71' lang='grc' dir='ltr'>αὐτῷ</span> <span class='ocrx_word' id='word_1_88' title='bbox 1412 930 1462 959; x_wconf 92' lang='grc' dir='ltr'>τε</span> <span class='ocrx_word' id='word_1_89' title='bbox 1510 909 1585 958; x_wconf 79' lang='grc' dir='ltr'>καὶ</span> <span class='ocrx_word' id='word_1_90' title='bbox 1633 907 1687 958; x_wconf 88' lang='grc' dir='ltr'>δι’</span> <span class='ocrx_word' id='word_1_91' title='bbox 1735 907 1875 956; x_wconf 83' lang='grc' dir='ltr'>αὐτοῦ</span> 
     </span>
     <span class='ocr_line' id='line_1_19' title="bbox 302 987 1872 1058; baseline 0.001 -20"><span class='ocrx_word' id='word_1_92' title='bbox 302 995 327 1016; x_wconf 86' lang='grc'><strong>“</strong></span> <span class='ocrx_word' id='word_1_93' title='bbox 356 988 588 1057; x_wconf 75' lang='grc' dir='ltr'>Διώξεται</span> <span class='ocrx_word' id='word_1_94' title='bbox 613 987 699 1053; x_wconf 78' lang='grc' dir='ltr'>μὲν</span> <span class='ocrx_word' id='word_1_95' title='bbox 725 988 786 1044; x_wconf 77' lang='grc' dir='ltr'>εἷς</span> <span class='ocrx_word' id='word_1_96' title='bbox 809 992 1000 1058; x_wconf 86' lang='grc' dir='ltr'>χιλίους,</span> <span class='ocrx_word' id='word_1_97' title='bbox 1028 990 1109 1041; x_wconf 81' lang='grc' dir='ltr'>δύο</span> <span class='ocrx_word' id='word_1_98' title='bbox 1145 990 1192 1041; x_wconf 81' lang='grc' dir='ltr'>δὲ</span> <span class='ocrx_word' id='word_1_99' title='bbox 1218 988 1584 1054; x_wconf 86' lang='grc' dir='ltr'>μετακινήσουσι</span> <span class='ocrx_word' id='word_1_100' title='bbox 1610 987 1872 1054; x_wconf 84' lang='grc' dir='ltr'>μυριάδας.”</span> 
     </span>
     <span class='ocr_line' id='line_1_20' title="bbox 303 1069 1876 1141; baseline 0 -21"><span class='ocrx_word' id='word_1_101' title='bbox 303 1069 705 1133; x_wconf 79' lang='grc' dir='ltr'>ἀποσεμνύνονται</span> <span class='ocrx_word' id='word_1_102' title='bbox 748 1073 900 1122; x_wconf 86' lang='grc' dir='ltr'>τοίνυν</span> <span class='ocrx_word' id='word_1_103' title='bbox 938 1074 1088 1140; x_wconf 74' lang='grc' dir='ltr'>φησὶν</span> <span class='ocrx_word' id='word_1_104' title='bbox 1134 1073 1216 1123; x_wconf 83' lang='grc' dir='ltr'>οὐκ</span> <span class='ocrx_word' id='word_1_105' title='bbox 1266 1073 1340 1123; x_wconf 81' lang='grc' dir='ltr'>ἐπὶ</span> <span class='ocrx_word' id='word_1_106' title='bbox 1389 1075 1497 1141; x_wconf 74' lang='grc' dir='ltr'>Θεῷ</span> <span class='ocrx_word' id='word_1_107' title='bbox 1534 1075 1736 1134; x_wconf 83' lang='grc' dir='ltr'>μᾶλλον,</span> <span class='ocrx_word' id='word_1_108' title='bbox 1774 1092 1876 1121; x_wconf 89' lang='grc' dir='ltr'>ποι-</span> 
     </span>
     <span class='ocr_line' id='line_1_21' title="bbox 299 1148 1873 1223; baseline 0 -21"><span class='ocrx_word' id='word_1_109' title='bbox 299 1157 456 1202; x_wconf 88' lang='grc' dir='ltr'>οῦνται</span> <span class='ocrx_word' id='word_1_110' title='bbox 483 1151 530 1202; x_wconf 79' lang='grc' dir='ltr'>δὲ</span> <span class='ocrx_word' id='word_1_111' title='bbox 562 1148 688 1221; x_wconf 55' lang='grc' dir='ltr'>δόξαν</span> <span class='ocrx_word' id='word_1_112' title='bbox 714 1155 864 1208; x_wconf 75' lang='grc' dir='ltr'>τόκους</span> <span class='ocrx_word' id='word_1_113' title='bbox 906 1159 982 1205; x_wconf 68' lang='grc' dir='ltr'>καὶ</span> <span class='ocrx_word' id='word_1_114' title='bbox 1023 1151 1281 1223; x_wconf 64' lang='grc' dir='ltr'>συλλήψεις</span> <span class='ocrx_word' id='word_1_115' title='bbox 1324 1158 1401 1204; x_wconf 65' lang='grc' dir='ltr'>καὶ</span> <span class='ocrx_word' id='word_1_116' title='bbox 1439 1150 1600 1207; x_wconf 55' lang='grc' dir='ltr'>ὠδῖνας</span> <span class='ocrx_word' id='word_1_117' title='bbox 1637 1155 1731 1203; x_wconf 81' lang='grc' dir='ltr'>τῶν</span> <span class='ocrx_word' id='word_1_118' title='bbox 1764 1152 1873 1218; x_wconf 88' lang='grc' dir='ltr'>παρ’</span> 
     </span>
     <span class='ocr_line' id='line_1_22' title="bbox 300 1233 1875 1300; baseline 0.003 -16"><span class='ocrx_word' id='word_1_119' title='bbox 300 1235 452 1288; x_wconf 83' lang='grc' dir='ltr'>αὐτοῖς</span> <span class='ocrx_word' id='word_1_120' title='bbox 479 1238 724 1300; x_wconf 81' lang='grc' dir='ltr'>γυναικῶν.</span> <span class='ocrx_word' id='word_1_121' title='bbox 792 1234 1007 1286; x_wconf 85' lang='grc' dir='ltr'>ἰ’στωσαν</span> <span class='ocrx_word' id='word_1_122' title='bbox 1038 1236 1093 1300; x_wconf 92' lang='grc' dir='ltr'>δὴ</span> <span class='ocrx_word' id='word_1_123' title='bbox 1128 1236 1222 1298; x_wconf 80' lang='grc' dir='ltr'>οῦν,</span> <span class='ocrx_word' id='word_1_124' title='bbox 1249 1236 1319 1286; x_wconf 79' lang='grc' dir='ltr'>ὅτι</span> <span class='ocrx_word' id='word_1_125' title='bbox 1350 1233 1437 1286; x_wconf 76' lang='grc' dir='ltr'>κᾶν</span> <span class='ocrx_word' id='word_1_126' title='bbox 1470 1239 1507 1286; x_wconf 80' lang='grc' dir='ltr'>εὶ</span> <span class='ocrx_word' id='word_1_127' title='bbox 1538 1234 1710 1286; x_wconf 74' lang='grc' dir='ltr'>τέκοιεν</span> <span class='ocrx_word' id='word_1_128' title='bbox 1740 1233 1875 1296; x_wconf 77' lang='grc' dir='ltr'>υἱοὺς,</span> 
     </span>
     <span class='ocr_line' id='line_1_23' title="bbox 300 1314 1876 1387; baseline 0.004 -22"><span class='ocrx_word' id='word_1_129' title='bbox 300 1314 387 1366; x_wconf 77' lang='grc' dir='ltr'>κᾶν</span> <span class='ocrx_word' id='word_1_130' title='bbox 421 1319 458 1366; x_wconf 80' lang='grc' dir='ltr'>εἰ</span> <span class='ocrx_word' id='word_1_131' title='bbox 493 1315 680 1380; x_wconf 82' lang='grc' dir='ltr'>κάμοιεν</span> <span class='ocrx_word' id='word_1_132' title='bbox 720 1317 989 1387; x_wconf 65' lang='grc' dir='ltr'>ἐκτρέφον-τες</span> <span class='ocrx_word' id='word_1_133' title='bbox 1026 1317 1172 1379; x_wconf 68' lang='grc' dir='ltr'>τέκνά,</span> <span class='ocrx_word' id='word_1_134' title='bbox 1210 1317 1593 1383; x_wconf 85' lang='grc' dir='ltr'>μεταγνώσονται</span> <span class='ocrx_word' id='word_1_135' title='bbox 1626 1322 1876 1371; x_wconf 82' lang='grc' dir='ltr'>πονοῦντες</span> 
     </span>
     <span class='ocr_line' id='line_1_24' title="bbox 300 1397 1870 1466; baseline 0.001 -18"><span class='ocrx_word' id='word_1_136' title='bbox 300 1402 413 1466; x_wconf 77' lang='grc' dir='ltr'>εἰκῇ.</span> <span class='ocrx_word' id='word_1_137' title='bbox 481 1397 774 1464; x_wconf 89' lang='grc' dir='ltr'>θρηνήσουσι</span> <span class='ocrx_word' id='word_1_138' title='bbox 808 1398 902 1466; x_wconf 76' lang='grc' dir='ltr'>γάρ</span> <span class='ocrx_word' id='word_1_139' title='bbox 936 1398 1088 1463; x_wconf 84' lang='grc' dir='ltr'>πάντη</span> <span class='ocrx_word' id='word_1_140' title='bbox 1123 1422 1172 1450; x_wconf 90' lang='grc' dir='ltr'>τε</span> <span class='ocrx_word' id='word_1_141' title='bbox 1208 1401 1282 1450; x_wconf 78' lang='grc' dir='ltr'>καὶ</span> <span class='ocrx_word' id='word_1_142' title='bbox 1315 1398 1502 1453; x_wconf 86' lang='grc' dir='ltr'>πάντως</span> <span class='ocrx_word' id='word_1_143' title='bbox 1526 1398 1611 1462; x_wconf 84' lang='grc' dir='ltr'>τὴν</span> <span class='ocrx_word' id='word_1_144' title='bbox 1637 1399 1870 1450; x_wconf 84' lang='grc' dir='ltr'>ἀπαιδίαν.</span> 
     </span>
     <span class='ocr_line' id='line_1_25' title="bbox 300 1479 1874 1549; baseline 0 -19"><span class='ocrx_word' id='word_1_145' title='bbox 300 1479 484 1545; x_wconf 78' lang='grc' dir='ltr'>ἀρκέσει</span> <span class='ocrx_word' id='word_1_146' title='bbox 522 1479 570 1530; x_wconf 81' lang='grc' dir='ltr'>δὲ</span> <span class='ocrx_word' id='word_1_147' title='bbox 611 1480 750 1549; x_wconf 76' lang='grc' dir='ltr'>ξίφος</span> <span class='ocrx_word' id='word_1_148' title='bbox 783 1482 936 1536; x_wconf 83' lang='grc' dir='ltr'>αὐτοῖς</span> <span class='ocrx_word' id='word_1_149' title='bbox 970 1481 1023 1532; x_wconf 82' lang='grc' dir='ltr'>τὸ</span> <span class='ocrx_word' id='word_1_150' title='bbox 1067 1480 1373 1543; x_wconf 80' lang='grc' dir='ltr'>Βαβυλώνιον</span> <span class='ocrx_word' id='word_1_151' title='bbox 1413 1485 1476 1536; x_wconf 81' lang='grc' dir='ltr'>εἷς</span> <span class='ocrx_word' id='word_1_152' title='bbox 1513 1481 1567 1532; x_wconf 81' lang='grc' dir='ltr'>τὸ</span> <span class='ocrx_word' id='word_1_153' title='bbox 1606 1483 1874 1544; x_wconf 82' lang='grc' dir='ltr'>δαπανῆσαι</span> 
     </span>
     <span class='ocr_line' id='line_1_26' title="bbox 299 1562 1874 1630; baseline 0.001 -18"><span class='ocrx_word' id='word_1_154' title='bbox 299 1563 466 1630; x_wconf 77' lang='grc' dir='ltr'>ῥᾳδίως</span> <span class='ocrx_word' id='word_1_155' title='bbox 503 1567 597 1613; x_wconf 83' lang='grc' dir='ltr'>πᾶν</span> <span class='ocrx_word' id='word_1_156' title='bbox 635 1562 752 1613; x_wconf 80' lang='grc' dir='ltr'>ὅσον</span> <span class='ocrx_word' id='word_1_157' title='bbox 785 1564 936 1614; x_wconf 80' lang='grc' dir='ltr'>αὐτῶν</span> <span class='ocrx_word' id='word_1_158' title='bbox 974 1564 1076 1614; x_wconf 78' lang='grc' dir='ltr'>ἐστὶ</span> <span class='ocrx_word' id='word_1_159' title='bbox 1114 1563 1258 1629; x_wconf 74' lang='grc' dir='ltr'>γε’νος.</span> <span class='ocrx_word' id='word_1_160' title='bbox 1324 1564 1446 1615; x_wconf 71' lang='grc' dir='ltr'>Διότι</span> <span class='ocrx_word' id='word_1_161' title='bbox 1485 1569 1561 1615; x_wconf 63' lang='grc' dir='ltr'>καὶ</span> <span class='ocrx_word' id='word_1_162' title='bbox 1599 1566 1692 1614; x_wconf 64' lang='grc' dir='ltr'>οὐαὶ</span> <span class='ocrx_word' id='word_1_163' title='bbox 1725 1564 1874 1618; x_wconf 68' lang='grc' dir='ltr'>αὐτοῖς</span> 
     </span>
     <span class='ocr_line' id='line_1_27' title="bbox 301 1643 1874 1712; baseline 0.001 -18"><span class='ocrx_word' id='word_1_164' title='bbox 301 1645 427 1695; x_wconf 79' lang='grc' dir='ltr'>ἐστίν.</span> <span class='ocrx_word' id='word_1_165' title='bbox 495 1643 654 1706; x_wconf 79' lang='grc' dir='ltr'>ὅμοιον</span> <span class='ocrx_word' id='word_1_166' title='bbox 692 1647 754 1698; x_wconf 86' lang='grc' dir='ltr'>ὡς</span> <span class='ocrx_word' id='word_1_167' title='bbox 792 1648 829 1695; x_wconf 83' lang='grc' dir='ltr'>εὶ</span> <span class='ocrx_word' id='word_1_168' title='bbox 869 1645 1012 1711; x_wconf 80' lang='grc' dir='ltr'>λέγοι,</span> <span class='ocrx_word' id='word_1_169' title='bbox 1050 1649 1173 1697; x_wconf 90' lang='grc' dir='ltr'>Θεοῦ</span> <span class='ocrx_word' id='word_1_170' title='bbox 1215 1646 1368 1699; x_wconf 85' lang='grc' dir='ltr'>αὐτοῖς</span> <span class='ocrx_word' id='word_1_171' title='bbox 1407 1646 1783 1712; x_wconf 89' lang='grc' dir='ltr'>ἐπιῤῥιπτοῦντος</span> <span class='ocrx_word' id='word_1_172' title='bbox 1821 1643 1874 1695; x_wconf 82' lang='grc' dir='ltr'>τὸ</span> 
     </span>
     <span class='ocr_line' id='line_1_28' title="bbox 302 1725 1875 1794; baseline 0.001 -19"><span class='ocrx_word' id='word_1_173' title='bbox 302 1727 408 1788; x_wconf 75' lang='grc' dir='ltr'>οὐαὶ,</span> <span class='ocrx_word' id='word_1_174' title='bbox 442 1725 510 1779; x_wconf 88' lang='grc' dir='ltr'>τίς</span> <span class='ocrx_word' id='word_1_175' title='bbox 544 1726 760 1777; x_wconf 83' lang='grc' dir='ltr'>ἐπιδώσει</span> <span class='ocrx_word' id='word_1_176' title='bbox 800 1726 885 1791; x_wconf 89' lang='grc' dir='ltr'>τὴν</span> <span class='ocrx_word' id='word_1_177' title='bbox 926 1728 1175 1791; x_wconf 85' lang='grc' dir='ltr'>εὐθυμίαν;</span> <span class='ocrx_word' id='word_1_178' title='bbox 1216 1734 1242 1755; x_wconf 91' lang='grc'><strong>“</strong></span> <span class='ocrx_word' id='word_1_179' title='bbox 1263 1726 1379 1777; x_wconf 76' lang='grc' dir='ltr'>Ἐὰν</span> <span class='ocrx_word' id='word_1_180' title='bbox 1420 1726 1514 1792; x_wconf 80' lang='grc' dir='ltr'>γὰρ</span> <span class='ocrx_word' id='word_1_181' title='bbox 1553 1727 1720 1794; x_wconf 87' lang='grc' dir='ltr'>κλείσῃ</span> <span class='ocrx_word' id='word_1_182' title='bbox 1756 1725 1875 1778; x_wconf 79' lang='grc' dir='ltr'>κατὰ</span> 
     </span>
     <span class='ocr_line' id='line_1_29' title="bbox 301 1807 1558 1875; baseline 0.001 -17"><span class='ocrx_word' id='word_1_183' title='bbox 301 1815 326 1837; x_wconf 83' lang='grc'>“</span> <span class='ocrx_word' id='word_1_184' title='bbox 351 1808 613 1874; x_wconf 81' lang='grc' dir='ltr'>ἀνθρώπου,</span> <span class='ocrx_word' id='word_1_185' title='bbox 641 1808 708 1862; x_wconf 90' lang='grc' dir='ltr'>τίς</span> <span class='ocrx_word' id='word_1_186' title='bbox 735 1807 959 1875; x_wconf 77' lang='grc' dir='ltr'>ἀνοίξει;”</span> <span class='ocrx_word' id='word_1_187' title='bbox 1001 1807 1118 1859; x_wconf 77' lang='grc' dir='ltr'>κατὰ</span> <span class='ocrx_word' id='word_1_188' title='bbox 1142 1807 1194 1859; x_wconf 80' lang='grc' dir='ltr'>τὸ</span> <span class='ocrx_word' id='word_1_189' title='bbox 1221 1809 1558 1875; x_wconf 78' lang='grc' dir='ltr'>γεγραμμένον.</span> 
     </span>
    </p>

    <p class='ocr_par' dir='ltr' id='par_1_9' title="bbox 301 1889 1879 2285">
     <span class='ocr_line' id='line_1_30' title="bbox 375 1889 1872 1959; baseline 0.002 -18"><span class='ocrx_word' id='word_1_190' title='bbox 375 1897 401 1919; x_wconf 82' lang='grc'><strong>“</strong></span> <span class='ocrx_word' id='word_1_191' title='bbox 421 1890 635 1956; x_wconf 80' lang='grc' dir='ltr'>Φοβερὸν</span> <span class='ocrx_word' id='word_1_192' title='bbox 661 1891 742 1941; x_wconf 75' lang='grc' dir='ltr'>οὖν</span> <span class='ocrx_word' id='word_1_193' title='bbox 773 1890 864 1957; x_wconf 77' lang='grc' dir='ltr'>ἄρα</span> <span class='ocrx_word' id='word_1_194' title='bbox 890 1890 943 1942; x_wconf 85' lang='grc' dir='ltr'>τὸ</span> <span class='ocrx_word' id='word_1_195' title='bbox 967 1892 1186 1953; x_wconf 86' lang='grc' dir='ltr'>ἐμπεσεῖν</span> <span class='ocrx_word' id='word_1_196' title='bbox 1218 1894 1279 1944; x_wconf 77' lang='grc' dir='ltr'>εἰς</span> <span class='ocrx_word' id='word_1_197' title='bbox 1313 1896 1468 1959; x_wconf 88' lang='grc' dir='ltr'>χεῖρας</span> <span class='ocrx_word' id='word_1_198' title='bbox 1501 1894 1625 1942; x_wconf 88' lang='grc' dir='ltr'>Θεοῦ</span> <span class='ocrx_word' id='word_1_199' title='bbox 1657 1889 1872 1957; x_wconf 76' lang='grc' dir='ltr'>ζῶντος·”</span> 
     </span>
     <span class='ocr_line' id='line_1_31' title="bbox 301 1972 1871 2043; baseline 0.001 -20"><span class='ocrx_word' id='word_1_200' title='bbox 301 1974 376 2023; x_wconf 76' lang='grc' dir='ltr'>καὶ</span> <span class='ocrx_word' id='word_1_201' title='bbox 420 1975 492 2024; x_wconf 89' lang='grc' dir='ltr'>δεῖ</span> <span class='ocrx_word' id='word_1_202' title='bbox 536 1977 635 2026; x_wconf 88' lang='grc' dir='ltr'>ταῖς</span> <span class='ocrx_word' id='word_1_203' title='bbox 674 1973 925 2027; x_wconf 83' lang='grc' dir='ltr'>ἐπιεικείαις</span> <span class='ocrx_word' id='word_1_204' title='bbox 967 1972 1291 2037; x_wconf 79' lang='grc' dir='ltr'>λελυπημένον</span> <span class='ocrx_word' id='word_1_205' title='bbox 1333 1974 1600 2043; x_wconf 75' lang='grc' dir='ltr'>ἐξημεροῦν,</span> <span class='ocrx_word' id='word_1_206' title='bbox 1639 1975 1714 2024; x_wconf 88' lang='grc' dir='ltr'>καὶ</span> <span class='ocrx_word' id='word_1_207' title='bbox 1763 1972 1871 2040; x_wconf 78' lang='grc' dir='ltr'>παρ’</span> 
     </span>
     <span class='ocr_line' id='line_1_32' title="bbox 301 2053 1870 2122; baseline 0.001 -17"><span class='ocrx_word' id='word_1_208' title='bbox 301 2056 440 2107; x_wconf 84' lang='grc' dir='ltr'>αὐτοῦ</span> <span class='ocrx_word' id='word_1_209' title='bbox 481 2054 534 2107; x_wconf 82' lang='grc' dir='ltr'>τὸ</span> <span class='ocrx_word' id='word_1_210' title='bbox 576 2053 813 2120; x_wconf 76' lang='grc' dir='ltr'>σώζεσθαι</span> <span class='ocrx_word' id='word_1_211' title='bbox 852 2055 1012 2121; x_wconf 75' lang='grc' dir='ltr'>ζητεῖν,</span> <span class='ocrx_word' id='word_1_212' title='bbox 1051 2056 1119 2106; x_wconf 87' lang='grc' dir='ltr'>ἐπ’</span> <span class='ocrx_word' id='word_1_213' title='bbox 1155 2056 1301 2106; x_wconf 78' lang='grc' dir='ltr'>οὐδενὶ</span> <span class='ocrx_word' id='word_1_214' title='bbox 1342 2054 1635 2118; x_wconf 84' lang='grc' dir='ltr'>πεποιθότας,</span> <span class='ocrx_word' id='word_1_215' title='bbox 1677 2056 1870 2122; x_wconf 84' lang='grc' dir='ltr'>ἀναφω-</span> 
     </span>
     <span class='ocr_line' id='line_1_33' title="bbox 301 2136 1879 2207; baseline 0 -19"><span class='ocrx_word' id='word_1_216' title='bbox 301 2142 492 2191; x_wconf 88' lang='grc' dir='ltr'>νοῦντας</span> <span class='ocrx_word' id='word_1_217' title='bbox 531 2136 579 2187; x_wconf 81' lang='grc' dir='ltr'>δὲ</span> <span class='ocrx_word' id='word_1_218' title='bbox 616 2141 804 2200; x_wconf 81' lang='grc' dir='ltr'>μᾶλλον</span> <span class='ocrx_word' id='word_1_219' title='bbox 844 2144 869 2166; x_wconf 80' lang='grc'><strong>“</strong></span> <span class='ocrx_word' id='word_1_220' title='bbox 893 2136 1208 2204; x_wconf 85' lang='grc' dir='ltr'>Καυχήσομαι</span> <span class='ocrx_word' id='word_1_221' title='bbox 1241 2139 1314 2188; x_wconf 81' lang='grc' dir='ltr'>ἐπὶ</span> <span class='ocrx_word' id='word_1_222' title='bbox 1352 2141 1419 2207; x_wconf 72' lang='grc' dir='ltr'>τῷ</span> <span class='ocrx_word' id='word_1_223' title='bbox 1457 2140 1565 2206; x_wconf 73' lang='grc' dir='ltr'>Θεῷ</span> <span class='ocrx_word' id='word_1_224' title='bbox 1598 2140 1663 2206; x_wconf 73' lang='grc' dir='ltr'>τῷ</span> <span class='ocrx_word' id='word_1_225' title='bbox 1694 2137 1879 2204; x_wconf 86' lang='grc' dir='ltr'>σωτῆρί</span> 
     </span>
     <span class='ocr_line' id='line_1_34' title="bbox 302 2217 1250 2285; baseline -0.002 -14"><span class='ocrx_word' id='word_1_226' title='bbox 302 2226 327 2248; x_wconf 79' lang='grc'><strong>“</strong></span> <span class='ocrx_word' id='word_1_227' title='bbox 352 2238 457 2284; x_wconf 92' lang='grc' dir='ltr'>μου·</span> <span class='ocrx_word' id='word_1_228' title='bbox 503 2219 676 2285; x_wconf 84' lang='grc' dir='ltr'>Κύριος</span> <span class='ocrx_word' id='word_1_229' title='bbox 702 2219 726 2268; x_wconf 85' lang='grc' dir='ltr'><strong>ὁ</strong></span> <span class='ocrx_word' id='word_1_230' title='bbox 754 2217 873 2272; x_wconf 81' lang='grc' dir='ltr'>Θεὸς</span> <span class='ocrx_word' id='word_1_231' title='bbox 897 2218 1087 2282; x_wconf 82' lang='grc' dir='ltr'>δύναμίς</span> <span class='ocrx_word' id='word_1_232' title='bbox 1114 2218 1250 2283; x_wconf 89' lang='grc' dir='ltr'>μου.”</span> 
     </span>
    </p>
   </div>
   <div class='ocr_carea' id='block_1_9' title="bbox 300 2427 1872 2856">
    <p class='ocr_par' dir='ltr' id='par_1_10' title="bbox 838 2427 1340 2485">
     <span class='ocr_line' id='line_1_35' title="bbox 838 2427 1340 2485; baseline -0.004 -16"><span class='ocrx_word' id='word_1_233' title='bbox 838 2428 952 2485; x_wconf 72' lang='grc' dir='ltr'>Σάρξ</span> <span class='ocrx_word' id='word_1_234' title='bbox 989 2442 1067 2476; x_wconf 80' lang='grc' dir='ltr'>μου</span> <span class='ocrx_word' id='word_1_235' title='bbox 1104 2428 1148 2470; x_wconf 71' lang='grc' dir='ltr'>ἐξ</span> <span class='ocrx_word' id='word_1_236' title='bbox 1187 2427 1340 2469; x_wconf 72' lang='grc' dir='ltr'>αὐτῶν.</span> 
     </span>
    </p>

    <p class='ocr_par' dir='ltr' id='par_1_11' title="bbox 300 2537 1872 2856">
     <span class='ocr_line' id='line_1_36' title="bbox 373 2537 1872 2607; baseline -0.001 -18"><span class='ocrx_word' id='word_1_237' title='bbox 373 2538 704 2592; x_wconf 87' lang='grc' dir='ltr'>Ἀπειλοῦντος</span> <span class='ocrx_word' id='word_1_238' title='bbox 755 2542 893 2601; x_wconf 91' lang='grc' dir='ltr'>Θεοῦ,</span> <span class='ocrx_word' id='word_1_239' title='bbox 944 2540 1017 2588; x_wconf 77' lang='grc' dir='ltr'>καὶ</span> <span class='ocrx_word' id='word_1_240' title='bbox 1065 2537 1121 2602; x_wconf 82' lang='grc' dir='ltr'>δὴ</span> <span class='ocrx_word' id='word_1_241' title='bbox 1185 2541 1260 2589; x_wconf 83' lang='grc' dir='ltr'>καὶ</span> <span class='ocrx_word' id='word_1_242' title='bbox 1322 2537 1591 2607; x_wconf 76' lang='grc' dir='ltr'>φάσκοντος</span> <span class='ocrx_word' id='word_1_243' title='bbox 1637 2540 1740 2604; x_wconf 83' lang='grc' dir='ltr'>περὶ</span> <span class='ocrx_word' id='word_1_244' title='bbox 1790 2542 1872 2588; x_wconf 89' lang='grc' dir='ltr'>τοῦ</span> 
     </span>
     <span class='ocr_line' id='line_1_37' title="bbox 300 2618 1866 2688; baseline -0.001 -17"><span class='ocrx_word' id='word_1_245' title='bbox 300 2620 526 2688; x_wconf 77' lang='grc' dir='ltr'>Ἐφραὶμ,</span> <span class='ocrx_word' id='word_1_246' title='bbox 556 2621 657 2685; x_wconf 76' lang='grc' dir='ltr'>ἤτοι</span> <span class='ocrx_word' id='word_1_247' title='bbox 689 2618 864 2674; x_wconf 82' lang='grc' dir='ltr'>παντὸς</span> <span class='ocrx_word' id='word_1_248' title='bbox 897 2625 978 2671; x_wconf 88' lang='grc' dir='ltr'>τοῦ</span> <span class='ocrx_word' id='word_1_249' title='bbox 1009 2620 1223 2686; x_wconf 89' lang='grc' dir='ltr'>Ἰσραὴλ,</span> <span class='ocrx_word' id='word_1_250' title='bbox 1260 2622 1321 2674; x_wconf 90' lang='grc' dir='ltr'>ὡς</span> <span class='ocrx_word' id='word_1_251' title='bbox 1359 2621 1433 2671; x_wconf 78' lang='grc' dir='ltr'>καὶ</span> <span class='ocrx_word' id='word_1_252' title='bbox 1472 2619 1710 2687; x_wconf 78' lang='grc' dir='ltr'>ὁλόῤῥιζος</span> <span class='ocrx_word' id='word_1_253' title='bbox 1747 2620 1866 2671; x_wconf 82' lang='grc' dir='ltr'>ἀπο-</span> 
     </span>
     <span class='ocr_line' id='line_1_38' title="bbox 301 2701 1872 2769; baseline 0.002 -18"><span class='ocrx_word' id='word_1_254' title='bbox 301 2706 461 2765; x_wconf 86' lang='grc' dir='ltr'>λεῖται,</span> <span class='ocrx_word' id='word_1_255' title='bbox 506 2705 580 2753; x_wconf 78' lang='grc' dir='ltr'>καὶ</span> <span class='ocrx_word' id='word_1_256' title='bbox 619 2702 841 2769; x_wconf 88' lang='grc' dir='ltr'>θρηνήσει</span> <span class='ocrx_word' id='word_1_257' title='bbox 878 2701 963 2765; x_wconf 88' lang='grc' dir='ltr'>τὴν</span> <span class='ocrx_word' id='word_1_258' title='bbox 1005 2703 1235 2764; x_wconf 83' lang='grc' dir='ltr'>ἀπαιδίαν,</span> <span class='ocrx_word' id='word_1_259' title='bbox 1274 2704 1349 2753; x_wconf 76' lang='grc' dir='ltr'>καὶ</span> <span class='ocrx_word' id='word_1_260' title='bbox 1387 2702 1575 2753; x_wconf 81' lang='grc' dir='ltr'>πονέσει</span> <span class='ocrx_word' id='word_1_261' title='bbox 1609 2702 1763 2767; x_wconf 83' lang='grc' dir='ltr'>μάτην</span> <span class='ocrx_word' id='word_1_262' title='bbox 1799 2703 1872 2754; x_wconf 86' lang='grc' dir='ltr'>ἐπὶ</span> 
     </span>
     <span class='ocr_line' id='line_1_39' title="bbox 303 2784 1872 2856; baseline 0 -20"><span class='ocrx_word' id='word_1_263' title='bbox 303 2790 400 2839; x_wconf 90' lang='grc' dir='ltr'>ταῖς</span> <span class='ocrx_word' id='word_1_264' title='bbox 436 2791 528 2836; x_wconf 84' lang='grc' dir='ltr'>τῶν</span> <span class='ocrx_word' id='word_1_265' title='bbox 566 2787 738 2838; x_wconf 77' lang='grc' dir='ltr'>τέκνων</span> <span class='ocrx_word' id='word_1_266' title='bbox 775 2789 1070 2856; x_wconf 85' lang='grc' dir='ltr'>ἀνατροφαῖς,</span> <span class='ocrx_word' id='word_1_267' title='bbox 1111 2786 1273 2837; x_wconf 82' lang='grc' dir='ltr'>ἑαυτὸν</span> <span class='ocrx_word' id='word_1_268' title='bbox 1309 2788 1333 2837; x_wconf 87' lang='grc' dir='ltr'>ὁ</span> <span class='ocrx_word' id='word_1_269' title='bbox 1369 2785 1616 2856; x_wconf 85' lang='grc' dir='ltr'>προφήτης</span> <span class='ocrx_word' id='word_1_270' title='bbox 1654 2784 1872 2855; x_wconf 77' lang='grc' dir='ltr'>ὑπεξάγει</span> 
     </span>
    </p>
   </div>
   <div class='ocr_carea' id='block_1_10' title="bbox 354 2928 1869 2975">
    <p class='ocr_par' dir='ltr' id='par_1_12' title="bbox 354 2928 1869 2975">
     <span class='ocr_line' id='line_1_40' title="bbox 354 2928 1869 2975; baseline 0.001 -13"><span class='ocrx_word' id='word_1_271' title='bbox 354 2928 405 2962; x_wconf 91' lang='lat'>16.</span> <span class='ocrx_word' id='word_1_272' title='bbox 432 2929 506 2963; x_wconf 78' lang='grc' dir='ltr'>ἐστὶ</span> <span class='ocrx_word' id='word_1_273' title='bbox 523 2937 742 2975; x_wconf 78' lang='lat' dir='ltr'><strong>assumptum</strong></span> <span class='ocrx_word' id='word_1_274' title='bbox 760 2942 801 2964; x_wconf 87' lang='lat' dir='ltr'>ex</span> <span class='ocrx_word' id='word_1_275' title='bbox 821 2931 912 2964; x_wconf 92' lang='lat' dir='ltr'><strong>B.D.</strong></span> <span class='ocrx_word' id='word_1_276' title='bbox 1058 2938 1110 2975; x_wconf 89' lang='lat'>17.</span> <span class='ocrx_word' id='word_1_277' title='bbox 1136 2930 1201 2975; x_wconf 82' lang='grc' dir='ltr'>γὰρ</span> <span class='ocrx_word' id='word_1_278' title='bbox 1219 2935 1298 2974; x_wconf 79' lang='lat' dir='ltr'><strong>post</strong></span> <span class='ocrx_word' id='word_1_279' title='bbox 1316 2932 1403 2965; x_wconf 82' lang='grc' dir='ltr'>Θεοῦ</span> <span class='ocrx_word' id='word_1_280' title='bbox 1421 2930 1500 2965; x_wconf 83' lang='lat' dir='ltr'>add.</span> <span class='ocrx_word' id='word_1_281' title='bbox 1521 2931 1568 2966; x_wconf 89' lang='lat' dir='ltr'>D.</span> <span class='ocrx_word' id='word_1_282' title='bbox 1694 2939 1746 2964; x_wconf 84' lang='lat'>20.</span> <span class='ocrx_word' id='word_1_283' title='bbox 1774 2929 1869 2964; x_wconf 85' lang='lat' dir='ltr'>Haec</span> 
     </span>
    </p>
   </div>
   <div class='ocr_carea' id='block_1_11' title="bbox 303 2975 1866 3064">
    <p class='ocr_par' dir='ltr' id='par_1_13' title="bbox 303 2975 1866 3064">
     <span class='ocr_line' id='line_1_41' title="bbox 304 2975 1866 3055; baseline 0.001 -47"><span class='ocrx_word' id='word_1_284' title='bbox 304 2975 654 3055; x_wconf 49' lang='grc' dir='ltr'>(Ιωβέρὸνὲιέιὸυεουε</span> <span class='ocrx_word' id='word_1_285' title='bbox 671 2976 714 3011; x_wconf 84' lang='lat' dir='ltr'>ad</span> <span class='ocrx_word' id='word_1_286' title='bbox 732 2977 791 3012; x_wconf 86' lang='lat' dir='ltr'>fin.</span> <span class='ocrx_word' id='word_1_287' title='bbox 810 2977 931 3012; x_wconf 84' lang='lat' dir='ltr'>scholii</span> <span class='ocrx_word' id='word_1_288' title='bbox 948 2983 1167 3012; x_wconf 85' lang='lat' dir='ltr'>accesserunt</span> <span class='ocrx_word' id='word_1_289' title='bbox 1184 2989 1224 3011; x_wconf 83' lang='lat' dir='ltr'>ex</span> <span class='ocrx_word' id='word_1_290' title='bbox 1244 2977 1289 3011; x_wconf 88' lang='lat' dir='ltr'>D.</span> <span class='ocrx_word' id='word_1_291' title='bbox 1633 2977 1687 3012; x_wconf 88' lang='lat'>28.</span> <span class='ocrx_word' id='word_1_292' title='bbox 1713 2975 1866 3022; x_wconf 83' lang='grc' dir='ltr'>πονέσει]</span> 
     </span>
     <span class='ocr_line' id='line_1_42' title="bbox 303 3035 549 3064; baseline 0.004 -9"><span class='ocrx_word' id='word_1_293' title='bbox 303 3035 440 3064; x_wconf 81' lang='grc' dir='ltr'>πονησει</span> <span class='ocrx_word' id='word_1_294' title='bbox 543 3049 549 3056; x_wconf 90' lang='grc'><strong>.</strong></span> 
     </span>
    </p>
   </div>
   <div class='ocr_carea' id='block_1_12' title="bbox 1894 678 1914 715">
    <p class='ocr_par' dir='ltr' id='par_1_14' title="bbox 1894 678 1914 715">
     <span class='ocr_line' id='line_1_43' title="bbox 1894 678 1914 715; baseline 0 0"><span class='ocrx_word' id='word_1_295' title='bbox 1894 678 1914 715; x_wconf 93' lang='grc'>5</span> 
     </span>
    </p>
   </div>
   <div class='ocr_carea' id='block_1_13' title="bbox 1900 1096 1945 1120">
    <p class='ocr_par' dir='ltr' id='par_1_15' title="bbox 1900 1096 1945 1120">
     <span class='ocr_line' id='line_1_44' title="bbox 1900 1096 1945 1120; baseline 0 0"><span class='ocrx_word' id='word_1_296' title='bbox 1900 1096 1945 1120; x_wconf 93' lang='lat'>10</span> 
     </span>
    </p>
   </div>
   <div class='ocr_carea' id='block_1_14' title="bbox 1898 1505 1943 1543">
    <p class='ocr_par' dir='ltr' id='par_1_16' title="bbox 1898 1505 1943 1543">
     <span class='ocr_line' id='line_1_45' title="bbox 1898 1505 1943 1543; baseline 0 0"><span class='ocrx_word' id='word_1_297' title='bbox 1898 1505 1943 1543; x_wconf 86' lang='lat'>15</span> 
     </span>
    </p>
   </div>
   <div class='ocr_carea' id='block_1_15' title="bbox 1895 1912 1943 1937">
    <p class='ocr_par' dir='ltr' id='par_1_17' title="bbox 1895 1912 1943 1937">
     <span class='ocr_line' id='line_1_46' title="bbox 1895 1912 1943 1937; baseline 0 0"><span class='ocrx_word' id='word_1_298' title='bbox 1895 1912 1943 1937; x_wconf 89' lang='lat'>20</span> 
     </span>
    </p>
   </div>
   <div class='ocr_carea' id='block_1_16' title="bbox 1894 2444 1940 2481">
    <p class='ocr_par' dir='ltr' id='par_1_18' title="bbox 1894 2444 1940 2481">
     <span class='ocr_line' id='line_1_47' title="bbox 1894 2444 1940 2481; baseline 0 0"><span class='ocrx_word' id='word_1_299' title='bbox 1894 2444 1940 2481; x_wconf 88' lang='lat'>25</span> 
     </span>
    </p>
   </div>
  </div>
 </body>
</html>
