2021 3434
302 163 384 201 158
690 166 738 206 B.
783 165 1054 206 CYRILLI
1095 166 1470 207 ALEXANDR.
1739 166 1808 206 vii.
1834 176 1870 217 7.

298 271 461 332 μόναις
506 271 572 323 ὢν
616 274 681 323 ε”τι
723 279 823 327 ταῖς
865 274 1072 342 σκέψεσι
1123 279 1216 326 τῶν
1265 277 1466 326 ἀνοσίων
1509 274 1865 342 ἐγχειρημάτων.

299 350 413 420 ᾤετο
439 352 531 418 γὰρ
557 353 626 417 δὴ,
654 356 729 404 καὶ
753 353 946 423 σφόδρα
974 355 1169 418 εἰκότως,
1188 355 1532 421 ἀγανακτήσειν
1557 355 1869 421 τὸνἸσραὴλ,

299 436 337 482 εἰ
362 435 627 485 διαπύθοιτό
652 458 697 485 τι
723 442 943 498 τοιοῦτον,
972 439 1047 487 καὶ
1080 442 1173 488 τῶν
1203 436 1433 506 πατρῴων
1463 439 1580 488 ἐθῶν
1606 437 1691 500 τὴν
1715 437 1867 502 παρά-

296 519 443 573 βασιν
469 516 550 566 οὐκ
575 518 622 567 ἐν
648 519 796 586 μικρῷ
820 517 1104 582 ποιήσεσθαι
1129 519 1275 588 λόγῳ.
1333 518 1486 582 ἐπειδὴ
1510 518 1557 569 δὲ
1577 517 1870 586 προσπεφώ-

257 620 277 644 ο
296 618 402 659 νηκε
428 595 513 659 μὲν
531 603 626 652 τοῖς
651 598 812 666 ὄχλοις
831 600 980 662 αὐτὸς,
1003 600 1072 651 ὅτι
1091 600 1181 668 χρὴ
1207 606 1306 655 ταῖς
1327 599 1561 663 δαμάλεσι
1579 604 1871 666 προσκυνεῖν,
1891 616 1912 655 5

297 678 601 741 προσήκαντο
642 680 689 731 δὲ
734 681 947 743 ἀσμένως
991 682 1076 745 τὴν
1117 682 1291 751 σκέψιν
1330 684 1472 744 αὐτοὶ,
1509 683 1583 732 καὶ
1623 682 1739 744 ὁμοῦ
1777 686 1872 735 τοῖς

297 758 526 825 ἄρχουσιν
559 760 847 828 ἐπεκράτουν,
887 765 946 816 ὡς
985 762 1102 829 ὀρθὰ
1140 767 1213 814 καὶ
1252 762 1558 832 συμφέροντα
1597 767 1785 830 φρονεῖν
1822 786 1871 813 τε

291 843 367 890 καὶ
393 844 508 906 δρᾶν
533 843 766 910 ᾑρημένοι,
791 845 973 908 ἀπέστη
1005 844 1244 907 δειμάτων,
1271 845 1626 912 ἀποκεχώρηκεν
1650 845 1870 911 ὑποψίας,

292 921 489 985 εὔθυμός
527 947 576 975 τε
611 926 797 976 διετέλει
834 926 1015 989 λοιπὸν,
1047 929 1121 976 καὶ
1159 929 1340 993 τρυφῆς
1378 925 1434 991 ἦν
1470 926 1641 980 πλέως.
1706 926 1871 976 οὐκοῦν

292 1005 331 1054 ἐν
364 1010 425 1073 τῷ
462 1006 782 1076 κατειῤῥοὶσσειν
815 1008 982 1070 αὐτοὺς,
1015 1009 1242 1071 τουτέστι,
1276 1008 1372 1059 κατ’
1408 1010 1549 1059 ἐκεῖνο
1588 1013 1762 1073 καιροῦ,
1796 1007 1869 1058 ὅτε
1891 1033 1938 1058 10

291 1089 571 1142 κατέπιπτον
611 1095 673 1146 εἷς
714 1091 913 1159 ὄλεθρον
955 1096 1029 1144 καὶ
1071 1095 1321 1156 ἀπώλειαν,
1361 1092 1783 1159 συγκατανεύοντές
1821 1115 1871 1143 τε

290 1173 364 1222 καὶ
406 1180 730 1227 συναινοῦντες
768 1176 902 1245 αὐτῷ,
936 1177 1010 1226 καὶ
1051 1179 1134 1240 τῆς
1169 1181 1230 1231 εἰς
1263 1175 1387 1227 Θεὸν
1425 1176 1611 1241 ἀγάπης
1648 1179 1869 1237 τιμῶντες

244 1264 268 1304 (1
289 1253 373 1318 τὴν
422 1254 711 1320 παράβασιν,
761 1255 866 1307 τότε
917 1259 1079 1325 φησὶν,
1131 1259 1156 1308 ὁ
1193 1256 1412 1327 Ἐφραὶμ,
1463 1257 1703 1309 τουτέστιν
1752 1258 1777 1307 ὁ
1819 1259 1868 1307 ἐκ

288 1339 446 1404 φυλῆς
468 1336 680 1405 Ἐφραὶμ
704 1338 965 1405 Ἱεροβοάμ,
998 1340 1093 1399 ’ὅλην
1131 1339 1350 1404 ἐκοιμήθη
1389 1341 1456 1399 τὴν
1492 1339 1640 1391 νύκτα.
1709 1339 1868 1402 ὅμοιον

287 1420 348 1471 ὡς
373 1422 409 1468 εἰ
435 1419 582 1484 λέγοι,
608 1421 755 1470 καίτοι
789 1420 940 1471 πάλαι
976 1420 1288 1487 διεγρηγορὼς
1314 1423 1362 1472 ἐκ
1395 1422 1620 1482 δειμάτων
1643 1422 1718 1471 καὶ
1745 1421 1860 1471 ὑπο·
1887 1444 1932 1482 15

286 1499 418 1567 ψίας,
444 1494 668 1568 ἄφροντις
691 1499 762 1565 ἧν,
789 1501 965 1569 ἐτρύφα
987 1501 1168 1564 λοιπὸν,
1196 1505 1270 1553 καὶ
1303 1503 1350 1552 ἐν
1379 1507 1614 1567 μαλακαῖς
1639 1501 1696 1566 ἧν
1719 1503 1866 1568 εὐναῖς

285 1582 382 1641 ἕλην
420 1581 488 1641 τὴν
533 1582 667 1634 νύκτα
705 1583 999 1646 κοιμώμενος.
1069 1584 1224 1648 ἐπειδὴ
1259 1583 1308 1634 δὲ
1342 1583 1453 1654 πρωῗ
1487 1585 1663 1651 γέγονε,
1691 1584 1860 1651 θερμό-

284 1686 415 1730 τερος
458 1662 516 1727 ἧν
556 1668 650 1715 τῶν
691 1665 868 1717 ἄλλων.
935 1665 1142 1726 ἀνεκαῦθη
1192 1665 1285 1732 γὰρ
1328 1669 1384 1721 ὡς
1427 1669 1510 1734 πῦρ
1555 1664 1744 1736 φέγγος,
1789 1669 1866 1718 καὶ

285 1750 380 1798 τοῖς
407 1745 568 1813 ὄχλοις
592 1748 992 1812 συνεθερμαίνετο,
1020 1749 1111 1799 οὐδ’
1141 1747 1258 1799 ὅσον
1290 1752 1429 1799 εἰπεῖν
1459 1754 1747 1813 μελλησμοῦ
1779 1747 1865 1813 τὴν

285 1826 509 1878 ὑπόθεσιν
547 1828 704 1896 ἀξιῶν,
738 1831 847 1880 ἀλλ’
877 1834 937 1883 εἷς
971 1829 1114 1896 πέρας
1153 1831 1294 1895 ἄγων,
1320 1833 1395 1881 καὶ
1431 1830 1564 1894 μάλα
1599 1831 1863 1897 προθύμως,
1884 1861 1931 1885 20

246 1933 266 1958 e
286 1913 380 1959 τῶν
408 1911 613 1961 ἀνοσίων
637 1911 982 1978 ἐγχειρημάτων
1007 1912 1091 1976 τὴν
1115 1912 1359 1982 ἀνάδειξιν.

244 2111 445 2156 7Πάντες
479 2111 812 2169 ἐθερμάνθΗοαν,
838 2114 898 2155 ὡς
937 2114 1132 2164 κλίβανος
1168 2112 1209 2155 αἱ
1248 2113 1416 2171 καρδίαι
1454 2115 1608 2165 αὐτῶν,
1637 2116 1706 2157 καὶ
1741 2117 1861 2157 κατέτ-

352 2211 485 2250 φαΓεν
519 2197 617 2237 τοὺς
656 2198 800 2253 κριτὰς
827 2198 980 2239 αὐτῶν·
1026 2200 1183 2240 Πάντες
1220 2197 1258 2239 οἶ
1293 2196 1477 2248 βασιλεῖς
1515 2199 1655 2241 αὐτῶν
1691 2200 1860 2251 ἔπεσον,

351 2278 426 2318 οὐκ
454 2275 504 2319 ἓν
530 2279 552 2320 ὁ
579 2279 916 2328 ἐπικαλούμενος
943 2281 987 2321 ὲν
1015 2278 1159 2322 αὐτοῖς
1185 2282 1291 2337 Πρός
1316 2297 1381 2329 με.

354 2384 540 2451 Ἀληθῆ
567 2386 652 2450 μὲν
678 2389 759 2439 οὖν
784 2386 901 2456 ἅπερ
928 2389 1064 2458 ἔφην·
1105 2389 1407 2456 τεθέρμανται
1431 2389 1523 2457 γὰρ
1555 2392 1597 2441 οἱ
1630 2392 1752 2458 ἀμφὶ
1777 2388 1860 2442 τὸν
1879 2416 1926 2453 25

108 2488 213 2528 Supra
283 2467 515 2533 ἐπάρατον
548 2469 807 2536 Ἱεροβοάμ,
848 2473 922 2522 καὶ
957 2478 984 2501 “
1003 2472 1328 2536 ἀνεκαύθησαν
1363 2475 1423 2525 ὡς
1461 2470 1606 2538 πυρὸς
1640 2471 1855 2540 φέγγος.”

108 2541 172 2561 ‘er'
189 2531 218 2563 6.
284 2545 357 2613 ἀρ’
386 2551 466 2600 οὖν
503 2551 639 2619 μέχρι
678 2557 771 2603 τῶν
808 2554 962 2623 ἐκείνῳ
1000 2553 1355 2618 τετολμημένων
1381 2552 1440 2605 τὰ
1471 2557 1552 2618 τῆς
1577 2555 1858 2614 δυσσεβείας

69 2645 140 2701 ¹111
159 2646 208 2680 A.
245 2656 265 2679 a
283 2632 574 2696 προβέβηκεν
593 2655 604 2695 ;
638 2635 862 2699 οὐδαμῶς,
884 2635 1049 2703 φησίν·
1083 2634 1388 2705 ἑθερμάνθησ-αιν
1407 2635 1499 2702 γὰρ
1520 2638 1696 2699 πάντες,
1713 2638 1788 2687 καὶ
1815 2639 1857 2687 οἱ

330 2779 360 2801 2.
388 2769 426 2811 δὴ
445 2778 665 2817 assumptum
682 2785 723 2807 ex
743 2773 835 2807 B.D.
1087 2785 1120 2820 9.
1144 2775 1265 2808 λοιπὸν
1282 2785 1351 2807 om.
1372 2773 1419 2808 D.
1657 2775 1709 2808 16.
1735 2772 1790 2819 ἦν]
1810 2774 1856 2808 ὢν

280 2815 469 2849 Aubertus.
646 2829 697 2865 17.
725 2820 797 2854 ἐπεὶ
814 2832 876 2864 pro
895 2819 1008 2864 ἐπειδὴ
1027 2820 1074 2854 D.
1250 2821 1303 2854 18.
1329 2822 1395 2865 πῦρ
1413 2820 1544 2866 φέγγος
1560 2820 1595 2855 b.
1616 2820 1693 2866 Syr.
1713 2820 1854 2866 (Alex.)

281 2860 341 2894 sed
359 2861 402 2894 cs.
421 2873 438 2895 e-
454 2863 554 2897 infra.
571 2867 677 2909 πυρὸς
693 2866 824 2911 φέγγος
842 2867 934 2901 Edd.
1055 2879 1107 2910 19.
1133 2868 1312 2912 μελησμοῦ
1330 2867 1376 2901 D.
1489 2878 1544 2902 22.
1570 2868 1741 2912 κατέφαγε
1759 2867 1853 2902 B.D.

280 2908 699 3000 {xnre'spayggdffsffivAlssxQ
718 2913 909 2958 κατέφαγον
927 2913 1017 2947 Edd.
1037 2914 1158 2958 (Vat.)
1253 2925 1308 2956 24.
1335 2915 1353 2947 ὁ
1370 2914 1629 2959 ἐπικαλούμενος
1645 2920 1725 2959 post
1741 2914 1853 2949 αὐτοῖς

294 2965 409 2998 ransp.
513 2982 519 2988 .
590 2964 633 2990 at,
