2021 3434
106 188 133 234 i.
158 188 197 239 6,
222 197 259 240 7.
492 187 566 228 IN
616 187 1001 228 MICHAEAM.
1063 186 1210 228 TOM.
1248 186 1285 228 Ι.
1597 188 1677 227 6Π

105 301 293 359 μᾶλλον
320 296 368 348 δὲ
405 300 482 347 καὶ
519 301 581 351 εἰς
619 295 759 348 αὐτὸν
785 296 1102 360 δεδυσσέβηκε
1139 295 1221 347 τὸν
1255 300 1348 346 τῶν
1383 295 1509 346 ὅλων
1535 293 1676 357 Θεὸν,
1698 304 1725 344 (1

104 383 199 433 τοῖς
226 379 352 432 ἰδίοις
378 379 529 445 ε”ργοις
553 380 825 430 ἀνατιθεῖσα
850 378 903 430 τὸ
930 379 1091 440 σέβας,
1119 378 1353 443 ἀνετράπη
1380 380 1454 428 καὶ
1484 377 1672 429 πέπτω-

105 483 195 523 κεν,
223 461 436 529 ἀφέντων
467 461 610 525 αὐτὴν
633 460 756 528 τάχα
793 484 885 512 που
920 463 994 511 καὶ
1033 465 1126 510 τῶν
1159 459 1310 511 πάλαι
1346 464 1498 526 τηρεῖν
1523 461 1675 510 ἐπιτε-

105 541 364 607 ταγμένων,
395 544 540 608 ἁγίων
575 543 630 593 τέ
663 552 783 610 φημι
819 542 1056 606 δυνάμεων
1087 543 1162 593 καὶ
1202 541 1436 607 ἀγγέλων.
1504 541 1594 608 ἔφη
1636 563 1679 592 τι

64 630 314 677 5τοιοῦτον
360 627 463 691 περὶ
514 626 654 688 αὐτῆς
703 627 779 674 καὶ
828 626 852 674 ὁ
903 623 1127 690 μακάριος
1176 623 1422 691 προφήτης
1472 622 1680 676 “Ησα”ι’”ας

107 713 133 735 “
158 705 676 773 Ἐγκαταλειφθήσεται
704 707 730 770 ἡ
758 705 968 771 θυγάτηρ
997 705 1134 769 Σιὼν,
1161 708 1223 759 ὡς
1261 705 1412 769 σκηνὴ
1451 708 1498 756 ἐν
1525 706 1675 768 ἀμπε-

107 795 134 818 “
159 793 275 838 λῶνι
324 792 399 839 καὶ
451 791 513 843 ὡς
561 787 956 854 ὀπωροφυλάκιον
1004 789 1052 838 ἐν
1102 787 1421 856 σικυηλάτῳ.”
1487 789 1676 852 ἐγκατε-

104 871 278 939 λείφθη
311 870 359 921 δὲ
385 870 540 933 ὅπως;
584 871 929 939 ἀποπεφοίτηκε
958 868 1063 936 γὰρ,
1089 871 1151 922 ὡς
1177 870 1309 937 ἔφην,
1335 869 1363 933 ἡ
1390 868 1676 935 προσεδρεύ-

104 952 227 1003 ουσά
266 975 316 1003 τε
356 955 430 1004 καὶ
467 953 666 1020 ῥυομένη
707 951 891 1017 πληθὺς
932 950 1098 1017 λογικὴ
1139 955 1233 1001 τῶν
1273 950 1368 1001 ἅνω
1413 950 1679 1015 ταγμάτων.

39 1061 86 1086 10
104 1034 237 1086 ἔσται
274 1036 429 1086 τοίνυν
460 1039 516 1088 ὡς
551 1035 912 1102 ὄπωροφυλακιον
938 1035 1074 1104 αγροῧ
1114 1037 1191 1084 καὶ
1232 1036 1289 1087 ὡς
1329 1035 1489 1100 φυτεία
1527 1037 1681 1100 αμπε-

9 1118 12 1119 ’
104 1116 253 1173 λῶνος.
297 1117 456 1179 ὅμοιον
483 1120 544 1171 ὡς
576 1122 612 1168 εἰ
651 1116 782 1183 λέγοι
813 1118 903 1167 Καὶ
934 1115 1121 1166 πόλεων
1147 1115 1222 1165 καὶ
1260 1114 1397 1165 οἴκων
1423 1114 1568 1180 ἐρήμη
1608 1117 1683 1165 καὶ

106 1202 169 1254 εἰς
206 1199 322 1269 ὄψιν
360 1201 517 1265 ἀγρῶν
553 1198 928 1264 μετενηνεγμένη.
993 1196 1021 1262 ἢ
1060 1200 1134 1248 καὶ
1173 1198 1280 1248 καθ’
1316 1197 1471 1262 ἕτερον
1508 1195 1684 1262 τρόπον

107 1281 345 1345 συνήσεις,
371 1286 409 1332 εἰ
435 1285 568 1334 δοκεῖ.
622 1286 716 1332 τῶν
742 1280 1034 1344 ἀμπελώνων
1060 1284 1101 1331 οἰ
1133 1281 1390 1349 φυτουργοὶ
1421 1277 1502 1329 τὸν
1528 1280 1682 1331 αὐτοῖς

107 1363 178 1416 ὅτι
214 1363 429 1428 μάλιστα
465 1364 705 1431 πρέποντα
743 1362 1091 1424 καταλαβόντες
1129 1366 1296 1430 χῶρον,
1324 1360 1505 1427 ἀρότοις
1544 1359 1684 1411 αὐτὸν

42 1462 87 1501 15
107 1447 458 1508 ἀνατέμνουσιν,
477 1446 573 1497 ἄνω
598 1469 647 1497 τε
672 1447 748 1497 καὶ
774 1444 899 1496 κάτω
925 1445 1221 1513 στρέφοντες.
1261 1442 1398 1494 τοῦτό
1423 1465 1494 1493 τοι
1519 1447 1685 1494 παθεῖν

106 1527 192 1592 τὴν
231 1531 533 1595 Σαμαρειτῶν
583 1531 775 1591 ἀπειλεῖ,
815 1529 1063 1594 μονονουχὶ
1103 1528 1180 1578 καὶ
1221 1525 1452 1592 ἀρόσιμον
1491 1524 1686 1575 ἔσεσθαι

107 1613 211 1676 γῆν,
243 1610 535 1679 ἐξῃρημένων
561 1611 715 1673 αὐτῆς,
743 1613 805 1664 ὡς
837 1610 971 1678 ἔφην,
1000 1608 1187 1661 πόλεών
1212 1631 1262 1659 τε
1294 1610 1368 1658 καὶ
1394 1607 1545 1659 οἴκων.
1610 1606 1686 1657 διὰ

104 1691 243 1744 τοῦτό
277 1699 444 1761 φησιν,
471 1692 541 1743 ὅτι
570 1691 866 1744 κατασπάσαι)
896 1698 955 1747 εἷς
986 1692 1103 1754 χάος
1133 1689 1229 1745 τοὶς
1257 1688 1400 1745 λὶθους
1430 1688 1575 1749 αὐτῆς,
1607 1694 1683 1741 καὶ

106 1773 166 1825 τα
189 1773 373 1843 θεμέλιοι
399 1774 531 1834 αὐτῆς
558 1770 880 1842 ἀποκαλύψω.
947 1774 1143 1825 ἔσεσθαι
1169 1773 1225 1823 δέ
1252 1795 1295 1823 τι
1323 1773 1397 1822 καὶ
1423 1769 1685 1836 καταγέλα-

39 1878 89 1903 20
107 1879 226 1908 στον
263 1855 380 1922 πρὸς
422 1857 570 1926 τούτῳ
610 1857 776 1924 φησίν.
844 1856 921 1910 οὓς
956 1855 1050 1922 γὰρ
1087 1854 1452 1921 προσεδόκησαν
1491 1854 1686 1904 ἔσεσθαι

107 1941 326 2005 σωτῆρας
376 1940 530 1992 αὐτοῖς
578 1942 640 1993 ὡς
690 1937 833 2001 θεοὺς,
877 1938 1003 1990 οὗτοι
1053 1940 1129 1988 καὶ
1178 1936 1541 1988 συνδιόλλυνται
1591 1939 1686 1988 τοῖς

106 2025 387 2088 προσκυνεῖν
420 2021 635 2072 εἰωθόσιν
674 2021 856 2075 αὐτούς·
898 2018 1392 2090 κατεμπρησθήσονται
1427 2017 1476 2068 δὲ
1514 2023 1590 2069 καὶ
1626 2016 1688 2069 τα

105 2102 383 2173 μισθώματα
444 2103 593 2164 αὐτῆς,
655 2110 732 2155 καὶ
792 2109 850 2158 εἰς
907 2102 1164 2172 αφανισμὶν
1228 2100 1504 2168 οἰχήσονταί
1563 2104 1688 2169 φησι

106 2183 260 2236 πάντα
292 2184 351 2237 τα
382 2184 547 2237 εἴδωλα
579 2185 724 2245 αὐτ-ἦς.
793 2184 1070 2254 μισθώματα
1108 2183 1156 2234 δὲ
1194 2189 1289 2236 τοῖς
1326 2183 1534 2235 εἰδώλοις
1571 2184 1687 2246 ὁμοῦ

1743 723 1797 755 Es.
1815 724 1834 754 i.
1851 723 1882 755 S.

1700 1058 1721 1084 e

1705 1720 1726 1743 a
1751 1711 1839 1745 398
1857 1710 1912 1745 A,

41 2289 88 2328 25
107 2265 167 2317 τὰ
191 2267 627 2334 καταπιμπράμενα,
659 2266 782 2335 τάχα
812 2291 904 2319 που
930 2267 988 2318 τὰ
1016 2265 1294 2330 ἀναθήματα
1320 2268 1472 2329 δηλοῖ.
1533 2287 1686 2330 προσ-
1705 2275 1732 2316 b

108 2347 316 2415 εκόμιζον
353 2348 446 2415 γὰρ
484 2354 580 2403 τοῖς
617 2349 854 2413 τεμένεσιν
880 2353 943 2403 εἰς
981 2347 1126 2418 δόξαν
1152 2347 1357 2398 εἰδώλων
1382 2345 1441 2397 τὰ
1480 2347 1536 2415 ἐξ
1572 2348 1687 2397 ἰδίου

108 2430 321 2496 νέμοντες
363 2432 587 2494 πλούτου,
631 2436 705 2483 καὶ
747 2436 842 2486 τοῖς
883 2430 1012 2483 οὐδὲν
1051 2433 1251 2499 ὠφελεῖν
1288 2428 1504 2480 εἰωθόσιν
1540 2426 1687 2494 ἤγουν

157 2623 188 2646 2.
214 2611 342 2658 ἔργοις]
361 2611 452 2657 ὅροις
465 2611 558 2646 Edd.
597 2612 724 2646 Statim
741 2612 942 2646 ἀνατείνασα
960 2611 1003 2644 A.
1042 2610 1126 2644 Post
1143 2609 1178 2643 h.
1193 2622 1226 2644 v.
1245 2610 1284 2644 τὸ
1302 2615 1523 2654 assumptum
1541 2621 1582 2643 ex
1596 2609 1686 2643 A.B.

111 2668 142 2703 7.
170 2660 362 2704 σικυηλάτῳ
381 2659 422 2693 Β.
443 2659 623 2704 συκηλάτῳ
641 2660 684 2692 Α.
704 2659 894 2704 σικυηράτῳ
914 2657 1004 2692 Edd.
1024 2656 1158 2701 (ANV.)
1410 2668 1443 2701 9.
1471 2656 1549 2690 Hoc
1567 2656 1686 2701 λογικὴ

108 2706 253 2740 accessit
269 2718 310 2739 ex
328 2707 372 2739 A.
420 2707 616 2749 πνευμάτων
633 2718 695 2750 pro
712 2706 890 2750 ταγμάτων
907 2705 950 2738 Α.
1340 2713 1393 2736 10.
1422 2703 1467 2737 εἷς
1485 2703 1626 2747 φυτείαν
1642 2703 1686 2736 A.

112 2764 166 2798 13.
190 2752 396 2795 ἀμπελώνων
414 2753 455 2787 Β.
473 2752 632 2796 ἀμπέλων
651 2751 742 2786 Edd.
791 2752 906 2786 αὐταῖς
922 2751 965 2784 A.
1287 2760 1340 2791 14.
1365 2749 1536 2793 πρέποντα
1553 2761 1621 2783 om.
1641 2750 1685 2783 A.

113 2810 167 2845 19.
192 2799 335 2834 ἔσεσθαι
353 2799 391 2833 δέ
406 2814 437 2833 τι
454 2801 498 2834 Α.
519 2799 663 2834 ἔσεσθαί
678 2813 715 2832 τε
733 2798 825 2832 Edd.
1009 2807 1064 2831 21.
1090 2796 1350 2831 συνδιόλλυνται
1368 2796 1411 2829 Α..
1432 2797 1688 2830 συνδιολοῦνται

111 2845 203 2880 Edd.
456 2857 511 2880 22.
537 2846 649 2880 αὐτοῖς
665 2846 709 2879 Α.
760 2844 886 2878 Statim
904 2842 1264 2887 κατεμπρησθὴσονται
1284 2843 1326 2877 Β.
1345 2842 1686 2887 καταπρησθὴσονται

111 2892 205 2927 Edd.
348 2904 404 2938 23.
429 2895 539 2938 φησιν
556 2891 753 2937 οἰχήσονται
771 2892 908 2926 inverso
926 2890 1048 2925 ordine
1065 2892 1108 2924 A.
1245 2900 1300 2931 25.
1326 2891 1623 2934 καταπιμπράμενα
1641 2890 1686 2925 Α.

110 2940 326 2984 πιμπράμενα
344 2939 385 2974 Β.
403 2942 624 2985 πιμπρώμενα
642 2937 734 2972 Edd.
1047 2947 1100 2982 27.
1128 2936 1224 2971 Haec
1243 2936 1398 2971 εἰωθόσιν
1415 2939 1517 2982 ἤγουν
1533 2948 1687 2971 accesse-

112 2992 195 3021 runt
212 2998 253 3021 ex
270 2988 314 3021 A.

854 3056 960 3094 412
