<?xml version="1.0" encoding="UTF-8"?>
<!DOCTYPE html PUBLIC "-//W3C//DTD XHTML 1.0 Transitional//EN"
    "http://www.w3.org/TR/xhtml1/DTD/xhtml1-transitional.dtd">
<html xmlns="http://www.w3.org/1999/xhtml" xml:lang="en" lang="en">
 <head>
  <title>
</title>
<meta http-equiv="Content-Type" content="text/html;charset=utf-8" />
  <meta name='ocr-system' content='tesseract 3.04.00' />
  <meta name='ocr-capabilities' content='ocr_page ocr_carea ocr_par ocr_line ocrx_word'/>
</head>
<body>
  <div class='ocr_page' id='page_1' title='image "./operacyrilli01cyriuoft_0345.png"; bbox 0 0 2021 3434; ppageno 0'>
   <div class='ocr_carea' id='block_1_1' title="bbox 121 167 1692 226">
    <p class='ocr_par' dir='ltr' id='par_1_1' title="bbox 121 167 1692 226">
     <span class='ocr_line' id='line_1_1' title="bbox 121 167 1692 226; baseline -0.005 -10"><span class='ocrx_word' id='word_1_1' title='bbox 121 177 239 226; x_wconf 80' lang='lat' dir='ltr'>i.11,</span> <span class='ocrx_word' id='word_1_2' title='bbox 264 189 328 218; x_wconf 87' lang='lat'>12.</span> <span class='ocrx_word' id='word_1_3' title='bbox 560 174 635 216; x_wconf 94' lang='lat' dir='ltr'>IN</span> <span class='ocrx_word' id='word_1_4' title='bbox 674 172 954 215; x_wconf 83' lang='lat' dir='ltr'>JOELEM.</span> <span class='ocrx_word' id='word_1_5' title='bbox 1015 170 1168 213; x_wconf 79' lang='lat' dir='ltr'>TOM.</span> <span class='ocrx_word' id='word_1_6' title='bbox 1209 170 1245 213; x_wconf 90' lang='grc' dir='ltr'>Ι.</span> <span class='ocrx_word' id='word_1_7' title='bbox 1608 167 1692 209; x_wconf 89' lang='lat'>303</span> 
     </span>
    </p>
   </div>
   <div class='ocr_carea' id='block_1_2' title="bbox 56 273 1924 1175">
    <p class='ocr_par' dir='ltr' id='par_1_2' title="bbox 120 273 1699 353">
     <span class='ocr_line' id='line_1_2' title="bbox 120 273 1699 353; baseline -0.006 -17"><span class='ocrx_word' id='word_1_8' title='bbox 120 288 196 336; x_wconf 87' lang='grc' dir='ltr'>καὶ</span> <span class='ocrx_word' id='word_1_9' title='bbox 232 285 295 339; x_wconf 85' lang='grc' dir='ltr'>ὡς</span> <span class='ocrx_word' id='word_1_10' title='bbox 327 285 375 335; x_wconf 87' lang='grc' dir='ltr'>ἐν</span> <span class='ocrx_word' id='word_1_11' title='bbox 407 282 588 353; x_wconf 75' lang='grc' dir='ltr'>μεθέξει</span> <span class='ocrx_word' id='word_1_12' title='bbox 626 281 855 353; x_wconf 77' lang='grc' dir='ltr'>νοουμένῳ</span> <span class='ocrx_word' id='word_1_13' title='bbox 888 286 970 333; x_wconf 91' lang='grc' dir='ltr'>τοῦ</span> <span class='ocrx_word' id='word_1_14' title='bbox 995 281 1163 346; x_wconf 77' lang='grc' dir='ltr'>Ἀγίου</span> <span class='ocrx_word' id='word_1_15' title='bbox 1190 277 1477 342; x_wconf 87' lang='grc' dir='ltr'>Πνεύματος·</span> <span class='ocrx_word' id='word_1_16' title='bbox 1517 273 1624 330; x_wconf 77' lang='grc' dir='ltr'>τοὺς</span> <span class='ocrx_word' id='word_1_17' title='bbox 1649 273 1699 326; x_wconf 82' lang='grc' dir='ltr'>δὲ</span> 
     </span>
    </p>

    <p class='ocr_par' dir='ltr' id='par_1_3' title="bbox 119 359 1699 434">
     <span class='ocr_line' id='line_1_3' title="bbox 119 359 1699 434; baseline -0.006 -17"><span class='ocrx_word' id='word_1_18' title='bbox 119 366 312 433; x_wconf 82' lang='grc' dir='ltr'>γνώμην</span> <span class='ocrx_word' id='word_1_19' title='bbox 359 366 550 434; x_wconf 77' lang='grc' dir='ltr'>ἔχοντας</span> <span class='ocrx_word' id='word_1_20' title='bbox 611 367 778 430; x_wconf 86' lang='grc' dir='ltr'>ἀπηνῆ,</span> <span class='ocrx_word' id='word_1_21' title='bbox 828 362 996 430; x_wconf 85' lang='grc' dir='ltr'>πικρόν</span> <span class='ocrx_word' id='word_1_22' title='bbox 1043 385 1092 414; x_wconf 90' lang='grc' dir='ltr'>τε</span> <span class='ocrx_word' id='word_1_23' title='bbox 1141 364 1216 414; x_wconf 81' lang='grc' dir='ltr'>καὶ</span> <span class='ocrx_word' id='word_1_24' title='bbox 1267 359 1538 430; x_wconf 86' lang='grc' dir='ltr'>ἀφιλόθεον,</span> <span class='ocrx_word' id='word_1_25' title='bbox 1590 363 1699 409; x_wconf 88' lang='grc' dir='ltr'>νοῦν</span> 
     </span>
    </p>

    <p class='ocr_par' dir='ltr' id='par_1_4' title="bbox 117 442 1742 514">
     <span class='ocr_line' id='line_1_4' title="bbox 117 442 1742 514; baseline -0.003 -15"><span class='ocrx_word' id='word_1_26' title='bbox 117 451 286 513; x_wconf 84' lang='grc' dir='ltr'>ἀπειθῆ</span> <span class='ocrx_word' id='word_1_27' title='bbox 333 451 407 499; x_wconf 84' lang='grc' dir='ltr'>καὶ</span> <span class='ocrx_word' id='word_1_28' title='bbox 456 447 755 514; x_wconf 77' lang='grc' dir='ltr'>δυσάγωγον,</span> <span class='ocrx_word' id='word_1_29' title='bbox 807 448 937 498; x_wconf 83' lang='grc' dir='ltr'>ἐνδεᾶ</span> <span class='ocrx_word' id='word_1_30' title='bbox 979 468 1072 498; x_wconf 90' lang='grc' dir='ltr'>που</span> <span class='ocrx_word' id='word_1_31' title='bbox 1113 442 1300 498; x_wconf 85' lang='grc' dir='ltr'>πάντως</span> <span class='ocrx_word' id='word_1_32' title='bbox 1339 445 1583 512; x_wconf 82' lang='grc' dir='ltr'>ἀποφανεῖ,</span> <span class='ocrx_word' id='word_1_33' title='bbox 1623 442 1698 492; x_wconf 74' lang='grc' dir='ltr'>καὶ</span> <span class='ocrx_word' id='word_1_34' title='bbox 1720 468 1742 494; x_wconf 84' lang='grc' dir='ltr'>ο</span> 
     </span>
    </p>

    <p class='ocr_par' dir='ltr' id='par_1_5' title="bbox 78 525 1701 678">
     <span class='ocr_line' id='line_1_5' title="bbox 118 525 1695 598; baseline -0.005 -17"><span class='ocrx_word' id='word_1_35' title='bbox 118 530 348 598; x_wconf 81' lang='grc' dir='ltr'>ἀμέτοχον</span> <span class='ocrx_word' id='word_1_36' title='bbox 388 534 633 584; x_wconf 80' lang='grc' dir='ltr'>παντελῶς</span> <span class='ocrx_word' id='word_1_37' title='bbox 681 533 776 580; x_wconf 92' lang='grc' dir='ltr'>τῶν</span> <span class='ocrx_word' id='word_1_38' title='bbox 823 529 990 595; x_wconf 81' lang='grc' dir='ltr'>ἀρτίως</span> <span class='ocrx_word' id='word_1_39' title='bbox 1040 528 1148 592; x_wconf 81' lang='grc' dir='ltr'>ἡμῖν</span> <span class='ocrx_word' id='word_1_40' title='bbox 1196 525 1445 593; x_wconf 73' lang='grc' dir='ltr'>εἰρημένων</span> <span class='ocrx_word' id='word_1_41' title='bbox 1488 525 1695 589; x_wconf 84' lang='grc' dir='ltr'>ἀγαθῶν.</span> 
     </span>
     <span class='ocr_line' id='line_1_6' title="bbox 78 603 1701 678; baseline -0.005 -15"><span class='ocrx_word' id='word_1_42' title='bbox 78 611 275 671; x_wconf 83' lang='grc' dir='ltr'>5ἶστέον</span> <span class='ocrx_word' id='word_1_43' title='bbox 310 611 370 674; x_wconf 76' lang='grc' dir='ltr'>δὲ,</span> <span class='ocrx_word' id='word_1_44' title='bbox 407 611 476 663; x_wconf 81' lang='grc' dir='ltr'>ὅτι</span> <span class='ocrx_word' id='word_1_45' title='bbox 511 614 585 663; x_wconf 75' lang='grc' dir='ltr'>καὶ</span> <span class='ocrx_word' id='word_1_46' title='bbox 629 612 654 662; x_wconf 84' lang='grc' dir='ltr'>ὁ</span> <span class='ocrx_word' id='word_1_47' title='bbox 696 610 977 678; x_wconf 84' lang='grc' dir='ltr'>σοφώτατος</span> <span class='ocrx_word' id='word_1_48' title='bbox 1017 613 1212 662; x_wconf 82' lang='grc' dir='ltr'>Παῦλος</span> <span class='ocrx_word' id='word_1_49' title='bbox 1254 611 1504 675; x_wconf 80' lang='grc' dir='ltr'>ἱερουργῶν</span> <span class='ocrx_word' id='word_1_50' title='bbox 1541 608 1603 659; x_wconf 83' lang='grc' dir='ltr'>εἶς</span> <span class='ocrx_word' id='word_1_51' title='bbox 1641 603 1701 656; x_wconf 77' lang='grc' dir='ltr'>τὰ</span> 
     </span>
    </p>

    <p class='ocr_par' dir='ltr' id='par_1_6' title="bbox 118 685 1701 759">
     <span class='ocr_line' id='line_1_7' title="bbox 118 685 1701 759; baseline -0.003 -14"><span class='ocrx_word' id='word_1_52' title='bbox 118 693 227 758; x_wconf 74' lang='grc' dir='ltr'>ε”θνη</span> <span class='ocrx_word' id='word_1_53' title='bbox 259 693 312 744; x_wconf 82' lang='grc' dir='ltr'>τὸ</span> <span class='ocrx_word' id='word_1_54' title='bbox 351 693 626 759; x_wconf 76' lang='grc' dir='ltr'>εὐαγγέλιον</span> <span class='ocrx_word' id='word_1_55' title='bbox 651 698 733 744; x_wconf 93' lang='grc' dir='ltr'>τοῦ</span> <span class='ocrx_word' id='word_1_56' title='bbox 759 696 989 759; x_wconf 84' lang='grc' dir='ltr'>Χριστοῦ,</span> <span class='ocrx_word' id='word_1_57' title='bbox 1014 692 1265 757; x_wconf 80' lang='grc' dir='ltr'>μονονουχὶ</span> <span class='ocrx_word' id='word_1_58' title='bbox 1298 688 1563 755; x_wconf 87' lang='grc' dir='ltr'>κατεθρήνει</span> <span class='ocrx_word' id='word_1_59' title='bbox 1593 685 1701 741; x_wconf 80' lang='grc' dir='ltr'>τοῦς</span> 
     </span>
    </p>

    <p class='ocr_par' dir='ltr' id='par_1_7' title="bbox 119 770 1924 844">
     <span class='ocr_line' id='line_1_8' title="bbox 119 770 1924 844; baseline -0.004 -18"><span class='ocrx_word' id='word_1_60' title='bbox 119 777 422 828; x_wconf 82' lang='grc' dir='ltr'>ἀπειθοῦντας</span> <span class='ocrx_word' id='word_1_61' title='bbox 467 775 524 844; x_wconf 75' lang='grc' dir='ltr'>ἐξ</span> <span class='ocrx_word' id='word_1_62' title='bbox 561 773 778 841; x_wconf 89' lang='grc' dir='ltr'>Ἰσραήλ.</span> <span class='ocrx_word' id='word_1_63' title='bbox 836 773 926 842; x_wconf 76' lang='grc' dir='ltr'>ε”φη</span> <span class='ocrx_word' id='word_1_64' title='bbox 971 771 1064 839; x_wconf 87' lang='grc' dir='ltr'>γάρ</span> <span class='ocrx_word' id='word_1_65' title='bbox 1109 771 1268 823; x_wconf 67' lang='lat' dir='ltr'><em>““Orc</em></span> <span class='ocrx_word' id='word_1_66' title='bbox 1306 771 1434 835; x_wconf 86' lang='grc' dir='ltr'>λύπη</span> <span class='ocrx_word' id='word_1_67' title='bbox 1474 770 1558 834; x_wconf 88' lang='grc' dir='ltr'>μοί</span> <span class='ocrx_word' id='word_1_68' title='bbox 1598 771 1701 820; x_wconf 86' lang='grc' dir='ltr'>ἐστι</span> <span class='ocrx_word' id='word_1_69' title='bbox 1762 787 1859 818; x_wconf 82' lang='lat' dir='ltr'><strong>Rom.</strong></span> <span class='ocrx_word' id='word_1_70' title='bbox 1878 787 1924 819; x_wconf 79' lang='lat' dir='ltr'>ix.</span> 
     </span>
    </p>

    <p class='ocr_par' dir='ltr' id='par_1_8' title="bbox 121 840 1891 924">
     <span class='ocr_line' id='line_1_9' title="bbox 121 840 1891 924; baseline -0.005 -15"><span class='ocrx_word' id='word_1_71' title='bbox 121 866 148 889; x_wconf 72' lang='lat'>‘⁵</span> <span class='ocrx_word' id='word_1_72' title='bbox 172 857 359 924; x_wconf 82' lang='grc' dir='ltr'>μεγάλη</span> <span class='ocrx_word' id='word_1_73' title='bbox 394 861 469 908; x_wconf 83' lang='grc' dir='ltr'>καὶ</span> <span class='ocrx_word' id='word_1_74' title='bbox 504 856 800 911; x_wconf 77' lang='grc' dir='ltr'>ἀδιάλειπτος</span> <span class='ocrx_word' id='word_1_75' title='bbox 839 856 978 920; x_wconf 81' lang='grc' dir='ltr'>ὀδύνη</span> <span class='ocrx_word' id='word_1_76' title='bbox 1017 858 1074 924; x_wconf 82' lang='grc' dir='ltr'>τῇ</span> <span class='ocrx_word' id='word_1_77' title='bbox 1114 854 1279 923; x_wconf 76' lang='grc' dir='ltr'>καρδίᾳ</span> <span class='ocrx_word' id='word_1_78' title='bbox 1311 876 1412 916; x_wconf 90' lang='grc' dir='ltr'>μου,</span> <span class='ocrx_word' id='word_1_79' title='bbox 1454 850 1569 918; x_wconf 77' lang='grc' dir='ltr'>ὑπὲρ</span> <span class='ocrx_word' id='word_1_80' title='bbox 1607 855 1701 902; x_wconf 89' lang='grc' dir='ltr'>τῶν</span> <span class='ocrx_word' id='word_1_81' title='bbox 1765 840 1891 871; x_wconf 76' lang='lat'><strong>2‚3‚4·</strong></span> 
     </span>
    </p>

    <p class='ocr_par' dir='ltr' id='par_1_9' title="bbox 56 934 1701 1089">
     <span class='ocr_line' id='line_1_10' title="bbox 120 934 1701 1008; baseline -0.003 -16"><span class='ocrx_word' id='word_1_82' title='bbox 120 948 148 970; x_wconf 91' lang='lat'>“</span> <span class='ocrx_word' id='word_1_83' title='bbox 172 940 394 1008; x_wconf 81' lang='grc' dir='ltr'>ἀδελφῶν</span> <span class='ocrx_word' id='word_1_84' title='bbox 433 963 523 1002; x_wconf 90' lang='grc' dir='ltr'>μου</span> <span class='ocrx_word' id='word_1_85' title='bbox 572 943 666 990; x_wconf 86' lang='grc' dir='ltr'>τῶν</span> <span class='ocrx_word' id='word_1_86' title='bbox 716 942 965 1004; x_wconf 86' lang='grc' dir='ltr'>συγγενῶν</span> <span class='ocrx_word' id='word_1_87' title='bbox 1013 961 1104 1000; x_wconf 89' lang='grc' dir='ltr'>μου</span> <span class='ocrx_word' id='word_1_88' title='bbox 1155 936 1273 988; x_wconf 81' lang='grc' dir='ltr'>κατὰ</span> <span class='ocrx_word' id='word_1_89' title='bbox 1322 935 1495 1002; x_wconf 82' lang='grc' dir='ltr'>σάρκα,</span> <span class='ocrx_word' id='word_1_90' title='bbox 1539 934 1701 988; x_wconf 78' lang='grc' dir='ltr'>οἵτινές</span> 
     </span>
     <span class='ocr_line' id='line_1_11' title="bbox 56 1019 1701 1089; baseline -0.004 -15"><span class='ocrx_word' id='word_1_91' title='bbox 56 1048 104 1073; x_wconf 91' lang='lat'>10</span> <span class='ocrx_word' id='word_1_92' title='bbox 121 1031 149 1054; x_wconf 70' lang='lat'>‘⁶</span> <span class='ocrx_word' id='word_1_93' title='bbox 174 1027 293 1074; x_wconf 81' lang='grc' dir='ltr'>εἰσιν</span> <span class='ocrx_word' id='word_1_94' title='bbox 318 1021 656 1089; x_wconf 81' lang='grc' dir='ltr'>Ἰσραηλῖται.”</span> <span class='ocrx_word' id='word_1_95' title='bbox 709 1021 937 1085; x_wconf 78' lang='grc' dir='ltr'>μυστικὸς</span> <span class='ocrx_word' id='word_1_96' title='bbox 964 1021 1026 1084; x_wconf 73' lang='grc' dir='ltr'>δὲ,</span> <span class='ocrx_word' id='word_1_97' title='bbox 1053 1020 1216 1086; x_wconf 83' lang='grc' dir='ltr'>ὥσπερ</span> <span class='ocrx_word' id='word_1_98' title='bbox 1242 1019 1375 1089; x_wconf 77' lang='grc' dir='ltr'>ἔφην,</span> <span class='ocrx_word' id='word_1_99' title='bbox 1403 1019 1478 1069; x_wconf 77' lang='grc' dir='ltr'>καὶ</span> <span class='ocrx_word' id='word_1_100' title='bbox 1505 1039 1701 1085; x_wconf 91' lang='grc' dir='ltr'>κεκρυμ-</span> 
     </span>
    </p>

    <p class='ocr_par' dir='ltr' id='par_1_10' title="bbox 120 1104 702 1175">
     <span class='ocr_line' id='line_1_12' title="bbox 120 1104 702 1175; baseline -0.009 -17"><span class='ocrx_word' id='word_1_101' title='bbox 120 1106 254 1172; x_wconf 83' lang='grc' dir='ltr'>μένος</span> <span class='ocrx_word' id='word_1_102' title='bbox 280 1106 304 1155; x_wconf 82' lang='grc' dir='ltr'><strong>ὁ</strong></span> <span class='ocrx_word' id='word_1_103' title='bbox 330 1106 377 1156; x_wconf 86' lang='grc' dir='ltr'>ἐν</span> <span class='ocrx_word' id='word_1_104' title='bbox 401 1107 517 1175; x_wconf 71' lang='grc' dir='ltr'>τῷδε</span> <span class='ocrx_word' id='word_1_105' title='bbox 542 1104 702 1170; x_wconf 82' lang='grc' dir='ltr'>λόγος.</span> 
     </span>
    </p>
   </div>
   <div class='ocr_carea' id='block_1_3' title="bbox 125 1317 1840 1547">
    <p class='ocr_par' dir='ltr' id='par_1_11' title="bbox 125 1317 1840 1547">
     <span class='ocr_line' id='line_1_13' title="bbox 125 1317 1765 1378; baseline -0.004 -15"><span class='ocrx_word' id='word_1_106' title='bbox 125 1319 174 1363; x_wconf 85' lang='grc' dir='ltr'>Οῗ</span> <span class='ocrx_word' id='word_1_107' title='bbox 200 1320 375 1378; x_wconf 75' lang='grc' dir='ltr'>ΓεωρΓοὶ</span> <span class='ocrx_word' id='word_1_108' title='bbox 403 1317 595 1378; x_wconf 83' lang='grc' dir='ltr'>θρΗνεῖτε</span> <span class='ocrx_word' id='word_1_109' title='bbox 623 1320 815 1370; x_wconf 71' lang='grc' dir='ltr'>κτήματα</span> <span class='ocrx_word' id='word_1_110' title='bbox 837 1320 942 1377; x_wconf 78' lang='grc' dir='ltr'>ὑπὲρ</span> <span class='ocrx_word' id='word_1_111' title='bbox 969 1321 1102 1376; x_wconf 83' lang='grc' dir='ltr'>Πυροῦ</span> <span class='ocrx_word' id='word_1_112' title='bbox 1122 1317 1190 1360; x_wconf 81' lang='grc' dir='ltr'>καὶ</span> <span class='ocrx_word' id='word_1_113' title='bbox 1218 1323 1375 1376; x_wconf 66' lang='grc' dir='ltr'>κριθῆς,</span> <span class='ocrx_word' id='word_1_114' title='bbox 1402 1318 1467 1359; x_wconf 83' lang='grc' dir='ltr'>ὅτι</span> <span class='ocrx_word' id='word_1_115' title='bbox 1493 1317 1697 1360; x_wconf 80' lang='grc' dir='ltr'>ἀπόλωλε</span> <span class='ocrx_word' id='word_1_116' title='bbox 1723 1332 1765 1357; x_wconf 94' lang='lat'>11</span> 
     </span>
     <span class='ocr_line' id='line_1_14' title="bbox 188 1400 1840 1463; baseline -0.001 -15"><span class='ocrx_word' id='word_1_117' title='bbox 188 1405 389 1463; x_wconf 74' lang='grc' dir='ltr'>τρυΓΗτὸε</span> <span class='ocrx_word' id='word_1_118' title='bbox 422 1406 467 1449; x_wconf 76' lang='grc' dir='ltr'>ἐξ</span> <span class='ocrx_word' id='word_1_119' title='bbox 505 1405 642 1463; x_wconf 78' lang='grc' dir='ltr'>ἀΓροῦ·</span> <span class='ocrx_word' id='word_1_120' title='bbox 683 1406 705 1446; x_wconf 62' lang='grc' dir='ltr'><strong><em>ἡ</em></strong></span> <span class='ocrx_word' id='word_1_121' title='bbox 735 1405 927 1455; x_wconf 70' lang='grc' dir='ltr'>ἄμπελος</span> <span class='ocrx_word' id='word_1_122' title='bbox 954 1405 1181 1462; x_wconf 74' lang='grc' dir='ltr'>ὲΞΗράνθΗ,</span> <span class='ocrx_word' id='word_1_123' title='bbox 1209 1405 1276 1445; x_wconf 80' lang='grc' dir='ltr'>καὶ</span> <span class='ocrx_word' id='word_1_124' title='bbox 1307 1402 1348 1445; x_wconf 80' lang='grc' dir='ltr'>αἶ</span> <span class='ocrx_word' id='word_1_125' title='bbox 1380 1400 1502 1446; x_wconf 83' lang='grc' dir='ltr'>συκαῖ</span> <span class='ocrx_word' id='word_1_126' title='bbox 1532 1402 1698 1451; x_wconf 78' lang='grc' dir='ltr'>ὠλιΓώ-</span> <span class='ocrx_word' id='word_1_127' title='bbox 1723 1421 1767 1445; x_wconf 84' lang='lat'>12</span> <span class='ocrx_word' id='word_1_128' title='bbox 1814 1410 1840 1446; x_wconf 89' lang='lat' dir='ltr'>d</span> 
     </span>
     <span class='ocr_line' id='line_1_15' title="bbox 189 1486 1700 1547; baseline -0.002 -16"><span class='ocrx_word' id='word_1_129' title='bbox 189 1499 334 1532; x_wconf 82' lang='grc' dir='ltr'>θΗσαν·</span> <span class='ocrx_word' id='word_1_130' title='bbox 371 1490 448 1547; x_wconf 66' lang='grc' dir='ltr'>βοὰ</span> <span class='ocrx_word' id='word_1_131' title='bbox 475 1490 544 1531; x_wconf 74' lang='grc' dir='ltr'>καὶ</span> <span class='ocrx_word' id='word_1_132' title='bbox 569 1486 709 1546; x_wconf 68' lang='grc' dir='ltr'>φοῖνιξ</span> <span class='ocrx_word' id='word_1_133' title='bbox 737 1489 805 1530; x_wconf 80' lang='grc' dir='ltr'>καὶ</span> <span class='ocrx_word' id='word_1_134' title='bbox 831 1494 964 1538; x_wconf 63' lang='grc' dir='ltr'>μῆλον</span> <span class='ocrx_word' id='word_1_135' title='bbox 992 1490 1061 1531; x_wconf 73' lang='grc' dir='ltr'>καὶ</span> <span class='ocrx_word' id='word_1_136' title='bbox 1087 1490 1222 1530; x_wconf 82' lang='grc' dir='ltr'>Πάντα</span> <span class='ocrx_word' id='word_1_137' title='bbox 1254 1488 1306 1529; x_wconf 81' lang='grc' dir='ltr'>τὰ</span> <span class='ocrx_word' id='word_1_138' title='bbox 1342 1488 1444 1531; x_wconf 74' lang='grc' dir='ltr'>ξύλα</span> <span class='ocrx_word' id='word_1_139' title='bbox 1476 1489 1548 1529; x_wconf 82' lang='grc' dir='ltr'>τοῦ</span> <span class='ocrx_word' id='word_1_140' title='bbox 1571 1487 1700 1544; x_wconf 80' lang='grc' dir='ltr'>ἀΓροῦ</span> 
     </span>
    </p>
   </div>
   <div class='ocr_carea' id='block_1_4' title="bbox 59 1569 1519 1631">
    <p class='ocr_par' dir='ltr' id='par_1_12' title="bbox 59 1569 1519 1631">
     <span class='ocr_line' id='line_1_16' title="bbox 59 1569 1519 1631; baseline -0.003 -16"><span class='ocrx_word' id='word_1_141' title='bbox 59 1581 103 1621; x_wconf 88' lang='lat'>15</span> <span class='ocrx_word' id='word_1_142' title='bbox 187 1574 494 1631; x_wconf 80' lang='grc' dir='ltr'>ὲΞΗράνθΗσαν,</span> <span class='ocrx_word' id='word_1_143' title='bbox 520 1574 584 1615; x_wconf 86' lang='grc' dir='ltr'>ὅτι</span> <span class='ocrx_word' id='word_1_144' title='bbox 612 1574 792 1631; x_wconf 57' lang='grc' dir='ltr'>ᾔσχυναν</span> <span class='ocrx_word' id='word_1_145' title='bbox 820 1572 953 1630; x_wconf 78' lang='grc' dir='ltr'>χαρὰν</span> <span class='ocrx_word' id='word_1_146' title='bbox 979 1571 1017 1614; x_wconf 85' lang='grc' dir='ltr'>οἷ</span> <span class='ocrx_word' id='word_1_147' title='bbox 1044 1570 1125 1614; x_wconf 77' lang='grc' dir='ltr'>υἱοὶ</span> <span class='ocrx_word' id='word_1_148' title='bbox 1150 1572 1235 1614; x_wconf 78' lang='grc' dir='ltr'>τῶν</span> <span class='ocrx_word' id='word_1_149' title='bbox 1263 1569 1519 1628; x_wconf 79' lang='grc' dir='ltr'>ἀνθρώπων.</span> 
     </span>
    </p>
   </div>
   <div class='ocr_carea' id='block_1_5' title="bbox 57 1686 1740 2500">
    <p class='ocr_par' dir='ltr' id='par_1_13' title="bbox 122 1686 1702 2001">
     <span class='ocr_line' id='line_1_17' title="bbox 197 1686 1700 1755; baseline -0.003 -14"><span class='ocrx_word' id='word_1_150' title='bbox 197 1689 377 1744; x_wconf 76' lang='grc' dir='ltr'>Πένθος</span> <span class='ocrx_word' id='word_1_151' title='bbox 426 1691 628 1754; x_wconf 86' lang='grc' dir='ltr'>ἀληθῶς,</span> <span class='ocrx_word' id='word_1_152' title='bbox 674 1688 870 1755; x_wconf 77' lang='grc' dir='ltr'>ἄλγημά</span> <span class='ocrx_word' id='word_1_153' title='bbox 905 1712 956 1740; x_wconf 90' lang='grc' dir='ltr'>τε</span> <span class='ocrx_word' id='word_1_154' title='bbox 1006 1689 1081 1740; x_wconf 75' lang='grc' dir='ltr'>καὶ</span> <span class='ocrx_word' id='word_1_155' title='bbox 1124 1687 1338 1755; x_wconf 89' lang='grc' dir='ltr'>θρήνημα</span> <span class='ocrx_word' id='word_1_156' title='bbox 1377 1691 1471 1740; x_wconf 83' lang='grc' dir='ltr'>τοῖς</span> <span class='ocrx_word' id='word_1_157' title='bbox 1512 1686 1700 1737; x_wconf 78' lang='grc' dir='ltr'>εἰωθόσι</span> 
     </span>
     <span class='ocr_line' id='line_1_18' title="bbox 122 1767 1700 1839; baseline -0.002 -15"><span class='ocrx_word' id='word_1_158' title='bbox 122 1777 356 1838; x_wconf 85' lang='grc' dir='ltr'>γηπονεῖν,</span> <span class='ocrx_word' id='word_1_159' title='bbox 387 1776 482 1824; x_wconf 85' lang='grc' dir='ltr'>τῶν</span> <span class='ocrx_word' id='word_1_160' title='bbox 511 1773 559 1823; x_wconf 85' lang='grc' dir='ltr'>ἐν</span> <span class='ocrx_word' id='word_1_161' title='bbox 589 1774 750 1839; x_wconf 81' lang='grc' dir='ltr'>ἀγροῖς</span> <span class='ocrx_word' id='word_1_162' title='bbox 781 1772 809 1836; x_wconf 85' lang='grc' dir='ltr'>ἡ</span> <span class='ocrx_word' id='word_1_163' title='bbox 840 1772 1155 1836; x_wconf 85' lang='grc' dir='ltr'>πανωλεθρία,</span> <span class='ocrx_word' id='word_1_164' title='bbox 1191 1773 1265 1821; x_wconf 80' lang='grc' dir='ltr'>καὶ</span> <span class='ocrx_word' id='word_1_165' title='bbox 1305 1768 1359 1821; x_wconf 82' lang='grc' dir='ltr'>τὸ</span> <span class='ocrx_word' id='word_1_166' title='bbox 1394 1767 1538 1833; x_wconf 74' lang='grc' dir='ltr'>μηδὲν</span> <span class='ocrx_word' id='word_1_167' title='bbox 1576 1768 1700 1822; x_wconf 77' lang='grc' dir='ltr'>ὅλως</span> 
     </span>
     <span class='ocr_line' id='line_1_19' title="bbox 123 1850 1701 1921; baseline -0.001 -15"><span class='ocrx_word' id='word_1_168' title='bbox 123 1856 200 1906; x_wconf 88' lang='grc' dir='ltr'>ἀπ’</span> <span class='ocrx_word' id='word_1_169' title='bbox 231 1855 381 1906; x_wconf 82' lang='grc' dir='ltr'>αὐτῶν</span> <span class='ocrx_word' id='word_1_170' title='bbox 416 1853 711 1921; x_wconf 76' lang='grc' dir='ltr'>συγκομίζειν</span> <span class='ocrx_word' id='word_1_171' title='bbox 735 1854 979 1916; x_wconf 89' lang='grc' dir='ltr'>δύνασθαι,</span> <span class='ocrx_word' id='word_1_172' title='bbox 1007 1855 1083 1904; x_wconf 79' lang='grc' dir='ltr'>καὶ</span> <span class='ocrx_word' id='word_1_173' title='bbox 1120 1852 1237 1917; x_wconf 79' lang='grc' dir='ltr'>μετὰ</span> <span class='ocrx_word' id='word_1_174' title='bbox 1274 1850 1478 1919; x_wconf 73' lang='grc' dir='ltr'>μακροὺς</span> <span class='ocrx_word' id='word_1_175' title='bbox 1505 1854 1701 1917; x_wconf 79' lang='grc' dir='ltr'>ἱδρῶτας</span> 
     </span>
     <span class='ocr_line' id='line_1_20' title="bbox 123 1931 1702 2001; baseline -0.001 -13"><span class='ocrx_word' id='word_1_176' title='bbox 123 1937 229 1988; x_wconf 75' lang='grc' dir='ltr'>ἔσθ’</span> <span class='ocrx_word' id='word_1_177' title='bbox 265 1936 356 1988; x_wconf 79' lang='grc' dir='ltr'>ὅτε.</span> <span class='ocrx_word' id='word_1_178' title='bbox 420 1937 509 1988; x_wconf 75' lang='grc' dir='ltr'>αὖα</span> <span class='ocrx_word' id='word_1_179' title='bbox 543 1936 592 1988; x_wconf 79' lang='grc' dir='ltr'>δὲ</span> <span class='ocrx_word' id='word_1_180' title='bbox 632 1935 688 2001; x_wconf 90' lang='grc' dir='ltr'>δὴ</span> <span class='ocrx_word' id='word_1_181' title='bbox 724 1938 800 1988; x_wconf 81' lang='grc' dir='ltr'>καὶ</span> <span class='ocrx_word' id='word_1_182' title='bbox 837 1939 1116 1987; x_wconf 85' lang='grc' dir='ltr'>ἐκτεθνεῶτα</span> <span class='ocrx_word' id='word_1_183' title='bbox 1150 1933 1318 1987; x_wconf 77' lang='grc' dir='ltr'>λοιπὸν</span> <span class='ocrx_word' id='word_1_184' title='bbox 1358 1933 1417 1985; x_wconf 79' lang='grc' dir='ltr'>τὰ</span> <span class='ocrx_word' id='word_1_185' title='bbox 1457 1935 1505 1985; x_wconf 88' lang='grc' dir='ltr'>ἐν</span> <span class='ocrx_word' id='word_1_186' title='bbox 1539 1931 1702 1997; x_wconf 85' lang='grc' dir='ltr'>κήποις</span> 
     </span>
    </p>

    <p class='ocr_par' dir='ltr' id='par_1_14' title="bbox 57 2013 1740 2423">
     <span class='ocr_line' id='line_1_21' title="bbox 57 2013 1701 2089; baseline -0.004 -18"><span class='ocrx_word' id='word_1_187' title='bbox 57 2037 105 2061; x_wconf 82' lang='grc'>20</span> <span class='ocrx_word' id='word_1_188' title='bbox 124 2021 237 2086; x_wconf 83' lang='grc' dir='ltr'>ὁρᾶν</span> <span class='ocrx_word' id='word_1_189' title='bbox 260 2021 335 2070; x_wconf 82' lang='grc' dir='ltr'>καὶ</span> <span class='ocrx_word' id='word_1_190' title='bbox 359 2024 453 2071; x_wconf 89' lang='grc' dir='ltr'>τῶν</span> <span class='ocrx_word' id='word_1_191' title='bbox 479 2019 637 2088; x_wconf 74' lang='grc' dir='ltr'>ξύλων</span> <span class='ocrx_word' id='word_1_192' title='bbox 670 2018 729 2070; x_wconf 80' lang='grc' dir='ltr'>τὰ</span> <span class='ocrx_word' id='word_1_193' title='bbox 765 2019 991 2089; x_wconf 76' lang='grc' dir='ltr'>ἐξαίρετα,</span> <span class='ocrx_word' id='word_1_194' title='bbox 1017 2018 1165 2082; x_wconf 71' lang='grc' dir='ltr'>ληίοις</span> <span class='ocrx_word' id='word_1_195' title='bbox 1204 2040 1253 2068; x_wconf 89' lang='grc' dir='ltr'>τε</span> <span class='ocrx_word' id='word_1_196' title='bbox 1292 2018 1409 2082; x_wconf 84' lang='grc' dir='ltr'>ὁμοῦ</span> <span class='ocrx_word' id='word_1_197' title='bbox 1440 2015 1523 2070; x_wconf 79' lang='grc' dir='ltr'>τὰς</span> <span class='ocrx_word' id='word_1_198' title='bbox 1548 2013 1701 2084; x_wconf 68' lang='grc' dir='ltr'>ἀμπέ-</span> 
     </span>
     <span class='ocr_line' id='line_1_22' title="bbox 122 2100 1740 2172; baseline -0.002 -18"><span class='ocrx_word' id='word_1_199' title='bbox 122 2116 226 2158; x_wconf 82' lang='grc' dir='ltr'>λους</span> <span class='ocrx_word' id='word_1_200' title='bbox 265 2101 662 2172; x_wconf 78' lang='grc' dir='ltr'>κατεφθαρμένας,</span> <span class='ocrx_word' id='word_1_201' title='bbox 704 2104 780 2153; x_wconf 82' lang='grc' dir='ltr'>καὶ</span> <span class='ocrx_word' id='word_1_202' title='bbox 827 2100 970 2166; x_wconf 82' lang='grc' dir='ltr'>αὐτὴν</span> <span class='ocrx_word' id='word_1_203' title='bbox 1014 2100 1063 2152; x_wconf 82' lang='grc' dir='ltr'>δὲ</span> <span class='ocrx_word' id='word_1_204' title='bbox 1108 2100 1193 2166; x_wconf 87' lang='grc' dir='ltr'>τὴν</span> <span class='ocrx_word' id='word_1_205' title='bbox 1234 2100 1403 2166; x_wconf 82' lang='grc' dir='ltr'>ἀγρίαν</span> <span class='ocrx_word' id='word_1_206' title='bbox 1448 2100 1567 2162; x_wconf 80' lang='grc' dir='ltr'>ὕλην</span> <span class='ocrx_word' id='word_1_207' title='bbox 1605 2100 1740 2151; x_wconf 72' lang='grc' dir='ltr'>τοΐςε</span> 
     </span>
     <span class='ocr_line' id='line_1_23' title="bbox 123 2180 1701 2253; baseline -0.004 -17"><span class='ocrx_word' id='word_1_208' title='bbox 123 2183 285 2249; x_wconf 90' lang='grc' dir='ltr'>κήποις</span> <span class='ocrx_word' id='word_1_209' title='bbox 318 2185 819 2253; x_wconf 87' lang='grc' dir='ltr'>συγκαταφθίνουσαν.</span> <span class='ocrx_word' id='word_1_210' title='bbox 885 2183 1037 2235; x_wconf 71' lang='grc' dir='ltr'>πάντα</span> <span class='ocrx_word' id='word_1_211' title='bbox 1074 2181 1167 2250; x_wconf 88' lang='grc' dir='ltr'>γάρ</span> <span class='ocrx_word' id='word_1_212' title='bbox 1208 2186 1331 2250; x_wconf 93' lang='grc' dir='ltr'>φησι</span> <span class='ocrx_word' id='word_1_213' title='bbox 1372 2180 1433 2232; x_wconf 67' lang='grc' dir='ltr'>τοὶ</span> <span class='ocrx_word' id='word_1_214' title='bbox 1472 2180 1592 2249; x_wconf 66' lang='grc' dir='ltr'>ξύλα</span> <span class='ocrx_word' id='word_1_215' title='bbox 1629 2181 1701 2230; x_wconf 75' lang='grc' dir='ltr'>τοῦ</span> 
     </span>
     <span class='ocr_line' id='line_1_24' title="bbox 122 2259 1702 2339; baseline -0.005 -20"><span class='ocrx_word' id='word_1_216' title='bbox 122 2269 257 2337; x_wconf 68' lang='grc' dir='ltr'>ἀγροῦ</span> <span class='ocrx_word' id='word_1_217' title='bbox 283 2265 573 2336; x_wconf 69' lang='grc' dir='ltr'>ἑξηράνθησσιν,</span> <span class='ocrx_word' id='word_1_218' title='bbox 602 2267 662 2318; x_wconf 69' lang='grc' dir='ltr'>’ὅτι</span> <span class='ocrx_word' id='word_1_219' title='bbox 694 2265 884 2339; x_wconf 62' lang='grc' dir='ltr'>ᾔσχυναν</span> <span class='ocrx_word' id='word_1_220' title='bbox 918 2263 1065 2333; x_wconf 67' lang='grc' dir='ltr'>χοιρέιν</span> <span class='ocrx_word' id='word_1_221' title='bbox 1093 2272 1127 2316; x_wconf 82' lang='grc' dir='ltr'>οἱ</span> <span class='ocrx_word' id='word_1_222' title='bbox 1159 2269 1232 2316; x_wconf 67' lang='grc' dir='ltr'>υἱοὶ</span> <span class='ocrx_word' id='word_1_223' title='bbox 1260 2262 1338 2315; x_wconf 77' lang='grc' dir='ltr'>τῶν</span> <span class='ocrx_word' id='word_1_224' title='bbox 1364 2262 1602 2332; x_wconf 67' lang='grc' dir='ltr'>ἀνθρώπων·</span> <span class='ocrx_word' id='word_1_225' title='bbox 1647 2259 1702 2311; x_wconf 80' lang='grc' dir='ltr'>τὸ</span> 
     </span>
     <span class='ocr_line' id='line_1_25' title="bbox 124 2345 1701 2423; baseline -0.004 -23"><span class='ocrx_word' id='word_1_226' title='bbox 124 2349 172 2400; x_wconf 79' lang='grc' dir='ltr'>δὲ</span> <span class='ocrx_word' id='word_1_227' title='bbox 205 2348 394 2423; x_wconf 73' lang='grc' dir='ltr'>’ᾔσχυναν</span> <span class='ocrx_word' id='word_1_228' title='bbox 434 2348 593 2419; x_wconf 61' lang='grc' dir='ltr'>χάραν,</span> <span class='ocrx_word' id='word_1_229' title='bbox 628 2350 730 2399; x_wconf 80' lang='grc' dir='ltr'>ἀντὶ</span> <span class='ocrx_word' id='word_1_230' title='bbox 768 2354 864 2410; x_wconf 91' lang='grc' dir='ltr'>τοῦ,</span> <span class='ocrx_word' id='word_1_231' title='bbox 904 2347 1132 2415; x_wconf 78' lang='grc' dir='ltr'>αἰσχύνης</span> <span class='ocrx_word' id='word_1_232' title='bbox 1164 2369 1214 2397; x_wconf 93' lang='grc' dir='ltr'>τε</span> <span class='ocrx_word' id='word_1_233' title='bbox 1253 2349 1328 2397; x_wconf 78' lang='grc' dir='ltr'>καὶ</span> <span class='ocrx_word' id='word_1_234' title='bbox 1363 2346 1586 2411; x_wconf 81' lang='grc' dir='ltr'>ἐντροπῆς</span> <span class='ocrx_word' id='word_1_235' title='bbox 1625 2345 1701 2394; x_wconf 83' lang='grc' dir='ltr'>καὶ</span> 
     </span>
    </p>

    <p class='ocr_par' dir='ltr' id='par_1_15' title="bbox 58 2425 1702 2500">
     <span class='ocr_line' id='line_1_26' title="bbox 58 2425 1702 2500; baseline -0.005 -16"><span class='ocrx_word' id='word_1_236' title='bbox 58 2445 105 2484; x_wconf 88' lang='lat'>25</span> <span class='ocrx_word' id='word_1_237' title='bbox 126 2432 332 2500; x_wconf 73' lang='grc' dir='ltr'>ἐλέγχων</span> <span class='ocrx_word' id='word_1_238' title='bbox 356 2435 450 2483; x_wconf 91' lang='grc' dir='ltr'>τῶν</span> <span class='ocrx_word' id='word_1_239' title='bbox 480 2434 542 2484; x_wconf 78' lang='grc' dir='ltr'>εἰς</span> <span class='ocrx_word' id='word_1_240' title='bbox 578 2429 742 2484; x_wconf 87' lang='grc' dir='ltr'>ποινάς</span> <span class='ocrx_word' id='word_1_241' title='bbox 780 2453 830 2481; x_wconf 94' lang='grc' dir='ltr'>τε</span> <span class='ocrx_word' id='word_1_242' title='bbox 868 2431 944 2480; x_wconf 78' lang='grc' dir='ltr'>καὶ</span> <span class='ocrx_word' id='word_1_243' title='bbox 975 2431 1106 2494; x_wconf 87' lang='grc' dir='ltr'>δίκην</span> <span class='ocrx_word' id='word_1_244' title='bbox 1143 2428 1226 2480; x_wconf 83' lang='grc' dir='ltr'>τὸν</span> <span class='ocrx_word' id='word_1_245' title='bbox 1260 2425 1419 2494; x_wconf 81' lang='grc' dir='ltr'>καιρὸν</span> <span class='ocrx_word' id='word_1_246' title='bbox 1457 2425 1702 2495; x_wconf 75' lang='grc' dir='ltr'>ἀπέδειξαν</span> 
     </span>
    </p>
   </div>
   <div class='ocr_carea' id='block_1_6' title="bbox 122 2569 1703 2896">
    <p class='ocr_par' dir='ltr' id='par_1_16' title="bbox 122 2569 1703 2896">
     <span class='ocr_line' id='line_1_27' title="bbox 174 2569 1703 2618; baseline -0.002 -10"><span class='ocrx_word' id='word_1_247' title='bbox 174 2584 203 2608; x_wconf 89' lang='grc' dir='ltr'>Ι.</span> <span class='ocrx_word' id='word_1_248' title='bbox 230 2576 289 2608; x_wconf 89' lang='grc' dir='ltr'>τοῦ</span> <span class='ocrx_word' id='word_1_249' title='bbox 305 2573 421 2618; x_wconf 80' lang='grc' dir='ltr'>Ἀγίου</span> <span class='ocrx_word' id='word_1_250' title='bbox 439 2569 652 2616; x_wconf 78' lang='grc' dir='ltr'>Πνεύματος]</span> <span class='ocrx_word' id='word_1_251' title='bbox 672 2572 731 2613; x_wconf 85' lang='grc' dir='ltr'>τῆς</span> <span class='ocrx_word' id='word_1_252' title='bbox 746 2569 824 2615; x_wconf 83' lang='grc' dir='ltr'>παρ’</span> <span class='ocrx_word' id='word_1_253' title='bbox 843 2570 944 2604; x_wconf 77' lang='grc' dir='ltr'>αὐτοῦ</span> <span class='ocrx_word' id='word_1_254' title='bbox 960 2570 1098 2615; x_wconf 81' lang='grc' dir='ltr'>χάριτος</span> <span class='ocrx_word' id='word_1_255' title='bbox 1116 2569 1209 2604; x_wconf 84' lang='lat' dir='ltr'><strong>Edd.</strong></span> <span class='ocrx_word' id='word_1_256' title='bbox 1356 2582 1389 2612; x_wconf 86' lang='lat'>4.</span> <span class='ocrx_word' id='word_1_257' title='bbox 1415 2569 1510 2614; x_wconf 80' lang='grc' dir='ltr'>ἇμέτ.</span> <span class='ocrx_word' id='word_1_258' title='bbox 1528 2571 1703 2606; x_wconf 83' lang='grc' dir='ltr'>παντελῶς</span> 
     </span>
     <span class='ocr_line' id='line_1_28' title="bbox 122 2616 1701 2663; baseline -0.001 -9"><span class='ocrx_word' id='word_1_259' title='bbox 122 2619 190 2655; x_wconf 86' lang='lat' dir='ltr'>hoc</span> <span class='ocrx_word' id='word_1_260' title='bbox 206 2620 327 2654; x_wconf 86' lang='lat' dir='ltr'>ordine</span> <span class='ocrx_word' id='word_1_261' title='bbox 346 2621 388 2654; x_wconf 89' lang='lat' dir='ltr'>B.</span> <span class='ocrx_word' id='word_1_262' title='bbox 577 2627 610 2663; x_wconf 90' lang='lat'>5.</span> <span class='ocrx_word' id='word_1_263' title='bbox 638 2618 735 2652; x_wconf 87' lang='lat' dir='ltr'>Haec</span> <span class='ocrx_word' id='word_1_264' title='bbox 753 2619 770 2651; x_wconf 88' lang='grc' dir='ltr'>ὁ</span> <span class='ocrx_word' id='word_1_265' title='bbox 789 2619 991 2662; x_wconf 82' lang='grc' dir='ltr'>σοφώτατος</span> <span class='ocrx_word' id='word_1_266' title='bbox 1008 2623 1230 2651; x_wconf 83' lang='lat' dir='ltr'>accesserunt</span> <span class='ocrx_word' id='word_1_267' title='bbox 1246 2628 1288 2651; x_wconf 83' lang='lat' dir='ltr'>ex</span> <span class='ocrx_word' id='word_1_268' title='bbox 1306 2616 1350 2651; x_wconf 91' lang='grc' dir='ltr'>Β.</span> <span class='ocrx_word' id='word_1_269' title='bbox 1524 2618 1554 2650; x_wconf 87' lang='grc'>6.</span> <span class='ocrx_word' id='word_1_270' title='bbox 1583 2616 1701 2662; x_wconf 76' lang='grc' dir='ltr'>εὐαγγ.</span> 
     </span>
     <span class='ocr_line' id='line_1_29' title="bbox 123 2662 1702 2711; baseline -0.001 -10"><span class='ocrx_word' id='word_1_271' title='bbox 123 2669 184 2701; x_wconf 90' lang='grc' dir='ltr'>τοῦ</span> <span class='ocrx_word' id='word_1_272' title='bbox 201 2669 351 2711; x_wconf 86' lang='grc' dir='ltr'>Χριστοῦ</span> <span class='ocrx_word' id='word_1_273' title='bbox 367 2667 435 2700; x_wconf 83' lang='lat' dir='ltr'>hoc</span> <span class='ocrx_word' id='word_1_274' title='bbox 452 2665 573 2699; x_wconf 78' lang='lat' dir='ltr'>ordine</span> <span class='ocrx_word' id='word_1_275' title='bbox 592 2665 634 2698; x_wconf 87' lang='lat' dir='ltr'>B.</span> <span class='ocrx_word' id='word_1_276' title='bbox 787 2673 817 2709; x_wconf 83' lang='lat'>7.</span> <span class='ocrx_word' id='word_1_277' title='bbox 839 2662 922 2708; x_wconf 79' lang='grc' dir='ltr'>ἔφη]</span> <span class='ocrx_word' id='word_1_278' title='bbox 943 2664 1075 2708; x_wconf 74' lang='grc' dir='ltr'>ἔφασκε</span> <span class='ocrx_word' id='word_1_279' title='bbox 1093 2663 1151 2697; x_wconf 69' lang='lat' dir='ltr'>¹lid.</span> <span class='ocrx_word' id='word_1_280' title='bbox 1307 2664 1410 2698; x_wconf 82' lang='lat'><em>8-10.</em></span> <span class='ocrx_word' id='word_1_281' title='bbox 1433 2662 1702 2699; x_wconf 80' lang='grc' dir='ltr'>ἀδιάλείπτως-</span> 
     </span>
     <span class='ocr_line' id='line_1_30' title="bbox 124 2709 1700 2759; baseline -0.002 -12"><span class='ocrx_word' id='word_1_282' title='bbox 124 2713 335 2759; x_wconf 84' lang='grc' dir='ltr'>ἶσραηλῖται]</span> <span class='ocrx_word' id='word_1_283' title='bbox 354 2714 395 2746; x_wconf 91' lang='grc' dir='ltr'>τὰ</span> <span class='ocrx_word' id='word_1_284' title='bbox 412 2714 488 2757; x_wconf 80' lang='grc' dir='ltr'>ἑξῆς</span> <span class='ocrx_word' id='word_1_285' title='bbox 504 2711 564 2745; x_wconf 78' lang='lat' dir='ltr'><strong>iid.</strong></span> <span class='ocrx_word' id='word_1_286' title='bbox 846 2722 898 2744; x_wconf 88' lang='lat'>10.</span> <span class='ocrx_word' id='word_1_287' title='bbox 925 2709 1058 2756; x_wconf 85' lang='grc' dir='ltr'>ὥσπερ]</span> <span class='ocrx_word' id='word_1_288' title='bbox 1078 2710 1122 2745; x_wconf 84' lang='grc' dir='ltr'>ὡς</span> <span class='ocrx_word' id='word_1_289' title='bbox 1138 2709 1195 2744; x_wconf 78' lang='lat' dir='ltr'>iid.</span> <span class='ocrx_word' id='word_1_290' title='bbox 1418 2721 1471 2744; x_wconf 90' lang='grc' dir='ltr'>ΙΙ.</span> <span class='ocrx_word' id='word_1_291' title='bbox 1498 2709 1548 2756; x_wconf 83' lang='grc' dir='ltr'>ἐν]</span> <span class='ocrx_word' id='word_1_292' title='bbox 1568 2710 1622 2745; x_wconf 80' lang='grc' dir='ltr'>ἐπὶ</span> <span class='ocrx_word' id='word_1_293' title='bbox 1639 2710 1700 2745; x_wconf 83' lang='lat' dir='ltr'><strong>iid.</strong></span> 
     </span>
     <span class='ocr_line' id='line_1_31' title="bbox 127 2756 1700 2804; baseline -0.002 -10"><span class='ocrx_word' id='word_1_294' title='bbox 127 2771 181 2794; x_wconf 85' lang='lat'>12.</span> <span class='ocrx_word' id='word_1_295' title='bbox 208 2761 248 2793; x_wconf 86' lang='grc' dir='ltr'>Οἱ</span> <span class='ocrx_word' id='word_1_296' title='bbox 266 2766 487 2804; x_wconf 80' lang='lat' dir='ltr'><strong>assumptum</strong></span> <span class='ocrx_word' id='word_1_297' title='bbox 504 2770 546 2792; x_wconf 84' lang='lat' dir='ltr'>ex</span> <span class='ocrx_word' id='word_1_298' title='bbox 565 2758 606 2791; x_wconf 91' lang='lat' dir='ltr'>B.</span> <span class='ocrx_word' id='word_1_299' title='bbox 626 2757 746 2801; x_wconf 83' lang='lat' dir='ltr'>(Alex.</span> <span class='ocrx_word' id='word_1_300' title='bbox 765 2756 872 2801; x_wconf 89' lang='lat' dir='ltr'>XII.)</span> <span class='ocrx_word' id='word_1_301' title='bbox 892 2756 946 2791; x_wconf 89' lang='lat' dir='ltr'>Cf.</span> <span class='ocrx_word' id='word_1_302' title='bbox 968 2757 1073 2790; x_wconf 89' lang='lat' dir='ltr'>Hom.</span> <span class='ocrx_word' id='word_1_303' title='bbox 1095 2757 1218 2791; x_wconf 86' lang='lat' dir='ltr'><strong>Pasch.</strong></span> <span class='ocrx_word' id='word_1_304' title='bbox 1235 2757 1282 2791; x_wconf 89' lang='lat' dir='ltr'>vi.</span> <span class='ocrx_word' id='word_1_305' title='bbox 1301 2757 1345 2792; x_wconf 88' lang='lat'>88</span> <span class='ocrx_word' id='word_1_306' title='bbox 1363 2768 1393 2791; x_wconf 88' lang='lat' dir='ltr'>c.</span> <span class='ocrx_word' id='word_1_307' title='bbox 1597 2769 1650 2803; x_wconf 87' lang='lat'>13.</span> <span class='ocrx_word' id='word_1_308' title='bbox 1680 2757 1700 2801; x_wconf 91' lang='grc' dir='ltr'>ἡ</span> 
     </span>
     <span class='ocr_line' id='line_1_32' title="bbox 124 2803 1702 2849; baseline -0.001 -9"><span class='ocrx_word' id='word_1_309' title='bbox 124 2818 194 2840; x_wconf 88' lang='lat' dir='ltr'>om.</span> <span class='ocrx_word' id='word_1_310' title='bbox 212 2806 306 2840; x_wconf 84' lang='lat' dir='ltr'>Aub.</span> <span class='ocrx_word' id='word_1_311' title='bbox 469 2814 522 2848; x_wconf 88' lang='lat'>15.</span> <span class='ocrx_word' id='word_1_312' title='bbox 548 2803 796 2849; x_wconf 78' lang='grc' dir='ltr'>ἐξηράνθησαν]</span> <span class='ocrx_word' id='word_1_313' title='bbox 816 2803 978 2848; x_wconf 79' lang='grc' dir='ltr'>ἐξηράνθη</span> <span class='ocrx_word' id='word_1_314' title='bbox 999 2804 1034 2837; x_wconf 84' lang='lat' dir='ltr'>F.</span> <span class='ocrx_word' id='word_1_315' title='bbox 1054 2804 1126 2846; x_wconf 82' lang='lat'><strong>(42.</strong></span> <span class='ocrx_word' id='word_1_316' title='bbox 1144 2805 1203 2847; x_wconf 89' lang='lat' dir='ltr'>al.)</span> <span class='ocrx_word' id='word_1_317' title='bbox 1395 2815 1448 2849; x_wconf 88' lang='lat'>19.</span> <span class='ocrx_word' id='word_1_318' title='bbox 1476 2803 1573 2839; x_wconf 83' lang='lat' dir='ltr'>Haec</span> <span class='ocrx_word' id='word_1_319' title='bbox 1590 2804 1629 2847; x_wconf 87' lang='grc' dir='ltr'>δὴ</span> <span class='ocrx_word' id='word_1_320' title='bbox 1647 2805 1702 2839; x_wconf 84' lang='grc' dir='ltr'>καὶ</span> 
     </span>
     <span class='ocr_line' id='line_1_33' title="bbox 125 2850 1700 2896; baseline -0.001 -10"><span class='ocrx_word' id='word_1_321' title='bbox 125 2853 193 2887; x_wconf 84' lang='grc' dir='ltr'>ἐκτ.</span> <span class='ocrx_word' id='word_1_322' title='bbox 210 2854 330 2887; x_wconf 87' lang='grc' dir='ltr'>λοιπὸν</span> <span class='ocrx_word' id='word_1_323' title='bbox 346 2858 566 2887; x_wconf 83' lang='lat' dir='ltr'>accesserunt</span> <span class='ocrx_word' id='word_1_324' title='bbox 583 2863 624 2885; x_wconf 84' lang='lat' dir='ltr'>ex</span> <span class='ocrx_word' id='word_1_325' title='bbox 643 2851 685 2884; x_wconf 93' lang='lat' dir='ltr'>B.</span> <span class='ocrx_word' id='word_1_326' title='bbox 783 2861 837 2884; x_wconf 93' lang='lat'>20.</span> <span class='ocrx_word' id='word_1_327' title='bbox 857 2851 909 2884; x_wconf 88' lang='grc' dir='ltr'>καὶ</span> <span class='ocrx_word' id='word_1_328' title='bbox 926 2856 958 2884; x_wconf 86' lang='lat' dir='ltr'>et</span> <span class='ocrx_word' id='word_1_329' title='bbox 975 2851 1016 2884; x_wconf 87' lang='grc' dir='ltr'>τὰ</span> <span class='ocrx_word' id='word_1_330' title='bbox 1033 2856 1215 2896; x_wconf 83' lang='lat' dir='ltr'>assumpta</span> <span class='ocrx_word' id='word_1_331' title='bbox 1231 2862 1272 2884; x_wconf 86' lang='lat' dir='ltr'>ex</span> <span class='ocrx_word' id='word_1_332' title='bbox 1291 2850 1334 2885; x_wconf 92' lang='lat' dir='ltr'>B.</span> <span class='ocrx_word' id='word_1_333' title='bbox 1431 2861 1486 2896; x_wconf 88' lang='lat'>23.</span> <span class='ocrx_word' id='word_1_334' title='bbox 1505 2851 1593 2896; x_wconf 84' lang='grc' dir='ltr'>χαρὰ</span> <span class='ocrx_word' id='word_1_335' title='bbox 1604 2851 1700 2885; x_wconf 90' lang='lat' dir='ltr'><strong>Aub.</strong></span> 
     </span>
    </p>
   </div>
   <div class='ocr_carea' id='block_1_7' title="bbox 128 2895 1701 3038">
    <p class='ocr_par' dir='ltr' id='par_1_17' title="bbox 128 2895 1701 3038">
     <span class='ocr_line' id='line_1_34' title="bbox 128 2895 1700 2944; baseline -0.001 -10"><span class='ocrx_word' id='word_1_336' title='bbox 128 2900 254 2934; x_wconf 84' lang='lat' dir='ltr'>Statim</span> <span class='ocrx_word' id='word_1_337' title='bbox 277 2901 308 2933; x_wconf 85' lang='grc' dir='ltr'>οἱ</span> <span class='ocrx_word' id='word_1_338' title='bbox 334 2904 555 2944; x_wconf 85' lang='lat' dir='ltr'><strong>assumptum</strong></span> <span class='ocrx_word' id='word_1_339' title='bbox 582 2910 624 2932; x_wconf 81' lang='lat' dir='ltr'>ex</span> <span class='ocrx_word' id='word_1_340' title='bbox 652 2897 694 2931; x_wconf 89' lang='grc' dir='ltr'>Β.</span> <span class='ocrx_word' id='word_1_341' title='bbox 718 2896 753 2931; x_wconf 89' lang='lat' dir='ltr'>b.</span> <span class='ocrx_word' id='word_1_342' title='bbox 818 2898 856 2931; x_wconf 85' lang='grc' dir='ltr'>τὸ</span> <span class='ocrx_word' id='word_1_343' title='bbox 886 2897 921 2931; x_wconf 79' lang='grc' dir='ltr'>δὲ</span> <span class='ocrx_word' id='word_1_344' title='bbox 947 2895 1031 2942; x_wconf 81' lang='grc' dir='ltr'>ᾕσχ.</span> <span class='ocrx_word' id='word_1_345' title='bbox 1058 2898 1167 2942; x_wconf 84' lang='grc' dir='ltr'>χαρὰν</span> <span class='ocrx_word' id='word_1_346' title='bbox 1195 2897 1268 2931; x_wconf 81' lang='grc' dir='ltr'>ἀντὶ</span> <span class='ocrx_word' id='word_1_347' title='bbox 1296 2896 1372 2943; x_wconf 81' lang='grc' dir='ltr'>τοῦ]</span> <span class='ocrx_word' id='word_1_348' title='bbox 1403 2912 1578 2932; x_wconf 85' lang='grc' dir='ltr'>τουτεστιν</span> <span class='ocrx_word' id='word_1_349' title='bbox 1607 2897 1700 2933; x_wconf 87' lang='lat' dir='ltr'><strong>Edd.</strong></span> 
     </span>
     <span class='ocr_line' id='line_1_35' title="bbox 129 2943 1701 2989; baseline -0.001 -8"><span class='ocrx_word' id='word_1_350' title='bbox 129 2957 184 2989; x_wconf 85' lang='lat'>25.</span> <span class='ocrx_word' id='word_1_351' title='bbox 210 2950 276 2981; x_wconf 82' lang='grc' dir='ltr'>τῶν</span> <span class='ocrx_word' id='word_1_352' title='bbox 292 2946 338 2981; x_wconf 86' lang='grc' dir='ltr'>εἷς</span> <span class='ocrx_word' id='word_1_353' title='bbox 353 2947 469 2981; x_wconf 86' lang='grc' dir='ltr'>ποινάς</span> <span class='ocrx_word' id='word_1_354' title='bbox 487 2960 523 2979; x_wconf 84' lang='grc' dir='ltr'>τε</span> <span class='ocrx_word' id='word_1_355' title='bbox 548 2945 601 2979; x_wconf 79' lang='grc' dir='ltr'>καὶ</span> <span class='ocrx_word' id='word_1_356' title='bbox 624 2944 716 2987; x_wconf 85' lang='grc' dir='ltr'>δίκην</span> <span class='ocrx_word' id='word_1_357' title='bbox 735 2943 844 2989; x_wconf 81' lang='grc' dir='ltr'>[δίκας</span> <span class='ocrx_word' id='word_1_358' title='bbox 860 2943 913 2989; x_wconf 91' lang='lat' dir='ltr'>b.]</span> <span class='ocrx_word' id='word_1_359' title='bbox 935 2944 977 2978; x_wconf 84' lang='grc' dir='ltr'>Β.</span> <span class='ocrx_word' id='word_1_360' title='bbox 992 2944 1026 2977; x_wconf 93' lang='lat' dir='ltr'>b.</span> <span class='ocrx_word' id='word_1_361' title='bbox 1044 2945 1160 2987; x_wconf 85' lang='grc' dir='ltr'>ποινῆς</span> <span class='ocrx_word' id='word_1_362' title='bbox 1184 2959 1220 2978; x_wconf 87' lang='grc' dir='ltr'>τε</span> <span class='ocrx_word' id='word_1_363' title='bbox 1245 2945 1298 2979; x_wconf 79' lang='grc' dir='ltr'>καὶ</span> <span class='ocrx_word' id='word_1_364' title='bbox 1323 2945 1414 2989; x_wconf 82' lang='grc' dir='ltr'>δίκης</span> <span class='ocrx_word' id='word_1_365' title='bbox 1432 2944 1524 2980; x_wconf 81' lang='lat' dir='ltr'><strong>Edd.</strong></span> <span class='ocrx_word' id='word_1_366' title='bbox 1575 2945 1701 2980; x_wconf 82' lang='lat' dir='ltr'><strong>Statim</strong></span> 
     </span>
     <span class='ocr_line' id='line_1_36' title="bbox 128 2990 1219 3038; baseline -0.002 -10"><span class='ocrx_word' id='word_1_367' title='bbox 128 2995 186 3028; x_wconf 82' lang='grc' dir='ltr'>τὸν</span> <span class='ocrx_word' id='word_1_368' title='bbox 202 2999 421 3038; x_wconf 84' lang='lat' dir='ltr'><strong>assumptum</strong></span> <span class='ocrx_word' id='word_1_369' title='bbox 439 3004 481 3027; x_wconf 83' lang='lat' dir='ltr'>ex</span> <span class='ocrx_word' id='word_1_370' title='bbox 497 2992 532 3027; x_wconf 92' lang='lat' dir='ltr'>b.</span> <span class='ocrx_word' id='word_1_371' title='bbox 582 2992 695 3036; x_wconf 84' lang='grc' dir='ltr'>καιρὸν</span> <span class='ocrx_word' id='word_1_372' title='bbox 711 2990 889 3035; x_wconf 78' lang='grc' dir='ltr'>ἀπέδειξαν</span> <span class='ocrx_word' id='word_1_373' title='bbox 905 2991 971 3025; x_wconf 86' lang='lat' dir='ltr'>hoc</span> <span class='ocrx_word' id='word_1_374' title='bbox 988 2990 1108 3026; x_wconf 84' lang='lat' dir='ltr'>ordine</span> <span class='ocrx_word' id='word_1_375' title='bbox 1128 2991 1169 3026; x_wconf 89' lang='lat' dir='ltr'>B.</span> <span class='ocrx_word' id='word_1_376' title='bbox 1184 2991 1219 3026; x_wconf 90' lang='lat' dir='ltr'>b.</span> 
     </span>
    </p>
   </div>
  </div>
 </body>
</html>
