2021 3434
140 211 182 251 ii.
210 225 245 263 1,
266 226 302 255 2.
542 215 613 256 IN
654 215 1041 256 MICHAEAM.
1102 213 1255 254 TOM.
1288 211 1324 252 I.
1630 209 1710 248 625

137 338 361 386 ’ΞΓὲνοντο
408 344 664 399 λοι-ιζόμενοι
711 343 868 384 κόπους
929 342 998 383 καὶ
1052 341 1322 397 ὲρΓαζόμενοι
1371 338 1478 378 κακὰ
1526 337 1571 377 ὲν
1623 332 1711 376 ταῖς
1735 340 1832 388 Κεφ,
1848 335 1905 387 β’.

209 422 368 465 κοίταις
406 425 559 476 αὐτῶν,
592 425 659 466 καὶ
696 427 782 474 ἅμα
816 429 866 483 τῷ
903 426 1040 482 ἡμέρᾳ
1076 425 1325 466 συνετέλουν
1357 420 1477 472 αὐτὰ,
1503 419 1610 462 διότι
1636 419 1752 460 οὐκο

208 502 314 563 ἦραν
340 508 446 564 Πρὸς
477 509 550 551 τὸν
586 508 694 550 Θεὸν
724 509 800 550 τὰς
826 506 968 565 χεῖρας
994 507 1147 548 αὐτῶν·
1194 505 1256 547 καὶ
1283 505 1519 552 ἐπεθύμουν
1545 502 1712 559 (ἂι-ρους,
1735 514 1753 538 2

211 590 278 630 καί
309 590 534 649 διήρπαζον
567 592 797 649 ὀρφανοὺς,
826 593 894 633 καὶ
931 588 1075 632 οἴκους
1102 589 1475 637 κατεὸυνάστευον,
1506 586 1572 627 καὶ
1598 585 1715 641 {map-

102 676 124 714 5
209 688 337 731 Παςον
368 674 502 732 ἄνδρα
541 676 608 717 καὶ
639 676 713 717 τὸν
740 671 857 717 οἶκον
892 675 1032 726 αὐτοῦ,
1058 674 1192 731 ἄνδρα
1226 672 1293 713 καὶ
1323 671 1400 713 τὴν
1428 668 1713 726 κλΗρονομίοιν

210 757 347 798 αὐτοῦ.

209 875 330 926 ι”Οτε
363 875 566 941 μακροὺς
599 879 703 942 περὶ
737 880 819 940 τῆς
852 881 989 927 τινῶν
1014 876 1234 941 τιμωρίας
1267 877 1462 926 ποιεῖται
1491 869 1663 935 λόγους
1690 870 1757 919 ὁᾸσ

144 962 237 1007 τῶν
268 956 393 1008 ὅλων
426 957 559 1021 Θεὸς,
585 959 659 1010 ἵνα
684 958 748 1022 μή
774 982 843 1012 τις
868 956 980 1009 εἶναι
1013 958 1246 1024 νομίζηται
1276 953 1487 1020 σκληρὸς
1513 951 1541 1017 ἦ
1567 951 1716 1017 βαρύ-

143 1062 289 1102 μηνις,
310 1041 481 1094 δίκαιος
508 1040 555 1092 δὲ
579 1046 766 1101 μᾶλλον
792 1039 964 1106 Κριτὴς
991 1038 1108 1090 κατὰ
1134 1038 1192 1090 τὰ
1218 1037 1419 1088 ἑκάστου
1441 1035 1717 1096 πταίσματα

19 1156 22 1164 ·
78 1137 126 1162 10
144 1121 438 1173 ταλαντεύων
468 1123 630 1190 ὀρθῶς,
667 1125 742 1174 καὶ
776 1128 870 1176 τοῖς
908 1127 1276 1186 πλημμελοῦσιν
1314 1115 1560 1170 ἀποδιδοὺς
1600 1115 1718 1166 κατὰ

143 1203 201 1254 τὰ
235 1204 349 1270 ἔργα
386 1206 552 1269 αὐτῶν,
585 1205 901 1270 παρατίθησιν
940 1203 1072 1258 εὐθὺς
1109 1202 1168 1253 τὰ
1204 1201 1490 1269 ἐγκλήματα,
1524 1201 1598 1249 καὶ
1637 1200 1718 1261 τῆς

143 1286 361 1347 ἀσεβείας
412 1288 563 1337 αὐτῶν
612 1289 878 1353 ἀπογυμνοῖ
921 1285 976 1337 τὸ
1024 1284 1232 1350 μέγεθος·
1290 1281 1517 1350 γεγόνασι
1564 1279 1718 1331 τοίνυν

144 1370 266 1437 φησὶ
299 1371 493 1434 πονηροὶ
530 1369 636 1423 τοὺς
669 1370 868 1435 τρόπους
907 1370 982 1419 καὶ
1020 1373 1081 1421 εὶς
1119 1372 1256 1418 τοῦτο
1288 1364 1566 1428 σκαιότητος
1600 1364 1712 1429 ἀφι-

142 1451 302 1515 γμένοι
344 1451 512 1502 λοιπὸν
561 1455 622 1505 ὡς
668 1451 980 1511 βουλεύεσθαι
1023 1449 1106 1514 μὲν
1150 1451 1198 1500 ἐν
1241 1450 1369 1500 νυκτὶ
1412 1449 1486 1498 καὶ
1532 1447 1718 1512 σχολῆς

79 1549 124 1586 15
144 1533 280 1599 ἔργον
317 1538 551 1585 ποιεῖσθαι
601 1534 775 1597 κόπους,
822 1534 1035 1584 τουτέστι
1085 1531 1168 1585 τὰς
1218 1531 1340 1582 κατοί
1373 1552 1511 1580 τινων
1558 1539 1754 1579 συνῆ-ἰ

144 1614 268 1666 θέναι
293 1615 562 1681 συντριβὰς,
588 1618 662 1667 καὶ
688 1615 961 1687 ἐργάζεσθαι
991 1613 1133 1675 now-20,
1160 1613 1374 1664 τουτέστι
1399 1611 1545 1663 πάλιν
1570 1611 1717 1663 αἰτίας

145 1697 434 1749 σκέπτεσθαι
470 1704 683 1764 πληροῦν
732 1700 807 1748 καὶ
851 1697 1080 1748 δύνασθαι
1130 1700 1300 1746 κακοῦν
1338 1693 1443 1747 τοὺς
1487 1694 1716 1744 ἀσθενεσ-

145 1779 319 1845 τερους.
386 1779 484 1831 εἶτα
524 1781 626 1831 δέον
676 1780 1104 1842 μεταβουλεύεσθαι
1146 1781 1220 1828 καὶ
1260 1780 1375 1844 δρᾶν
1419 1775 1611 1827 ἑλέσθαι
1662 1775 1718 1826 τὸ

146 1862 346 1926 ἄμεινον,
390 1863 551 1914 οὐδένα
600 1868 700 1917 ταῖς
748 1863 922 1914 ἑαυτῶν
965 1862 1201 1930 σκέψεσιν
1244 1858 1492 1911 ἐνδιδόντες
1543 1856 1716 1923 καιρὸν,

79 1962 129 1987 20
147 1944 252 2013 οἶμαι
280 1947 330 2017 τῇ
360 1946 417 1996 ἕω
443 1944 561 2011 πρὸς
594 1946 737 2012 πέρας
764 1943 880 2010 ἦγον
910 1943 963 1995 τὸ
991 1948 1169 2005 δοκοῦν,
1196 1943 1341 1993 καίτοι
1364 1941 1466 1992 δεόν
1489 1941 1718 1990 ἀνατεῖναι

146 2032 336 2092 μᾶλλον
373 2027 456 2083 τοὶς
497 2031 648 2096 χεῖρας
692 2028 797 2097 πρὶς
837 2026 955 2089 Θεέν,
995 2029 1055 2079 ὡς
1099 2027 1288 2088 ἑωθινῆς
1327 2024 1492 2076 θυσίας
1537 2023 1713 2091 ἀναφε-

145 2111 341 2177 ρομένης
375 2110 493 2161 κατὰ
527 2110 608 2161 τὸν
643 2109 798 2171 νόμον.
866 2108 988 2174 ἦσαν
1023 2108 1070 2158 δὲ
1104 2109 1256 2160 αὐτοῖς
1295 2108 1388 2157 ἐκεῖ
1419 2103 1478 2155 τὰ
1511 2105 1558 2154 ἐν
1591 2107 1718 2154 νυκτὶ

147 2191 446 2254 βουλεύματα
490 2194 565 2243 καὶ
608 2193 635 2256 ἡ
680 2192 888 2259 σχολαία
938 2190 1198 2257 διάσκεψις,
1244 2190 1402 2255 ἀγρῶν
1451 2187 1763 2252 ἀλλοτρίωνᾶ

148 2275 392 2338 ἐπιθυμίαι,
423 2274 559 2325 οἴκων
598 2277 868 2339 ἀνατροπαὶ,
910 2270 1282 2323 καταδυναστεῖαι
1326 2271 1400 2320 καὶ
1436 2269 1718 2338 πλεονεξίαι,

81 2373 128 2411 25
149 2354 290 2428 ἀνδρός
323 2380 371 2408 τε
407 2360 481 2407 καὶ
525 2360 685 2426 κλήρου
720 2353 983 2422 ὃιοιρπαγαί.
1045 2354 1260 2421 ταύτῃτοι
1299 2352 1482 2405 δικαίως
1521 2350 1716 2420 ἐξεπέμ-

200 2521 226 2544 Ι.
254 2508 423 2555 ἐγένοντο]
447 2514 483 2550 -ὶ-
505 2509 539 2543 δέ
558 2509 601 2543 Α.
723 2518 753 2541 2.
777 2507 885 2541 αὐτῶν
903 2505 997 2540 deest
1014 2506 1050 2539 in
1068 2506 1111 2539 A.
1247 2515 1279 2548 3.
1302 2503 1425 2548 Κύριον
1442 2515 1504 2549 pro
1523 2505 1608 2538 Θεὸν
1627 2503 1718 2539 Edd.

151 2557 248 2601 (Co.)
266 2557 311 2591 cf.
329 2557 419 2590 infra
436 2568 502 2600 409
519 2556 554 2590 b.
574 2556 658 2590 Θεὸν
674 2555 765 2589 infra
782 2560 815 2588 et
833 2553 898 2598 607
914 2553 948 2586 b.
970 2552 1076 2587 Hom.
1097 2551 1221 2586 Pasch.
1243 2562 1298 2594 24,
1318 2563 1383 2597 299
1401 2551 1437 2585 b.
1564 2562 1597 2595 5.
1615 2552 1720 2596 ἄνδρα

149 2603 262 2649 prius]
282 2604 340 2638 τὸν
355 2604 458 2648 ἄνδρα
477 2603 514 2637 F.
534 2602 624 2637 Edd.
643 2602 719 2647 (68,
738 2612 792 2646 91,
812 2611 867 2645 97,
889 2599 987 2644 228.)
1160 2610 1193 2644 9.
1213 2598 1336 2643 Κριτὴς
1353 2596 1451 2642 κατὰ]
1471 2597 1583 2641 κριτὴς
1599 2599 1652 2632 καὶ
1671 2599 1717 2633 D.

154 2662 206 2685 10.
226 2652 473 2694 πλημμελῶσιν
489 2650 533 2684 Α.
648 2660 699 2683 12.
723 2645 897 2692 ἀσεβείας]
917 2646 1075 2691 πονηρίας
1093 2645 1138 2679 D.
1253 2656 1305 2688 14.
1326 2647 1437 2690 λόγων
1454 2656 1516 2689 pro
1533 2646 1654 2679 λοιπὸν
1671 2645 1718 2679 D.

150 2698 186 2731 ἐν
201 2709 272 2731 om.
293 2697 339 2731 D.
507 2706 558 2741 15.
580 2697 702 2732 κόπους
717 2694 888 2729 ποιεῖσθαι
905 2694 1043 2727 inverso
1058 2691 1179 2726 ordine
1197 2692 1243 2726 D.
1435 2691 1488 2724 16.
1513 2691 1719 2726 αἰτίας-καὶ

150 2743 313 2778 δύνασθαι
330 2744 373 2777 Α.
392 2743 498 2777 ἐκεῖνα
516 2758 572 2777 σκ.
589 2745 740 2787 πληροῦν
755 2740 775 2775 ἃ
794 2742 846 2774 καὶ
864 2739 998 2774 δύναται
1017 2740 1062 2773 D.
1300 2739 1352 2772 18.
1376 2739 1414 2772 τὸ
1432 2738 1564 2781 ἄμεινον
1580 2738 1719 2773 ἑλέσθαι

151 2791 234 2834 δρᾶν
249 2791 385 2825 inverso
402 2790 522 2825 ordine
540 2790 587 2824 D.
695 2800 748 2832 19.
769 2788 881 2831 καιρὸν
898 2787 1079 2821 ἐνδιδόντες
1095 2785 1231 2819 inverso
1249 2784 1369 2819 ordine
1388 2785 1433 2819 D.
1530 2795 1584 2818 20.
1608 2784 1653 2818 ἕω
1671 2785 1717 2819 D.

151 2839 227 2882 ἑξῆς
244 2837 288 2871 Α.
650 2847 705 2870 21.
727 2837 786 2869 τὰς
801 2836 916 2879 χεῖρας
932 2835 1063 2875 μᾶλλον
1079 2832 1216 2866 inverso
1233 2831 1307 2866 ord.
1326 2832 1370 2865 A.
1417 2830 1519 2876 πρὸς]
1541 2835 1578 2872 -Ι-
1598 2832 1656 2866 τὸν
1672 2832 1716 2866 Α.

152 2895 207 2918 22.
225 2882 328 2929 ἦσαν]
350 2883 449 2920 Quae
470 2883 693 2927 praecedunt,
713 2881 838 2916 desunt
854 2881 890 2914 in
909 2880 950 2914 B.
967 2881 1092 2913 lacuna
1107 2879 1213 2913 unius
1231 2885 1264 2912 et
1281 2877 1414 2912 dimidii
1431 2889 1550 2912 versus
1568 2885 1718 2922 patente.

150 2933 216 2976 γὰρ
233 2942 296 2975 pro
313 2930 348 2964 δέ
368 2930 414 2964 D.
463 2931 528 2964 ἐκεῖ
544 2935 764 2974 assumptum
782 2940 822 2962 ex
840 2927 883 2961 A.
1128 2937 1181 2970 ²3·
1207 2924 1225 2967 ἡ
1243 2937 1312 2959 om.
1333 2926 1376 2959 A.
1426 2925 1558 2969 σχολεὰ
1575 2926 1655 2969 (sic)
1672 2926 1717 2960 A.

153 2989 208 3020 24·
230 2977 387 3020 ἐπιθυμία
403 2977 446 3011 Α.
496 2978 549 3011 καὶ
565 2989 634 3012 om.
654 2977 700 3010 D.
874 2983 929 3019 25.
952 2971 1083 3018 κλήρων
1101 2972 1165 3017 (sic
1182 2979 1373 3006 correctum
1393 2983 1497 3006 manu
1515 2971 1650 3018 eadem)
1669 2972 1717 3008 D.

152 3024 276 3059 Statim
294 3023 460 3070 διαρπαγή
478 3025 521 3059 Α.

209 3091 301 3119 vm..
326 3092 355 3119 1.
910 3089 939 3127 4
959 3088 981 3115 L
