2021 3434
306 212 390 250 554
688 214 737 253 B.
781 213 1059 254 CYRILLI
1110 215 1491 258 ALEXANDR.
1730 223 1878 268 15—17.

377 321 733 386 Ἀπαριθμεῖται
772 321 830 385 δὴ
867 320 1014 374 πάλιν
1052 322 1110 374 τὰ
1155 328 1249 375 τῶν
1286 324 1557 388 Ἰδουμαίων
1591 324 1878 390 ἐγκλήματα,

303 400 542 467 σκληροὺς
580 405 655 453 καὶ
693 405 1109 472 ἀφιλοικτίρμονας
1129 402 1132 410 “
1152 405 1404 471 γεγονότας
1439 406 1669 457 δεικνύων.
1735 407 1879 472 ἐσχη-

302 483 526 544 μάτισται
565 484 613 536 δὲ
652 487 677 536 ὁ
717 485 875 552 λόγος,
916 489 1050 538 οἱονεὶ
1084 487 1421 552 πληττομένοις
1446 511 1495 538 τε
1526 489 1614 553 ἤδη
1645 489 1720 538 καὶ
1754 491 1872 538 αἰκι-

302 563 517 630 ζομένοις,
544 569 890 636 ἐπιφωνοῦντος
922 572 1046 620 Θεοῦ
1084 571 1159 620 καὶ
1196 569 1280 620 τὸν
1318 573 1399 633 τῆς
1439 571 1667 635 ἁμαρτίας
1704 569 1879 636 τρόπον

262 648 700 715 Οκατονειδίζοντος.
761 649 814 701 τὸ
857 650 905 702 δὲ
946 647 1104 702 ἐπιδεῖν
1145 653 1248 702 ἐστι
1292 650 1346 702 τὸ
1387 651 1670 718 ἐπιγελᾶσαί
1711 674 1758 702 τε
1804 653 1876 702 καὶ
1897 671 1918 708 5

300 729 566 796 ἐφησθῆναι
603 731 862 795 κάμνουσιν
896 729 1132 801 ἀδελφοῖς,
1161 735 1235 784 καὶ
1274 733 1498 798 θυμηδίας
1536 732 1757 801 ἀφορμὴν
1794 732 1878 788 τὰς

299 815 392 862 τῶν
418 813 584 879 ἑτέρων
613 819 849 866 ποιεῖσθαι
883 814 1148 883 συμφορὰς,
1176 815 1323 866 καίτοι
1361 818 1442 879 τῆς
1481 817 1604 870 θείας
1642 815 1877 881 λεγούσης

298 898 500 964 γραφῆς,
526 894 592 960 μὴ
631 899 723 947 δεῖν
756 896 880 951 ὅλως
917 899 1171 960 ἐπιμειδιᾶν
1197 903 1291 951 τοῖς
1330 897 1599 962 κάμνουσιν.
1639 900 1686 949 ἐν
1718 896 1766 949 δὲ
1801 900 1876 950 καὶ

297 980 363 1045 τῷ
396 976 457 1045 μὴ
490 978 704 1053 ἐπιχειρῇς
736 981 810 1030 καὶ
841 984 936 1033 τοῖς
967 984 1162 1042 λοιποῖς,
1198 981 1523 1047 ἁπαριθμεῖται
1556 979 1612 1044 δὴ
1645 979 1792 1032 πάλιν
1817 979 1876 1031 τὰ

296 1063 378 1108 τοῦ
403 1059 667 1123 Ἰδουμαίου
700 1062 988 1126 ἐγκλήματα,
1015 1062 1231 1129 σκληρὸν
1262 1065 1337 1113 καὶ
1375 1063 1767 1131 ἀφιλοικτίρμονα
1792 1085 1868 1128 γε·

295 1140 467 1204 γονότα
498 1142 728 1206 δεικνύων,
756 1145 831 1194 καὶ
863 1149 1000 1195 τοῦτο
1032 1148 1092 1198 εἰς
1118 1145 1368 1213 ἀδελφούς.
1411 1143 1475 1209 μὴ
1514 1144 1607 1211 γὰρ
1634 1144 1691 1209 δή
1725 1149 1875 1214 φησιν

295 1222 343 1272 ἐν
379 1222 469 1292 ἴσῳ
507 1229 602 1278 τοῖς
632 1224 910 1292 Ἀσσυρίοις
945 1227 1057 1278 εἵσω
1095 1229 1169 1277 καὶ
1209 1226 1347 1282 αὐτὸς
1387 1229 1572 1294 ἐπείγου
1611 1231 1789 1290 πυλῶν,
1821 1229 1874 1278 οὐ

74 1323 162 1357 360
179 1324 227 1357 A.
256 1334 277 1357 a
295 1309 425 1371 χεῖρα
457 1305 543 1369 τὴν
568 1308 900 1370 ἐπαμύνουσαν
926 1309 1170 1376 εἰσφέρων,
1199 1312 1260 1364 ὡς
1291 1312 1528 1378 ἀδελφοῖς,
1554 1309 1874 1378 καταδῃώσων

295 1385 342 1437 δὲ
367 1392 568 1450 μᾶλλον.
609 1391 684 1440 καὶ
709 1389 771 1459 μὴ
811 1388 963 1464 ἐπίὸῃς
1002 1391 1260 1458 συναγωγῆν
1286 1392 1462 1445 ἀθλίως
1486 1391 1868 1457 ὀλοθρευομένην·

292 1467 408 1533 μήτε
438 1469 531 1533 μὴν
563 1472 872 1541 ἐπιφορτίσῃς
905 1478 1001 1526 τοῖς
1032 1473 1160 1540 παρὰ
1199 1480 1290 1524 σοῦ
1329 1474 1522 1542 σφόδρα
1559 1473 1871 1541 κατηχθισμέ-

293 1570 403 1604 νοις·
447 1552 562 1616 μήτε
601 1552 693 1618 μὴν
717 1559 812 1609 τοῖς
851 1554 1111 1624 φεύγουσιν
1149 1556 1232 1607 ἔσο
1270 1554 1415 1621 πάγη,
1441 1560 1595 1623 τηρῶν
1631 1555 1714 1610 τὰς
1753 1559 1870 1607 διεκ-

290 1632 444 1693 βολὰς
484 1637 558 1685 καὶ
600 1635 805 1704 βρόχους
846 1636 994 1699 ἱστὰς,
1039 1640 1100 1691 ὡς
1144 1636 1202 1688 ἂν
1245 1639 1403 1702 μηδεὶς
1443 1637 1750 1704 ἀνασώζοιτο
1770 1643 1870 1691 ταῖς

292 1720 401 1769 σαῖς
425 1716 618 1771 ἐναλοὺς
645 1719 1052 1787 ἀφιλοστοργίαις,
1081 1717 1166 1770 κᾶν
1199 1724 1236 1771 εἷ
1272 1719 1326 1771 τὸ
1361 1725 1454 1770 τῶν
1490 1723 1733 1784 δυσμενῶν
1771 1722 1864 1770 δια-

293 1797 446 1866 δράμῃ
473 1800 626 1869 ξίφος.
654 1804 871 1869 πανταχῆ
899 1802 946 1853 δὲ
974 1804 998 1852 ὁ
1024 1802 1166 1868 λόγος
1199 1805 1281 1866 τῆς
1308 1803 1581 1866 Ἰδουμαίων
1612 1805 1862 1868 ἀπανθρω-

290 1880 399 1935 πίας
442 1888 702 1950 κατηγορεῖ,
747 1884 822 1935 ἵνα
862 1883 918 1948 δὴ
958 1884 1105 1936 πάλιν
1149 1884 1283 1936 ὅσιόν
1333 1908 1380 1935 τε
1427 1888 1501 1936 καὶ
1551 1886 1867 1950 ἀνεπίληπτον

245 1967 271 2007 b
292 1964 479 2027 ἀληθῶς
521 1964 575 2015 τὸ
618 1970 739 2017 θεῖον
781 1967 928 2036 ὁρῷτο
969 1972 1129 2033 κρῖμα,
1175 1966 1498 2032 κολαζομένων
1541 1970 1588 2019 ἐν
1629 1968 1730 2035 δίκῃ
1773 1972 1867 2019 τῶν

289 2047 436 2096 ἐκεῖνα
473 2047 957 2112 πεπλημμεληκότων.

223 2224 267 2260 15
289 2204 405 2247 Διότι
431 2206 550 2254 &sl-Oc
585 2208 607 2248 ἐι
646 2208 781 2263 ἡμέρα
807 2212 881 2249 τοῦ
912 2208 1059 2265 Κυρίου
1091 2209 1159 2250 ἐπὶ
1193 2210 1331 2249 πάντα
1370 2209 1419 2250 τὰ
1457 2210 1568 2250 ἕΘνΗ·
1619 2209 1665 2251 ὃν
1704 2210 1862 2265 τρόπον

354 2288 571 2341 ἐποίΗσοιε,
599 2293 736 2333 οὕτως
772 2292 890 2333 ἔσται
928 2307 1003 2333 σοι·
1054 2292 1101 2333 τὸ
1140 2291 1417 2340 ἀνταπόδομά
1456 2307 1529 2334 σου
1568 2292 1863 2334 ἀνταποδοθή-

222 2371 266 2406 16
354 2373 472 2414 οεταί
506 2389 571 2415 σοι
605 2372 664 2415 εἰς
701 2376 893 2430 κεφαλήν
920 2390 1005 2416 σου.
1057 2375 1162 2418 διότι
1191 2376 1238 2417 ὃν
1265 2376 1422 2433 τρόπον
1449 2376 1565 2418 ἔπιες
1591 2376 1661 2418 ἐπὶ
1686 2376 1734 2418 τὸ
1759 2376 1860 2434 ὄρος

351 2456 400 2498 τὸ
431 2458 549 2503 ἅΓιόν
575 2473 668 2509 μου,
694 2458 861 2500 πίοντοιι
888 2459 1024 2500 πάντα
1062 2460 1113 2501 τὰ
1148 2460 1246 2501 ἔθνει
1274 2455 1402 2511 οἶνον,
1428 2460 1596 2501 πίονται
1631 2460 1698 2500 καὶ
1733 2475 1862 2501 κατα-

220 2554 263 2591 117
356 2541 568 2592 βύσοντοιι,
596 2541 663 2582 καὶ
697 2542 866 2583 ἔσονται
905 2542 1047 2584 καθὼς
1084 2543 1157 2599 οὐχ
1194 2544 1465 2600 ὑπάρχοντες·
1510 2543 1553 2584 ἐν
1592 2542 1637 2584 δὲ
1675 2547 1736 2597 τῷ
1767 2543 1858 2600 ὄρει

245 2646 265 2669 ρ
353 2622 466 2664 Σιὼν
495 2624 613 2666 ἔσται
641 2626 663 2666 ιί
692 2625 895 2682 οωτΗρία,
924 2626 991 2667 καὶ
1017 2626 1134 2668 ἔσται
1161 2628 1290 2673 ἅΓιον.

335 2747 363 2768 1.
389 2735 599 2783 Ἰδουμαίων]
618 2737 788 2772 Ἰουδαίων
807 2738 897 2773 Edd.
1081 2748 1113 2784 5.
1140 2754 1174 2774 τε
1193 2751 1262 2773 om.
1282 2739 1323 2774 B.
1508 2740 1539 2772 ὅ.
1566 2739 1619 2773 καὶ
1636 2745 1857 2784 assumptum

284 2793 323 2814 ex
343 2782 384 2816 B.
528 2797 561 2830 9.
587 2784 657 2830 και]
678 2785 713 2819 δὲ
732 2785 824 2819 Edd.
843 2786 878 2819 δέ
896 2786 949 2820 καὶ
964 2785 1096 2831 Migne.
1145 2786 1326 2831 ἀπαριθμεῖ
1343 2785 1400 2819 iid.
1547 2797 1599 2828 14.
1626 2787 1679 2820 καὶ
1696 2798 1856 2832 assump-

283 2833 357 2862 tum
376 2841 416 2863 ex
436 2830 477 2865 Β.
624 2841 676 2874 15.
702 2831 809 2877 παρὰ]
828 2833 894 2877 πρὸ
912 2832 1004 2867 Edd.
1053 2832 1313 2878 κατηχθημένοις
1329 2832 1387 2866 iid.
1533 2832 1586 2867 16.
1616 2833 1779 2874 διαβολὰς
1794 2833 1855 2869 iid.

288 2876 338 2907 18
365 2876 545 2923 διηδράμῃ]
565 2879 730 2923 διαδράσῃ
747 2879 808 2913 iid.
975 2890 1031 2914 21.
1058 2879 1192 2923 ἀληθῶς
1208 2879 1351 2914 accessit
1368 2891 1408 2913 ex
1429 2878 1470 2913 B.
1633 2891 1687 2925 23.
1716 2879 1733 2923 ἡ
1751 2879 1855 2925 ἡμέρα

282 2923 341 2953 τοῦ
360 2921 400 2955 Β.
407 2923 442 2956 F.
462 2925 575 2966 (Alex.
582 2925 628 2968 )‘
614 2927 719 2970 ημέρα
737 2925 827 2960 Edd.
847 2926 942 2969 (Vat.
948 2926 960 2969 )
981 2926 1049 2971 [ἡ’
1035 2925 1140 2971 ημέρα
1157 2926 1194 2970 κ]
1357 2936 1411 2970 23.
1439 2941 1496 2960 σοι
1513 2934 1733 2972 assumptum
1751 2938 1791 2960 ex
1812 2927 1853 2961 B.

282 2966 320 3009 (2
328 2978 344 3000 2
363 2968 427 3012 al.)
446 2971 490 3004 cf.
509 2971 544 3004 in
563 2972 623 3006 Es
642 2973 707 3018 635
727 2985 757 3006 a.
808 2973 968 3007 Statim'
951 2975 1003 3007 επὶ
1025 2985 1087 3017 plo
1104 2973 1150 3009 εἷς
1169 2973 1205 3007 F.
1226 2972 1315 3008 Edd.
1336 2972 1412 3018 (68.
1431 2972 1494 3018 al.)
1674 2972 1729 3008 26.
1756 2987 1853 3008 κατα-

279 3012 460 3061 βησονται]
479 3017 705 3062 ἀναβήσονται
725 3019 766 3054 Β.
786 3020 857 3065 (22.
878 3021 919 3054 al.
925 3022 937 3064 )
956 3020 1016 3054 sed
1034 3020 1077 3055 cf.
1096 3032 1124 3055 e.
1143 3019 1241 3054 infra.

1898 1089 1943 1114 10

1889 1911 1936 1936 20

1883 2395 1930 2432 25
