2021 3434
129 147 200 187 xii.
228 160 291 189 12.
550 146 625 187 IN
664 147 908 190 OSEAM.
967 146 1117 188 TOM.
1161 146 1240 187 VI.
1614 144 1695 183 255

127 256 429 324 προσέκειντο
465 264 746 323 μολυσμοῖς.
811 259 975 310 οὐκοῦν
1014 263 1046 309 εἰ
1081 256 1141 326 μὴ
1178 256 1289 308 ἔστιν
1315 281 1337 316 η
1362 248 1581 316 Γαλαέιὸ,
1610 251 1702 317 ἄρα

127 342 197 393 τίς
221 341 351 390 ἐστιν
377 342 402 391 ὁ
429 340 574 408 φάναι
598 345 803 405 τολμῶν,
832 342 903 392 ὅτι
939 341 1014 391 καὶ
1050 346 1081 390 οἱ
1117 337 1384 409 θυσιάζοντες
1414 335 1617 405 ἄρχοντες
1643 339 1702 387 εἰς

129 422 335 488 Γαλγέιλ
361 419 541 491 ψευδεῖς
569 419 692 483 ἦσαν,
721 426 796 475 καὶ
827 424 909 474 οῦκ
939 424 1158 486 ἀληθεῖς;
1202 421 1310 471 ἀλλ’
1337 421 1419 470 οὐκ
1442 417 1554 484 ὅναρ
1578 415 1704 481 ἦσαν

129 502 232 555 οὐδὲ
270 507 411 567 σκιαὶ,
439 504 548 555 ἀλλ’
574 505 677 556 οὐδὲ
710 509 804 556 τῶν
838 504 1037 570 ἀσήμων
1067 502 1197 566 τινὲς,
1228 502 1438 568 λαμπροὶ
1472 501 1547 550 καὶ
1576 522 1703 565 περι-

89 606 111 644 5
133 590 293 655 φανεῖς
324 586 546 654 ἄρχοντες
579 589 654 637 καὶ
692 587 951 653 ἡγούμενοι,
990 584 1158 654 ὑψηλὰ
1196 585 1272 634 καὶ
1305 581 1587 643 ἀπόβλεπτα
1610 586 1706 634 τοῖς

132 672 360 734 γλυπτοῖς
385 667 658 722 ἀνιστάντες
683 667 1010 734 θυσιαστήρια,
1035 667 1253 730 χελώναις
1283 667 1331 716 ἐν
1360 664 1451 734 ἴσω
1477 668 1574 717 ταῖς
1606 665 1703 714 κατ’

131 754 305 819 ἀγρούς.
372 751 577 813 χελώνας
612 749 661 802 δὲ
695 749 812 801 εἶναι’
845 755 1009 819 φησιν,
1036 750 1136 815 οὐχὶ
1163 748 1218 812 δὴ
1244 746 1303 798 τὰ
1329 745 1433 812 ζῶα·
1475 744 1538 809 μὴ
1570 751 1708 796 τοῦτο

133 832 341 900 νομίσῃς·
381 832 512 883 ἀλλὰ
539 832 633 900 γὰρ
667 832 751 887 τὰς
785 837 877 884 τῶν
910 829 1142 899 χωμάτων
1176 829 1397 895 ε’γέρσεις,
1426 825 1479 881 ἃς
1503 828 1708 878 ποιοῖντό

132 937 263 977 τινες,
290 919 352 968 εἷς
389 914 584 976 βουνοὺς
622 913 1032 978 ἀναλαμβάνοντες
1065 910 1172 965 τοῦς
1211 909 1528 978 ὑδραγωγούς·
1569 910 1709 976 μυρία
1728 919 1755 959 (1

70 1019 115 1044 10
134 995 183 1048 δὲ
227 996 320 1047 ὅσα
363 1003 554 1048 τοιαῦτα
594 1003 688 1051 τοῖς
728 995 951 1063 γηπόνοις
995 994 1334 1046 ἐσπούδασται.
1399 991 1616 1062 ἄρχοντας
1662 993 1717 1043 δέ

134 1085 258 1148 φησι
298 1077 594 1150 θυσιάζοντας,
631 1078 660 1143 ἢ
705 1077 1002 1145 στρατηγοὺς
1041 1078 1115 1128 καὶ
1159 1080 1254 1127 τῶν
1297 1079 1524 1126 τακτικῶν
1565 1075 1706 1140 ἡγου-

134 1161 311 1225 μένους,
339 1162 486 1227 ἠ’γουν
511 1161 617 1215 τοῦς
648 1161 705 1230 ἐξ
727 1161 918 1225 αἵματος
944 1158 1072 1222 Λευὶ,
1097 1157 1182 1223 τὴν
1207 1160 1256 1209 ἐκ
1282 1157 1424 1221 νόμου
1450 1162 1712 1225 φοροῦντας

135 1244 401 1309 ἡγεμονίαν.
465 1243 837 1296 συναπώλισθον
873 1242 967 1309 γὰρ
1011 1243 1086 1292 καὶ
1127 1242 1256 1292 αὐτοὶ
1293 1246 1387 1294 τοῖς
1426 1240 1605 1302 ἄλλοις,
1638 1241 1713 1290 καὶ

137 1326 476 1392 λελατρεύκασι
517 1331 611 1380 τοῖς
654 1330 884 1392 γλυπτοῖς
922 1326 1004 1376 οῦκ
1045 1325 1197 1390 ὀλίγοι
1235 1321 1317 1374 τὸν
1358 1321 1568 1388 ἀριθμόν.
1630 1322 1708 1388 γε’-

72 1429 119 1468 15
139 1432 343 1476 γραπται
364 1415 480 1476 γοῦν
505 1411 553 1460 ἐν
587 1414 653 1479 τῷ
680 1408 899 1475 Ἰεζεκιήλ
927 1415 953 1437 “
973 1406 1069 1458 Διά
1094 1412 1231 1458 τοῦτο
1255 1404 1363 1457 τάδε
1389 1404 1513 1471 λέγει
1541 1404 1714 1470 Κύριος
1774 1413 1895 1487 3ξὲῡῦ-

141 1498 167 1521 “
194 1492 218 1542 ὁ
276 1492 395 1546 Θεός
446 1495 551 1546 Πᾶς
607 1491 700 1545 υἱὸς
751 1489 1015 1556 ἀλλογενὴς
1065 1489 1374 1555 ἀπερίτμητος
1425 1490 1591 1556 καρδιᾳ
1639 1488 1713 1538 καὶ
1774 1468 1898 1532 ⁴10s9’

141 1581 169 1604 ‘⁶
196 1575 501 1640 ἀπερίτμητος
535 1576 677 1641 σαρκὶ
708 1575 791 1625 οῦκ
829 1572 1147 1624 εἰσελεύσεται
1186 1575 1247 1625 εἷς
1284 1569 1343 1622 τὰ
1378 1568 1489 1636 ἅγιά
1531 1593 1633 1633 μου,
1667 1571 1753 1620 ἔνο

141 1663 169 1685 “
195 1661 343 1708 πᾶσιν
377 1661 487 1711 υἱοῖς
521 1659 796 1723 ἀλλογενῶν
818 1660 912 1706 τῶν
939 1654 1086 1706 ὄντων
1111 1655 1159 1704 ἐν
1184 1654 1318 1722 με’σῳ
1344 1652 1470 1703 οἴκου
1493 1651 1710 1718 Ἰσραήλ·

144 1746 171 1768 “
197 1739 306 1789 ἀλλ’
335 1737 363 1803 ὴ
400 1743 441 1789 οὶ
467 1743 666 1801 Λευῖται,
694 1739 855 1792 οἵτινες
887 1737 1145 1805 ἀφείλαντο
1176 1734 1255 1787 ἀπ’
1283 1737 1394 1799 ἐμοῦ
1427 1736 1475 1785 ἐν
1501 1738 1566 1803 τῷ
1591 1741 1715 1784 πλα-

77 1840 126 1865 20
145 1827 171 1850 cc
198 1824 369 1872 νᾶσθαι
393 1820 476 1871 τὸν
498 1819 699 1886 Ἰσραὴλ
737 1820 779 1871 οἳ
811 1817 1150 1883 ἐπλανήθησαν
1183 1818 1259 1868 ἀπ’
1289 1819 1399 1880 ἐμοῦ
1433 1815 1718 1867 κατόπισθεν

145 1908 172 1931 “
195 1906 290 1952 τῶν
325 1900 658 1967 ἐνθυμημάτων
695 1903 865 1964 αὐτῶν,
906 1903 981 1952 καὶ
1020 1899 1259 1968 λήψονται
1297 1897 1382 1963 τὴν
1419 1899 1599 1949 ἀδικίαν
1629 1900 1711 1948 αὑ-

325 1985 336 2001 ,

144 1992 172 2013 “
197 1986 321 2036 τῶν.’

149 2166 222 2207 Καὶ
247 2165 518 2222 ἀνεχώρΗσεν
539 2165 694 2216 Ἰακὼβ
720 2163 779 2206 εἰς
806 2165 951 2206 Πεδίον
978 2165 1148 2221 Συρίας,
1176 2165 1244 2205 καὶ
1273 2164 1522 2204 ἐδούλευσεν
1542 2161 1718 2218 Ἰσραὴλ
1742 2182 1785 2206 12

212 2249 256 2290 ἐν
283 2250 455 2299 summi,
482 2251 550 2291 καὶ
576 2250 620 2291 ὲν
647 2249 807 2297 Γυναικὶ
832 2249 1091 2304 ἐφυλάξατο.

78 2394 126 2432 25
217 2376 504 2428 ’Υπονοστεῖ
538 2376 594 2441 δὴ
633 2376 779 2429 πάλιν
823 2377 847 2427 ὁ
887 2376 1031 2442 λόγος
1075 2378 1138 2428 εἰς
1175 2372 1390 2434 βάσανον
1433 2374 1516 2436 τῆς
1551 2395 1602 2423 τε
1638 2377 1761 2423 τοῦα
1790 2390 1867 2425 177
1888 2388 1938 2422 Α.

145 2457 441 2525 προπάτορος
478 2458 788 2525 γνησιότητος
826 2460 901 2509 καὶ
940 2457 1191 2518 ἐπιεικείας,
1215 2456 1290 2506 καὶ
1324 2457 1405 2519 τῆς
1436 2459 1530 2505 τῶν
1554 2453 1611 2523 ἐξ
1633 2455 1716 2505 αὐ-

145 2545 228 2590 τοῦ
253 2539 515 2605 γεγονότων
552 2538 828 2605 σκαιότητός
866 2563 916 2591 τε
954 2541 1028 2590 καὶ
1067 2536 1362 2598 δυσσεβείας.
1424 2535 1642 2603 θαυμάζει
1674 2536 1723 2588 δὲ

145 2618 307 2688 ὥσπερ
345 2620 398 2672 τὸ
436 2624 510 2673 ἐπὶ
542 2626 721 2688 μικροῖς
754 2622 924 2672 ἐκείνου
961 2618 1211 2684 τληπαθὲς,
1238 2616 1335 2669 εἶτα
1372 2618 1631 2687 παραφέρει
1667 2618 1721 2670 τὸ

198 2783 275 2819 3—5.
295 2774 391 2808 Haec
403 2773 479 2808 ἀλλ’
492 2773 652 2807 οὐκ-καὶ
664 2772 841 2819 ἡγούμενοι
852 2776 1073 2806 accesserunt
1086 2783 1128 2805 ex
1140 2771 1185 2805 D.
1199 2771 1336 2814 (lacuna
1349 2776 1486 2815 patente
1505 2783 1614 2817 quum
1628 2771 1664 2806 in
1677 2771 1720 2806 B.

148 2809 227 2856 tuin
244 2822 280 2854 in
298 2820 406 2863 Edd.)
656 2832 689 2865 9.
714 2819 872 2865 βουνοὺς]
892 2819 1028 2863 βωμοὺς
1046 2818 1092 2852 D.
1145 2818 1269 2852 Statim
1287 2818 1564 2861 ἀναλαμβάνοντα
1578 2818 1658 2863 (Sic)
1674 2819 1721 2853 D.

156 2880 208 2902 12.
235 2866 441 2912 φοροῦντας]
460 2868 669 2912 φρονοῦντας
688 2866 779 2900 Edd.
1198 2875 1250 2910 15.
1275 2867 1358 2910 γοῦν
1378 2865 1418 2899 Β.
1435 2866 1501 2910 γὰρ
1523 2866 1568 2900 D.
1587 2865 1645 2900 οῦν
1662 2866 1721 2900 iid-

157 2927 209 2958 19.
236 2915 421 2959 ἀφείλαντο
442 2915 485 2948 D.
505 2914 644 2959 (Alex.)
661 2913 862 2957 ἀφὴλλαντο
881 2913 922 2947 Β.
940 2911 1116 2957 ἀφήλαντο
1136 2911 1226 2946 Edd.
1247 2911 1360 2955 (Vat.)
1543 2923 1597 2948 20.
1628 2912 1723 2947 Haec

155 2962 185 2996 οἳ
204 2960 439 3004 ἐπλανήθησαν
457 2966 674 2995 accesserunt
692 2973 732 2994 ex
752 2960 842 2994 B.D.
864 2961 995 3002 (Alex.)
1186 2970 1238 3004 25.
1266 2959 1301 2992 δέ
1320 2970 1381 3003 pro
1400 2959 1438 3002 δὴ
1458 2959 1503 2994 D.
