2021 3434
97 206 251 256 17218-
669 207 744 247 IN
797 205 1073 246 ABDIAM.
1579 200 1659 238 555

165 316 511 383 Προαναφωνεῖ
542 315 689 367 πάλιν
726 314 807 365 τὸν
838 320 920 365 τοῦ
957 313 1167 377 πολέμου
1205 310 1376 377 καιρὸν,
1403 311 1502 361 καθ’
1533 308 1586 359 ὃν
1617 309 1664 358 ἐν

91 393 273 446 κοιλάδι
291 400 350 463 τῇ
375 403 457 448 τοῦ
476 396 721 466 Ἰωσαφὰτ
737 396 1125 461 συναγηγερμένα
1145 399 1240 448 τοῖς
1256 392 1530 457 Ἰδουμαίοις
1548 391 1663 453 ὁμοῦ
1681 403 1755 434 -Joel
1774 402 1816 432 iii·
1837 411 1863 431 2-

91 479 166 527 καὶ
198 475 257 527 τὰ
281 477 515 544 πρόσοικα
551 484 645 530 τῶν
679 479 823 530 ἐθνων
847 477 1015 543 πικρὰς
1051 476 1296 545 ἐξῄτηνται
1323 474 1465 527 δίκας.
1509 471 1665 541 ἡμέραν

93 557 141 608 δὲ
172 558 316 623 αὐτὴν
354 559 562 626 ὀνομάζει
592 565 751 630 Κυρίου.
832 558 951 613 Θεὸς
986 558 1078 625 γὰρ
1113 557 1169 622 ἧν
1196 559 1220 608 ὁ
1255 553 1536 623 παραδιδοὺς
1569 556 1664 606 τοῖς

53 640 146 708 5ἐξ
182 641 383 707 Ἰσραὴλ
415 641 522 696 τοὺς
556 642 755 695 ἀνοσίως
781 639 1068 706 ἠδικηκότας·
1132 639 1201 690 ὅτι
1241 638 1288 689 δὲ
1327 637 1444 706 ὁσίῳ
1482 634 1667 699 κρίματι

94 721 491 787 κολασθήσονται,
530 727 768 790 διατρανοῖ
801 722 953 788 λέγων
981 721 1066 774 “Ov
1104 723 1252 791 τρόπον
1283 720 1509 779 ἐποίησας,
1539 715 1668 770 οὕτως

97 802 220 855 ἔσται
258 829 340 856 σοι.
399 805 669 857 ταλαντεύει
706 805 798 871 γὰρ
824 805 852 868 ἡ
880 805 978 855 θειά
1012 803 1157 872 φύσις
1191 802 1250 853 τὰ
1287 800 1488 853 ἑκάστου
1525 799 1666 849 πταί-

95 907 270 950 σματα,
311 889 387 938 καὶ
428 891 637 952 ἰσοπαλῆ
678 887 863 941 πάντως
903 885 1150 950 ἀντεπάγει
1194 883 1279 947 τὴν
1324 883 1468 946 δίκην,
1507 879 1573 933 οἷς
1615 878 1670 929 ἂν
1687 881 1714 920 d

96 967 293 1022 ἕκαστος
319 969 562 1020 ἁλίσκοιτο
588 968 1013 1033 πεπλημμεληκώς.
1080 969 1128 1017 ἐν
1154 966 1201 1018 δὲ
1227 969 1293 1034 τῷ
1327 961 1431 1015 διότι
1462 965 1501 1014 ἓν
1526 961 1671 1031 τρόπον

33 1073 80 1098 10
101 1049 234 1108 ἔπιες,
264 1049 439 1101 τοιόνδε
473 1073 517 1101 τι
546 1054 824 1117 παραδηλοῖ·
865 1049 968 1103 ἔθος
993 1072 1085 1100 που
1115 1047 1238 1114 τάχα
1272 1051 1367 1100 τοῖς
1402 1043 1671 1110 κρατήσασι

98 1136 191 1181 τῶν
224 1134 419 1199 ἐχθρῶν,
457 1131 907 1199 καταλαζονεύεσθαι
942 1130 1026 1194 μὲν
1057 1135 1151 1181 τῶν
1186 1127 1547 1195 κεκρατημένων,
1574 1127 1673 1190 ἑορ-

97 1212 180 1266 τὰς
207 1213 255 1264 δὲ
281 1215 356 1264 καὶ
380 1212 551 1267 πότους
577 1216 814 1276 ἐπιτελεῖν,
842 1216 915 1264 καὶ
943 1212 999 1277 δὴ
1025 1214 1100 1263 καὶ
1125 1211 1370 1263 ἐπινικίους
1396 1205 1672 1260 καταλαλά-ν

99 1294 190 1360 ζειν
215 1294 376 1363 φωνὰς
401 1298 476 1347 καὶ
500 1296 559 1346 τὰ
584 1297 725 1360 μέθης
751 1295 866 1362 ἔργα
891 1300 1122 1361 πληροῦν.
1170 1296 1232 1346 ὡς
1258 1293 1338 1343 οὖν
1357 1289 1674 1351 ἐπετώθασας,

100 1380 236 1445 φησὶ,
279 1379 355 1427 καὶ
398 1378 768 1445 κατεσκίρτησας
813 1382 907 1428 τῶν
956 1377 1012 1446 ἐξ
1052 1375 1267 1443 Ἰσραὴλ,
1313 1376 1461 1425 πίνων
1504 1395 1554 1423 τε
1600 1373 1675 1422 καὶ

36 1478 80 1516 15
99 1459 480 1526 κατορχούμενος,
507 1462 582 1511 καὶ
618 1458 922 1526 πανηγύρεως
959 1458 1180 1526 ἀφορμὴν
1214 1456 1297 1511 τὰς
1335 1460 1428 1506 τῶν
1454 1455 1676 1522 ἀδελφῶν

98 1540 369 1605 ποιούμενος
399 1541 668 1610 συμφορὰς,
697 1544 816 1593 οὕτω
851 1544 1025 1594 πίοντοιι
1063 1545 1139 1592 καὶ
1176 1536 1555 1605 κατορχήσονταί
1584 1558 1675 1585 σου

101 1621 256 1675 πάντα
292 1622 353 1675 τα
390 1623 489 1684 ἕθνη“
544 1627 618 1675 καὶ
648 1625 982 1684 καταβήσονται
1023 1621 1107 1685 μὲν
1148 1620 1266 1673 κατὰ
1305 1625 1408 1682 σοῦ,
1449 1617 1713 1679 τουτε’στι,ε

101 1707 183 1769 τῆς
208 1708 299 1770 σῆς
325 1709 725 1772 καταδραμοῦνται
750 1707 921 1774 χώρας.
956 1702 1350 1771 καταλογισθήσῃ
1372 1701 1419 1752 δὲ
1446 1703 1519 1751 καὶ
1539 1697 1677 1753 αὐτὸς

103 1788 150 1837 ἐν
176 1792 270 1841 τοῖς
301 1793 382 1852 οὐχ
411 1793 711 1858 ὑπάρχουσιν.
769 1786 1095 1855 ὀλοθρευθήσῃ
1132 1785 1225 1852 γὰρ
1258 1787 1416 1847 οὕτως,
1441 1785 1502 1836 ὡς
1528 1784 1678 1832 δοκεῖν

36 1892 84 1916 20
104 1868 192 1934 ἤδη
224 1893 324 1923 πως
361 1871 465 1934 μηδ’
494 1871 696 1939 ὑπάρξαι
721 1869 850 1921 ποτέ.
894 1871 982 1940 ἔρος
1016 1869 1064 1919 δὲ
1090 1866 1197 1922 Σιῶν
1223 1866 1308 1931 τὴν
1332 1865 1624 1928 Ἐκκλησίαν
1649 1863 1676 1926 ἡ

105 1951 414 2006 θεόπνευστος
452 1953 662 2019 ὀνομάζει
694 1951 873 2020 γραφή·
924 1950 1088 2020 ὑψηλὴ
1123 1949 1215 2016 γὰρ
1246 1949 1403 2010 ὅντως,
1443 1948 1518 1997 καὶ
1555 1968 1673 1996 σκο-

105 2032 351 2100 πευτήριον
385 2036 586 2098 ἀληθῶς,
622 2035 733 2100 ἁγία
767 2034 814 2085 δὲ
848 2033 964 2099 πρὸς
1000 2031 1196 2090 τούτοις,
1233 2031 1359 2097 εἴπερ
1393 2031 1522 2081 ἐστὶν
1557 2026 1678 2081 οἶκός

106 2138 155 2166 τε
180 2119 255 2167 καὶ
279 2115 418 2170 πόλις
441 2123 523 2168 τοῦ
549 2117 778 2183 παναγίου
805 2120 943 2167 Θεοῦ.

111 2350 185 2390 Καὶ
223 2349 725 2405 κατακλι-ιρονομιίσουσιν
761 2349 783 2390 ὁ
821 2344 937 2389 οἶκος
967 2348 1123 2397 Ἰακὼβ
1159 2346 1258 2388 τοὺς
1301 2343 1717 2400 κατακλΗρονομύ-ἑὶ
1745 2345 1823 2379 361
1848 2343 1895 2377 A·

42 2441 88 2477 25
176 2448 332 2474 σανταο
376 2432 539 2473 αὐτούς·
586 2432 652 2472 καὶ
695 2432 813 2473 ἔσται
855 2431 877 2474 ὁ
919 2427 1036 2471 οἶκος
1071 2430 1227 2479 Ἰακὼβ
1270 2431 1347 2485 Πῦρ
1392 2428 1459 2468 καὶ
1495 2428 1517 2470 ὁ
1561 2422 1676 2468 οἶκος
1699 2402 1746 2436 18

169 2515 333 2572 Ἴωσι-ἰφ
361 2516 484 2570 φλόξ,
510 2516 532 2559 ὁ
559 2515 604 2556 δὲ
631 2511 746 2556 οἶκος
766 2514 903 2555 ζΗσοιῦ
927 2512 986 2554 εἰς
1014 2514 1223 2564 καλάμΗν,
1251 2512 1317 2552 καὶ
1343 2511 1677 2553 ἐκκαυθήσονται

159 2736 191 2759 2.
217 2724 347 2758 κοιλάδι
363 2725 402 2767 τῇ
419 2723 465 2757 D.
481 2722 572 2757 Edd.
589 2724 628 2766 τῇ
644 2721 773 2755 κοιλάδι
788 2720 829 2755 Β.
879 2719 1077 2763 Ἰδουμαίοις
1096 2719 1141 2753 D.
1158 2718 1251 2754 Edd.
1262 2717 1437 2753 Ἰουδαίοις
1450 2717 1491 2751 Β.
1575 2728 1607 2761 3.
1626 2718 1679 2751 καὶ

110 2775 330 2815 assumptum
349 2783 390 2805 ex
410 2770 502 2804 B.D.
862 2776 893 2812 7.
919 2766 1092 2801 ταλανεύει
1111 2765 1202 2799 Edd.
1251 2766 1396 2799 ἑκάστου
1414 2776 1476 2809 pro
1493 2764 1511 2808 ἡ
1530 2764 1602 2798 θεία
1618 2764 1678 2798 iid.

111 2830 143 2864 9.
168 2816 361 2862 ἁλίσκοιτο]
381 2817 496 2850 ἁλοῖτο
513 2816 571 2850 iid.
897 2826 929 2859 9,
952 2825 1004 2847 10.
1034 2813 1129 2847 Haec
1147 2813 1231 2847 διότι
1248 2816 1282 2846 et
1298 2812 1426 2846 τοιόνδε
1442 2826 1474 2845 τι
1490 2812 1680 2855 παραδηλοῖ

111 2871 329 2899 accesserunt
346 2876 387 2897 ex
407 2864 448 2897 B.
704 2873 756 2896 12.
784 2862 979 2903 καταλάζειν
996 2860 1038 2894 Β.
1309 2859 1363 2893 18.
1390 2859 1441 2891 καὶ
1459 2865 1680 2903 assumptum

112 2923 154 2945 ex
174 2911 216 2945 B.
387 2921 442 2944 21.
469 2908 712 2953 σκοπευτὴριον
730 2908 822 2942 Β.1).
836 2908 871 2942 b.
889 2907 1094 2951 σκοπεύτρια
1114 2905 1204 2940 Edd.
1348 2916 1402 2939 22.
1428 2906 1506 2950 ἅγια
1524 2905 1603 2948 (sic)
1621 2904 1680 2939 iid.

113 2969 169 3003 23.
193 2956 357 3003 παναγίου
367 2957 460 3048 )D.b.
478 2957 661 3001 ὑπεραγίου
681 2956 721 2990 Β.
742 2955 832 2989 Edd.
1084 2964 1139 2996 24.
1166 2951 1479 2998 κληρονομήσαντας
1497 2951 1588 2986 Edd.
1607 2955 1680 2997 (91,

113 3014 168 3050 95,
191 3015 265 3050 Ι53»
289 3005 363 3048 185-

850 3069 968 3108 4132
