2021 3434
298 209 382 249 324
696 208 745 247 B.
789 206 1064 247 CYRILLI
1103 206 1480 247 ALEXANDR.
1645 208 1685 248 ii.
1715 218 1863 261 15—17.

297 321 455 369 δευτον
485 319 562 368 ἐᾶν
600 317 827 369 ἐπιτάττει
865 319 1120 385 χρησίμως.
1188 321 1280 370 δεῖν
1315 319 1408 386 γὰρ
1441 319 1531 388 ἔφη
1562 323 1766 388 λαμπρῷ
1790 320 1866 370 καὶ

296 399 557 468 διαπρυσίῳ
605 399 864 466 κηρύγματι
913 400 1234 468 κεχρημένους,
1281 401 1481 471 αγιαζειν
1530 399 1615 465 μὲν
1665 403 1866 463 νηστείαν,

298 480 471 549 κηρύξαι
505 479 553 531 δὲ
589 480 831 550 θεραπείαν,
859 484 934 532 καὶ
966 484 1256 548 συναγείρειν
1289 484 1337 533 ἐν
1371 484 1593 553 ἐκκλησία
1618 480 1724 536 τοῦς
1749 481 1867 552 θερα-

295 561 449 612 πεύειν
475 563 764 630 ὀφείλοντας,
791 565 937 627 δῆλον
971 564 1019 614 δὲ
1050 564 1120 615 ὅτι
1155 565 1478 629 λελυπημένον
1503 563 1586 615 τὸν
1617 569 1711 616 τῶν
1742 564 1867 616 ὅλων

75 648 184 722 {gviii
296 643 436 694 Θεόν.
504 641 590 695 εἶεν
625 643 664 694 δ’
697 643 755 695 ἂν
790 645 915 696 οῦτοι
942 652 968 675 “
991 646 1245 697 Νεανίσκοι
1283 648 1359 697 καὶ
1390 646 1626 712 παρθένοι,
1655 647 1866 713 πρεσβύ-

77 744 126 766 12·
255 729 276 755 0
295 732 322 755 ‘⁴
347 748 469 791 τεροι
502 725 619 789 μετὰ
653 727 922 793 νεωτέρων,”
953 728 1084 787 νήπια
1120 750 1169 778 τε
1203 727 1320 794 πρὸς
1346 727 1525 782 τούτοις
1551 730 1766 795 ἀρτιγενῆ
1793 731 1868 779 Καὶ

294 807 531 873 ὑπότιτθα,
576 812 651 861 καὶ
687 810 780 874 μὴν
818 814 892 861 καὶ
937 814 1125 880 νυμφίοι,
1160 812 1234 862 καὶ
1279 811 1525 877 ἀρτίγαμοι
1563 810 1707 877 κόραι,
1745 811 1868 878 τάχα

292 914 384 942 που
426 893 810 957 κατεστεμμένων
856 893 921 944 ε”τι
966 898 1161 945 παστῶν
1211 894 1452 944 ἐκθέουσαι
1496 895 1571 943 καὶ
1608 894 1868 958 γαμηλίους

294 973 425 1028 εὐνὰς
473 975 762 1040 άρνούμεναι,
807 979 987 1044 τρυφῆς
1029 998 1078 1026 τε
1122 977 1414 1042 ὑπερορῶσαι
1460 977 1535 1026 καὶ
1577 975 1748 1038 πότων,
1793 977 1868 1026 καὶ

293 1057 656 1119 ἀλλασσόμεναι
698 1056 782 1116 τὴν
823 1059 1209 1124 σκληραγωγίαν·
1257 1056 1424 1123 κρότου
1454 1057 1865 1123 περιεσταλμένου,

293 1140 367 1188 καὶ
417 1139 712 1204 ἠρεμούντων
765 1139 993 1208 ᾀσμάτων
1045 1143 1119 1190 καὶ
1175 1142 1426 1208 εὐφημιῶν,
1478 1138 1531 1193 ἃς
1592 1139 1694 1193 ε”θος
1744 1142 1869 1190 τισὶν

292 1219 511 1271 ἀνάπτειν
553 1221 656 1272 ἔσθ’
693 1221 768 1272 ὅτε
802 1227 896 1275 τοῖς
929 1221 1234 1288 γεγαμηκόσι·
1275 1225 1350 1273 καὶ
1383 1223 1498 1285 ὁμοῦ
1529 1224 1728 1291 νυμφίοις
1757 1223 1865 1272 ὀλο-

247 1301 561 1370 ᾶφυρόμεναι.
625 1305 700 1354 καὶ
736 1303 829 1370 γάρ
863 1306 993 1355 ἐστιν
1037 1302 1206 1368 ἀληθὲς
1248 1305 1361 1370 ὅπερ
1397 1304 1487 1372 ἔφη
1525 1326 1594 1357 τις
1631 1308 1724 1354 τῶν
1757 1305 1864 1369 παρ’

70 1395 228 1470 gir-xxii·
290 1384 400 1447 ἡμῖν
461 1388 632 1452 σοφῶν
681 1392 709 1414 “
731 1385 958 1437 Μουσικὰ
1017 1389 1065 1437 ἐν
1127 1386 1296 1446 πένθει,
1359 1387 1545 1453 ἄκαιρος
1604 1385 1864 1451 διήγησις.”

95 1463 102 1470 ’
291 1466 610 1532 ἐπηρτημένης
650 1466 706 1531 δὴ
744 1468 824 1518 οῦν
865 1467 988 1522 θείας
1033 1469 1141 1532 ἡμῖν
1185 1471 1341 1535 ὀργῆς,
1375 1471 1555 1520 πενθεῖν
1593 1470 1862 1533 ἀναγκαῖον,

291 1548 396 1615 οὐχὶ
439 1547 496 1612 δὴ
536 1548 696 1603 πότοις
738 1573 788 1600 τε
835 1552 910 1601 καὶ
954 1555 1150 1619 τρυφαῖς
1191 1550 1527 1617 ἐναβρύνεσθαι
1566 1554 1734 1618 φιλεῖν.
1796 1550 1867 1602 ὅτι

289 1630 382 1697 γὰρ
423 1632 505 1682 οὐκ
548 1632 844 1698 ἀμοιρήσειεν
888 1631 945 1683 ἂν
987 1636 1180 1701 μομφῆς
1225 1656 1273 1684 τε
1318 1635 1392 1683 καὶ
1434 1633 1560 1696 δίκης
1597 1631 1652 1683 τὸ
1693 1633 1775 1683 οῦκ
1819 1634 1868 1683 ἐν

292 1717 436 1782 καιρῷ
473 1718 670 1781 τρυφᾶν,
709 1719 936 1782 σαφηνιεῖ
971 1738 1040 1768 τις
1090 1715 1245 1780 λέγων
1287 1719 1381 1766 τῶν
1423 1715 1569 1780 ἁγίων
1609 1718 1868 1783 προφητῶν

192 1802 210 1809 ι.
380 1797 394 1813 x
481 1800 500 1809 Α
592 1797 602 1811 3
674 1797 684 1812 9
826 1796 837 1812 Ι
1043 1799 1057 1815 x
1118 1798 1128 1812 9
1173 1797 1185 1811 Ι
1417 1796 1428 1811 Ι
1719 1795 1732 1813 Χ
1833 1799 1842 1813 ,

72 1802 223 1886 ἸΕΞ-ΙΧΞΠ·
290 1817 395 1862 περι
439 1818 532 1847 των
580 1796 637 1864 εξ
690 1799 876 1863 Ισραηλ
916 1803 943 1827 “
966 1800 1059 1848 Και
1106 1804 1301 1848 εκαλεσε
1354 1800 1525 1863 Κυριος
1575 1802 1778 1857 σαβαωθ
1820 1821 1868 1848 εν

114 1870 123 1885 '
292 1882 321 1905 “
345 1880 403 1944 τῇ
444 1876 591 1946 ἡμέρᾳ
634 1879 779 1946 ἐκείνῃ
815 1877 1057 1943 κλαυθμὸν
1096 1880 1171 1929 καὶ
1213 1877 1411 1930 κοπετὸν
1445 1880 1520 1930 καὶ
1558 1878 1758 1948 ξύρησιν
1792 1882 1867 1931 καὶ

253 1979 274 2005 e
293 1965 319 1988 “
345 1958 489 2026 ζῶσιν
531 1960 736 2023 σάκκων,
786 1962 915 2012 αὐτοὶ
958 1960 1007 2012 δὲ
1058 1960 1340 2026 ἐποιήσαντο
1387 1961 1696 2030 εὐφροσύνην,
1738 1963 1868 2032 σφά-

291 2049 318 2071 “
344 2042 496 2108 §omes
527 2042 738 2110 μόσχους
773 2045 847 2094 καὶ
882 2043 1067 2097 θύοντες
1098 2042 1318 2110 πρόβατα
1349 2046 1422 2095 καὶ
1457 2044 1672 2110 λε’γοντες
1698 2044 1868 2112 Φάγω-

1559 2125 1584 2141 ’)

290 2131 317 2153 “
342 2148 427 2188 μεν
476 2127 551 2176 καὶ
597 2125 789 2188 πίωμεν,
835 2127 993 2192 αὔριον
1041 2125 1134 2192 γὰρ
1178 2126 1551 2190 ἀποθνήσκομεν.
1649 2127 1767 2178 ἱτεόν
1810 2127 1867 2192 δὴ

290 2207 371 2258 οὖν
415 2211 475 2261 εἰς
515 2206 712 2274 θρήνους
745 2210 821 2259 καὶ
866 2207 1056 2275 δάκρυα,
1090 2209 1406 2275 ἐπηρτημένης
1445 2210 1600 2274 ὁργῆς,
1637 2211 1713 2260 καὶ
1751 2212 1867 2277 διεῤ-

289 2290 445 2358 ῥίφθω
477 2289 633 2344 πότος.
695 2291 788 2340 δεῖν
821 2288 870 2341 δὲ
904 2290 960 2354 δή
1000 2294 1150 2358 φησιν
1176 2292 1200 2341 ὁ
1229 2291 1486 2360 Προφήτης
1518 2293 1592 2342 καὶ
1625 2291 1737 2342 αὐτὸ
1772 2297 1866 2347 τοῖς

289 2375 515 2422 πενθοῦσι
551 2369 605 2423 τὸ
644 2371 766 2438 ἱερὸν
803 2374 879 2423 καὶ
916 2373 1180 2424 ἀπόλεκτον
1220 2373 1567 2424 ἀναπλέκεσθαι
1608 2372 1754 2440 γένος,
1792 2376 1867 2426 καὶ

289 2452 407 2519 πρὸς
437 2454 595 2507 αὑταῖς
629 2458 729 2507 ταῖς
765 2460 848 2505 τοῦ
880 2460 991 2505 ναοῦ
1026 2457 1215 2524 κρηπῖσι,
1251 2461 1327 2506 καὶ
1359 2454 1447 2506 ἀνα
1479 2456 1609 2523 μέσον
1641 2457 1714 2508 τοῦ
1743 2455 1863 2507 θυσι-

341 2648 372 2672 2.
398 2636 604 2684 διαπρυσίῳ]
624 2638 801 2684 διαπρεπεῖ
817 2638 908 2672 Edd.
1183 2651 1216 2685 9.
1242 2640 1457 2685 ὑπερορῶσαι
1474 2640 1526 2674 καὶ
1543 2639 1670 2687 πότων]
1690 2641 1742 2676 καὶ
1758 2643 1865 2677 πότου

291 2684 504 2729 ὑπερορῶσαι
521 2685 580 2719 fid.
762 2697 884 2720 10—12.
911 2687 1288 2732 κρότου-γεγαμηκόσι
1305 2694 1383 2732 post
1401 2687 1651 2732 ὀλοφυρόμεναι
1667 2694 1801 2734 tranSp.
1820 2689 1864 2724 B.

295 2741 348 2765 11.
373 2729 581 2775 ἠρεμούντων
596 2731 758 2777 ᾀσμάτων
774 2732 840 2766 hoc
858 2732 980 2766 ordine
998 2732 1039 2767 Β.
1320 2743 1372 2776 15.
1399 2734 1489 2770 θείας
1505 2734 1583 2779 ἡμῖν
1599 2735 1665 2770 hoc
1683 2735 1804 2769 ordine
1822 2736 1865 2770 B.

297 2777 349 2810 16.
375 2778 414 2820 δὴ
432 2784 650 2824 assumptum
669 2791 710 2813 ex
726 2779 766 2813 Β.
817 2778 1073 2824 ἐναβρύνεσθαι]
1094 2779 1328 2824 ἐνευρύνεσθαι
1346 2780 1437 2815 Edd.
1678 2782 1731 2816 18.
1756 2782 1866 2828 λέγων

293 2829 372 2867 post
387 2826 572 2869 προφητῶν
588 2831 718 2870 transp.
739 2825 798 2860 iid.
1047 2838 1102 2861 21.
1119 2826 1334 2871 εὐφροσύνας
1351 2827 1409 2862 iid.
1622 2839 1676 2874 23.
1701 2829 1788 2863 ἰτέον
1804 2827 1861 2874 δὴ]

293 2870 446 2912 ζητητέον
462 2871 521 2905 iid.
712 2884 765 2914 24.
791 2872 838 2908 εἷς
854 2879 1075 2918 assumptum
1093 2885 1135 2907 ex
1154 2874 1196 2908 B.
1386 2883 1440 2917 25.
1466 2874 1506 2919 δή
1524 2882 1743 2921 assumptum
1761 2887 1802 2910 ex
1820 2875 1863 2909 B.

295 2915 349 2949 26.
365 2916 613 2952 ἀναπλέκεσθαι
630 2919 682 2952 καὶ
699 2919 887 2954 ἀπόλεκτον
904 2920 1042 2954 inverso
1059 2919 1180 2954 ordine
1198 2920 1257 2955 iid.
1306 2921 1359 2955 καὶ
1381 2920 1458 2966 alt.]
1477 2926 1511 2963 4-
1530 2922 1570 2966 δὴ
1588 2921 1647 2958 iid.
1720 2931 1775 2967 27.
1793 2923 1864 2956 ταῖς

293 2970 510 3007 assumptum
529 2976 569 2998 ex
589 2965 630 2999 Β.
682 2965 806 3000 Statim
823 2969 883 3000 τοῦ
900 2969 980 3000 ναοῦ
997 2967 1135 3011 κρηπίσι
1153 2967 1218 3002 hoc
1236 2967 1357 3002 ordine
1376 2967 1418 3002 Β.

1886 666 1909 705 5

1892 1085 1938 1111 10

1888 1902 1938 1927 20

2014 789 2021 979 ffi‘qff--ww-
2016 710 2021 775 «μ...
2016 587 2021 699 „--....--

2012 1110 2021 1226 ...ΣΠ-ι·-
2013 1067 2021 1097 -—-
2014 1047 2021 1067 .-
2014 987 2018 1039 »οι-

2006 1690 2012 1839 ·“·”··’·”··-”
2008 1641 2012 1683 “““
2008 1441 2021 1634 *ἡᾼ
2010 1249 2021 1443 dnm-:212
