2021 3434
307 207 389 248 708
700 205 750 243 B.
786 203 1060 244 CYRILLI
1105 204 1487 244 ALEXANDR.
1638 206 1872 262 vi.13-16.

307 321 332 344 ‘⁶
357 315 497 365 αὐτοῦ
535 311 826 379 γεγονότας.”
878 310 1115 379 τοιγάρτοι
1151 314 1226 363 καὶ
1267 311 1578 377 δεδαπάνηται
1610 315 1733 380 πυρὶ,
1766 337 1876 365 κατ-

84 398 212 472 ξὲνῖξθξὲ
307 395 553 463 εμπρήσας
588 395 724 449 αὐτὸς
762 396 833 462 ἐφ’
868 395 1016 464 ἑαυτῷ
1053 394 1135 444 τὸν
1168 394 1283 444 ’ίδιον
1318 391 1456 445 οἶκον·
1495 394 1755 461 γέγραπται
1785 395 1876 463 γὰρ

144 465 150 472 ”
216 465 223 472 ι
261 479 400 530 ὒὼδί.
467 476 578 529 οἶκον
621 476 682 540 δὲ,
725 479 787 531 ὡς
827 476 982 538 ἔοικεν,
1020 475 1219 539 Ἀχααβ
1262 475 1347 540 τὴν
1386 476 1593 542 Ἰεζάβελ
1633 479 1875 529 ἀποκαλεῖ·

307 559 444 628 φόνοι
476 558 523 610 δὲ
548 558 674 624 ἦσαν
699 560 747 609 ἐν
772 560 918 627 ἐκείνῃ
957 560 1032 609 καὶ
1073 560 1280 625 ἁρπαγαὶ
1314 561 1390 609 καὶ
1429 558 1606 627 διώξεις
1645 559 1790 624 ἁγίων
1821 559 1880 611 τὰ

306 644 659 709 ἐπιτηδεύματα.
702 648 848 695 ταῦτα
889 642 944 707 δὴ
983 644 1064 694 οὖν
1101 642 1354 708 τετήρηκάς
1395 648 1558 711 φησιν,
1597 644 1672 694 ἵνα
1710 666 1768 694 σε
1806 646 1880 695 καὶ
1899 667 1921 705 5

307 729 521 796 αφανίσω
565 727 762 789 δικαίως,
807 728 882 777 καὶ
924 724 1113 792 γέλωτα
1155 725 1425 790 ποιήσωμαι
1470 728 1546 776 καὶ
1590 723 1743 780 ὄνειδος
1788 730 1881 777 τῶν

307 810 484 861 ἄλλων.

379 889 682 958 Ἃρμόσομεν
713 890 761 941 δὲ
796 889 878 941 τὸν
911 888 1088 940 τοιόνδε
1123 887 1270 955 λόγον
1306 893 1380 941 καὶ
1418 895 1513 945 τοῖς
1547 893 1628 955 τῆς
1663 891 1882 955 ἀληθείας

307 975 503 1040 ἐχθροῖς,
543 972 586 1024 οἳ
636 977 736 1026 ταῖς
787 973 963 1023 ἑαυτῶν
1003 973 1304 1037 εὐγλωττίαις
1350 972 1766 1039 ἐπιθαρσήσαντες,
1808 974 1882 1024 καὶ

309 1056 487 1105 ἀθλίων
538 1054 783 1119 νοημάτων
840 1054 1195 1120 συναγείροντες
1256 1055 1538 1123 συρφετοὺς,
1593 1061 1883 1107 πλουτοῦσιν
1906 1084 1952 1110 10
2004 1084 2007 1099 ›

308 1135 471 1202 ὥσπερ
508 1138 565 1206 ἐξ
595 1138 785 1200 ἀδικίας,
816 1137 1131 1203 συλλέγοντες
1157 1138 1333 1191 ἑαυτοῖς
1371 1137 1429 1189 τὰ
1468 1139 1550 1189 οὐκ
1581 1138 1694 1189 ὄντα
1719 1139 1882 1201 αὐτῶν,

272 1221 385 1270 οκαὶ
426 1218 509 1272 τὰς
543 1223 638 1270 τῶν
673 1219 1013 1284 ἁπλουστέρων
1051 1221 1226 1284 ἀγέλας
1263 1220 1501 1283 πολεμίων
1526 1223 1657 1286 δίκην
1682 1223 1881 1289 καταδῃ-

309 1306 392 1352 οῦν
429 1301 650 1365 εἰωθότες,
678 1303 752 1352 καὶ
784 1306 846 1355 εἷς
878 1301 1074 1353 ἔκτοπον
1103 1302 1245 1356 αὐτὰς
1283 1303 1597 1372 ἀποφεροντες
1623 1301 1880 1366 πλάνησιν.

308 1382 609 1434 ἀκουέτωσαν
659 1385 813 1435 τοίνυν
857 1388 981 1435 Θεοῦ
1025 1383 1245 1450 λέγοντος
1299 1394 1386 1436 Καὶ
1439 1384 1527 1452 ἐγῶ
1577 1385 1768 1457 {pinsum
1812 1387 1885 1437 τοῧ

310 1464 522 1535 πατάξαι
572 1490 623 1517 σε
670 1472 747 1517 καὶ
794 1465 972 1535 αφανιῶ
1018 1490 1067 1517 σε
1113 1468 1184 1518 ἐπὶ
1227 1471 1328 1523 ταῖς
1371 1470 1614 1536 ἁμαρτίαις
1664 1492 1753 1520 σου.
1830 1467 1884 1519 σὺ
1907 1491 1952 1530 15
2005 1475 2008 1488 '

310 1547 521 1616 φάγεσαι
560 1554 637 1599 καὶ
685 1552 727 1599 οὐ
769 1547 829 1615 μὴ
866 1547 1137 1622 ἑμπλησθῇς.
1204 1549 1617 1618 περιτυγχάνοντες
1654 1550 1746 1616 γὰρ
1786 1555 1885 1603 ταῖς

310 1631 451 1683 θείαις
486 1635 706 1698 γραφαῖς,
734 1629 830 1681 εἶτα
864 1634 957 1681 τῶν
987 1634 1069 1694 τῆς
1101 1633 1320 1696 ἀληθείας
1353 1632 1600 1697 δογμάτων
1626 1633 1708 1683 οὐκ
1740 1633 1886 1699 ε’μφο-

309 1712 537 1777 ρούμενοι,
564 1714 712 1763 καίτοι
746 1716 986 1766 δοκοῦντες
1022 1715 1205 1777 ἐσθίειν,
1232 1715 1499 1784 φθείρονται
1525 1718 1663 1784 λιμῷ,
1691 1714 1887 1777 οἰόμενοι

311 1793 359 1843 δὲ
405 1796 478 1844 καὶ
523 1796 904 1857 καταλαμβάνειν
945 1794 1031 1859 τὴν
1071 1799 1153 1859 τῆς
1193 1797 1442 1863 σωτηρίας,
1481 1798 1563 1848 οὐκ
1608 1795 1665 1847 ἂν
1702 1799 1887 1863 εὕροιεν,

313 1874 435 1938 ὁδὸν,
474 1880 730 1947 σπείροντες
771 1876 832 1940 δὲ,
872 1874 932 1932 ὥς
971 1901 1025 1943 γε
1074 1878 1352 1945 νομίζουσιν,
1393 1881 1554 1930 οὐδένα
1597 1884 1691 1930 τῶν
1733 1878 1889 1931 πόνων
1910 1905 1957 1930 20

268 1958 571 2023 ᾶεὺρήσουσι
605 1959 686 2010 τὸν
720 1959 908 2023 μισθὸν,
946 1963 1022 2011 καὶ
1055 1960 1140 2024 τὴν
1179 1961 1347 2025 νοητὴν
1386 1963 1542 2013 ἐλαίαν
1580 1962 1889 2024 ἐκθλίβοντες,

313 2040 540 2104 τουτέστι,
584 2041 638 2093 τὸ
681 2042 878 2108 γράμμα
921 2041 975 2093 τὸ
1021 2041 1154 2109 ἱερὸν,
1195 2047 1253 2111 τῇ
1299 2049 1381 2095 τοῦ
1426 2044 1698 2107 Πνεύματος
1738 2044 1891 2112 χάριτι

313 2123 411 2173 κατ’
440 2123 602 2174 οὐδένα
631 2124 805 2191 τρόπον
837 2126 1227 2189 καταπιαίνονται,
1254 2125 1349 2178 οἶνον
1385 2125 1432 2177 δὲ
1471 2132 1648 2193 τρυγᾶν
1682 2126 1891 2190 οἰόμενοι,

311 2204 496 2272 μακρὰν
536 2207 830 2273 εὐφροσύνης
875 2206 1063 2258 ἔσονται
1105 2211 1186 2272 τῆς
1230 2212 1555 2273 πνευματικῆς·
1610 2209 1891 2276 τετηρήκασι

312 2285 406 2353 γὰρ
466 2287 525 2339 τα
583 2285 877 2358 δικαιώματα
929 2289 1118 2360 Ζαμβρῆ
1172 2296 1248 2342 καὶ
1305 2289 1460 2343 πάντα
1509 2290 1569 2343 τα
1618 2291 1727 2361 ἔργα
1777 2294 1891 2343 οἴκου
1911 2314 1957 2353 25

313 2368 526 2432 Ἀχααβ,
579 2370 833 2434 τουτέστιν,
884 2373 1272 2438 ε’πονηρεύσαντο,
1323 2374 1766 2438 πεπλεονεκτήκασι,
1817 2376 1891 2425 καὶ

314 2452 544 2518 διωγμοὺς
583 2453 865 2520 εἰργάσαντο
904 2454 1022 2505 κατὰ
1055 2459 1149 2506 τῶν
1177 2457 1335 2522 ἁγίων.
1397 2456 1584 2507 ἔσονται
1622 2455 1678 2521 δὴ
1717 2457 1798 2508 οὖν
1833 2461 1892 2512 εἷς

362 2684 396 2717 3.
421 2671 571 2718 Ἀχαὰβ]
593 2675 610 2707 ὁ
628 2674 816 2718 praemittit
834 2674 878 2708 A.
928 2674 1003 2720 τὴν]
1029 2681 1064 2715 -ff—
1086 2675 1124 2720 ἐξ
1142 2675 1233 2710 Edd.
1248 2676 1525 2720 repugnantibus
1542 2676 1635 2710 AB.
1799 2689 1832 2720 4.
1858 2677 1893 2712 ἐν

316 2728 538 2764 assumptum
557 2732 598 2753 ex
615 2721 660 2755 A.
849 2731 882 2767 5.
909 2723 963 2755 καί
979 2737 1021 2756 σε
1038 2722 1176 2756 inverso
1193 2722 1313 2756 ordine
1332 2723 1373 2757 B.
1563 2724 1596 2758 8.
1613 2722 1833 2768 Ἀρμόσωμεν
1849 2725 1891 2758 A.

320 2766 443 2800 Statim
463 2768 498 2800 δὲ
516 2779 585 2801 orn.
605 2768 649 2801 A.
816 2779 848 2813 9.
876 2768 1173 2812 ἀναθαρσήσαντες
1191 2769 1282 2804 Edd.
1301 2770 1418 2804 invitis
1435 2770 1526 2805 A.B.
1705 2781 1757 2804 11.
1784 2771 1894 2806 αὐτοῖς

317 2814 358 2846 τὰ
377 2812 469 2847 Edd.
678 2825 731 2848 12.
759 2815 853 2858 δίκην
869 2814 1039 2859 πολεμίων
1056 2816 1193 2850 inverso
1211 2816 1331 2850 ordine
1348 2818 1391 2851 A.
1597 2826 1649 2862 15.
1674 2817 1814 2863 ταράξαι
1831 2829 1894 2862 pro

317 2861 462 2904 πατάξαι
480 2860 572 2895 Edd.
624 2860 659 2895 ἐν
676 2873 739 2906 pro
757 2862 811 2896 ἐπὶ
831 2862 872 2896 Β.
892 2862 951 2896 sed
970 2862 1013 2896 cf.
1033 2862 1121 2896 infra
1138 2862 1205 2908 456
1223 2863 1257 2897 b.
1277 2863 1380 2897 habet
1397 2863 1451 2898 ἐπὶ
1469 2864 1513 2898 Α.
1763 2875 1815 2909 19.
1841 2864 1894 2898 καὶ

318 2917 387 2939 om.
407 2907 449 2940 A.
658 2919 713 2953 23.
739 2908 924 2943 πιαίνονται
943 2909 985 2943 Β.
1037 2909 1162 2943 Statim
1180 2908 1249 2944 οἷον
1267 2922 1329 2956 pro
1347 2908 1435 2945 οἶνον
1452 2910 1543 2945 Edd.
1748 2921 1803 2956 ²5·
1828 2911 1893 2956 γὰρ

318 2959 541 2998 assumptum
560 2966 601 2988 ex
621 2954 662 2989 A.
681 2956 716 2989 δέ
736 2968 798 3000 pro
815 2957 879 3001 γὰρ
899 2956 941 2991 Β.
991 2957 1122 3001 Ζαμβρὶ
1141 2956 1231 2991 Edd.
1374 2997 1388 3004 ..
1548 2957 1601 2992 26.
1626 2959 1894 2993 πεπλεονάκασιν

317 2997 378 3033 iid.
