2021 3434
274 234 356 273 104
663 234 709 274 B.
754 233 1028 274 CYRILLI
1072 233 1452 273 ALEXANDR.
1698 232 1749 272 iv.
1784 245 1842 271 ιο.

265 339 549 401 ε’κνενευκὼς,
576 342 651 390 καὶ
688 339 877 403 ἁπάσης
912 338 1074 404 ὥσπερ
1112 338 1414 401 ἀνοσιότητος
1451 337 1630 393 ἐλάσας
1668 341 1843 403 τρίβον,

67 441 119 476 73
139 440 191 474 A.
224 422 584 481 αέβουλεύσατο
627 420 675 471 δὲ
718 419 778 470 τὰ
817 420 1007 471 πάντων
1050 420 1280 487 α’ίσχιστα
1322 442 1371 470 τε
1419 422 1492 470 καὶ
1534 420 1845 482 ἐκτοπώτατα,

263 503 346 553 τὸν
375 502 461 566 μὲν
498 506 592 553 τῶν
626 501 753 552 ὅλων
788 500 1023 565 ἀτιμάσας
1056 501 1195 565 Θεὸν,
1220 502 1479 555 ἀποκλίνας
1510 499 1558 553 δὲ
1597 502 1671 550 καὶ
1709 500 1847 554 αὐτὸς

263 591 325 640 εἰς
362 586 416 637 τὸ
454 586 694 652 λατρεύειν
728 586 950 650 εἰδώλοις,
984 583 1200 647 ἐκδικήσω
1233 588 1300 638 ἐπ’
1330 586 1471 649 affirm,
1501 585 1729 647 τουτέστι,
1762 584 1848 648 τὴν

262 674 359 723 τοῖς
399 666 809 733 πλημμελήμασιν
857 667 1165 732 ἰσοστάθμως
1221 669 1426 736 ἔχουσαν
1475 668 1652 719 ε’ποίσω
1696 668 1842 730 δίκην.

264 751 333 801 ὅτι
371 750 420 800 δὲ
457 755 553 804 τοῖς
590 753 889 819 ἀποφοιτῶσι
923 753 1006 814 τῆς
1042 755 1103 804 εἰς
1145 750 1270 802 Θεὸν
1307 748 1494 814 ἀγάπης
1531 747 1585 799 τὸ
1623 750 1671 799 ἐν
1708 751 1848 799 παντὶ

261 832 483 898 γενέσθαι
514 837 642 901 κακῷ
671 831 876 897 πάντητε
916 834 992 883 καὶ
1027 832 1214 886 πάντως
1251 831 1567 895 συμβήσεται,
1594 835 1693 884 πῶς
1719 832 1849 881 ἐστιν

263 917 585 982 ἀμφιβαλεῖν;
644 916 748 966 οὕτε
791 914 885 980 γὰρ
937 914 1082 981 ὀρθήν
1124 937 1174 965 τε
1226 917 1299 966 καὶ
1346 913 1600 977 ἀμώμητον
1641 912 1848 963 διελάσει

263 998 440 1062 τρίβον,
467 997 558 1047 οὔτ’
588 994 646 1047 ἂν
670 996 806 1066 σοφὰ
830 995 1145 1057 βουλεύσαιτο
1168 1019 1297 1055 ποτε,
1325 995 1410 1060 τὴν
1442 995 1569 1047 θείαν
1609 995 1690 1045 οὐκ
1729 995 1848 1061 ε”χων

218 1087 245 1128 b
263 1080 603 1145 ἐπικουροῦσαν
629 1080 754 1148 αὐτῷ
779 1080 960 1146 σοφίαν
984 1101 1033 1130 τε
1057 1080 1133 1129 καὶ
1157 1078 1365 1142 δύναμιν.

199 1311 245 1336 10
268 1290 343 1332 Καὶ
382 1292 603 1347 φάΓονται,
642 1292 710 1333 καὶ
749 1292 796 1333 οὐ
836 1293 892 1341 μή
932 1292 1245 1341 ἐμΠλΗσθώσιψ
1296 1292 1559 1348 ἐπόρνευσαν
1599 1292 1668 1332 καὶ
1704 1292 1752 1331 οὐ
1790 1292 1845 1339 μὴ

334 1376 685 1419 κατευθυνθώσιν.

337 1498 381 1546 Τ
384 1493 573 1562 ετήρηκε
605 1495 752 1547 πάλιν
780 1501 875 1551 τοῖς
909 1496 965 1565 ἐξ
1001 1496 1195 1560 αἵματος
1218 1495 1419 1562 Ἰσραὴλ
1451 1495 1506 1546 τὸ
1533 1495 1843 1565 κατάλειμμα.

263 1577 334 1627 ὅτι
372 1576 465 1643 γὰρ
504 1578 587 1628 οὐκ
625 1577 826 1629 εἷσάπαν
855 1578 1098 1646 οἰχήσεται
1127 1583 1223 1632 τοῖς
1255 1582 1425 1644 ἱερεῦσι
1459 1577 1513 1628 τὸ
1545 1581 1716 1645 χρῆμα,
1743 1582 1842 1628 δια-

263 1663 429 1725 τρανοΐ
460 1659 630 1725 λέγων·
674 1659 745 1711 ὅτι
779 1661 1003 1730 φάγονται
1041 1660 1139 1724 μὲν,
1170 1657 1299 1724 πλὴν
1339 1663 1381 1711 οὐ
1419 1659 1481 1725 μὴ
1520 1659 1845 1727 ἐμπλησθῶσιν.

263 1741 350 1791 εἴτε
377 1739 470 1807 γὰρ
497 1740 580 1795 τὰς
606 1742 804 1810 ἀρχαίας
837 1742 1008 1797 ἐκείνας
1042 1748 1124 1793 τοῦ
1149 1741 1353 1808 Ἰσραὴλ
1376 1742 1750 1806 μεταναστάσεις
1776 1744 1851 1793 καὶ

263 1823 597 1889 αἰχμαλωσίας
641 1824 879 1888 ἐννοήσειέ
916 1847 997 1886 τις,
1043 1824 1120 1875 εἴτ’
1162 1824 1242 1874 οὖν
1286 1823 1372 1888 τὴν
1414 1825 1489 1875 ἐπὶ
1532 1827 1732 1893 Χριστῷ
1776 1823 1852 1874 διὰ

262 1906 345 1968 τῆς
389 1909 483 1955 τῶν
518 1905 763 1969 Ῥωμαίων
805 1905 957 1973 χειρὸς
997 1909 1080 1970 τῆς
1117 1905 1345 1959 Ἰουδαίας
1377 1905 1628 1971 ἐρήμωσιν,
1661 1908 1709 1957 ἐν
1747 1914 1848 1957 λει-

225 1985 436 2054 οψάνοις
471 1986 656 2053 εὑρήσει
689 1988 999 2055 τετηρημένον
1033 1987 1174 2039 αὐτόν
1206 2010 1256 2039 τε
1294 1987 1377 2038 τὸν
1401 1987 1617 2054 Ἰσραὴλ,
1653 1990 1729 2039 καὶ
1766 1988 1852 2052 τὴν

266 2067 386 2119 κατὰ
437 2068 580 2132 νόμον
628 2071 865 2136 λατρείαν.
932 2069 1347 2133 ἀποκομισθέντων
1397 2068 1491 2136 γὰρ
1540 2068 1594 2120 τὸ
1639 2069 1850 2134 τηνικάδε

267 2150 343 2201 διά
367 2173 417 2202 τε
443 2157 525 2202 τοῦ
553 2151 897 2218 Σαλμανασὰρ,
923 2155 998 2203 καὶ
1032 2157 1115 2203 τοῦ
1141 2151 1546 2219 Θεγλαφαλασὰρ
1577 2156 1639 2206 εἰς
1662 2152 1851 2203 Ἀσσυ-

265 2234 392 2298 ριόυς
423 2235 498 2284 καὶ
527 2232 737 2298 Μήδους,
765 2234 896 2285 οὐδὲν
930 2234 1071 2299 ἧττον
1103 2238 1145 2285 οἱ
1177 2239 1369 2301 βραχεῖς
1395 2236 1469 2285 καὶ
1504 2235 1750 2300 ὀλιγοστοὶ
1776 2236 1853 2285 καὶ

264 2315 667 2379 περιλελειμμένοι
705 2319 801 2366 τῶν
838 2316 896 2385 ἐξ
925 2315 1128 2382 Ἰσραὴλ
1162 2319 1413 2382 προσῆγον
1450 2321 1545 2370 τοῖς
1585 2320 1758 2383 ἱερεῦσι
1791 2315 1852 2367 τὰ

266 2397 588 2461 νενομισμένα,
614 2403 710 2452 τοῖς
740 2397 859 2449 κατὰ
889 2403 1021 2466 χεῖρα
1054 2403 1294 2462 τιμῶντες·
1336 2400 1412 2448 καὶ
1440 2399 1522 2449 οὐκ
1560 2398 1651 2466 ἔξω
1684 2402 1778 2449 τῶν
1802 2399 1851 2448 ἐν

267 2477 358 2528 ε”θει
393 2479 626 2543 γινόμενοι
660 2485 918 2534 παντελῶς.
987 2479 1105 2532 κατὰ
1130 2479 1213 2531 τὸν
1238 2480 1346 2531 ’ίσον
1380 2479 1429 2531 δὲ
1460 2479 1650 2547 τρόπον,
1690 2483 1767 2532 καὶ
1803 2482 1852 2531 ἐν

266 2563 334 2627 τῷ
375 2562 559 2631 λοίσθῳ
608 2563 817 2632 πολέμῳ,
859 2565 925 2632 τῷ
974 2564 1048 2614 ἐπὶ
1101 2562 1345 2628 Καίσαρος
1393 2562 1674 2628 Αὐγούστου
1715 2565 1851 2632 φημὶ,

224 2652 250 2693 d
269 2643 645 2709 καταδῃωθείσης
691 2646 844 2699 αὐτοῖς
883 2647 966 2709 τῆς
1009 2644 1178 2712 χώρας,
1223 2645 1616 2711 ἐσκορπίσθησαν
1663 2644 1748 2708 μὲν
1790 2648 1853 2699 εἷς

48 2713 166 2789 {3²ss?
268 2721 423 2773 πάντα
463 2725 646 2789 ἄνεμον,
683 2728 758 2778 καὶ
792 2729 840 2779 ἐν
872 2726 1008 2796 πάσῃ
1042 2727 1174 2797 χώρᾳ
1211 2750 1260 2778 τε
1300 2731 1375 2779 καὶ
1412 2726 1560 2780 πόλει·
1624 2727 1754 2792 πλὴν
1787 2728 1852 2779 ἐτι

316 2890 350 2924 3.
377 2881 464 2914 Θεὸν
479 2881 644 2924 ἀτιμάσας
663 2885 749 2919 Θεὸν
766 2885 854 2931 (Sic)
874 2887 918 2920 D.
1251 2888 1284 2921 8.
1310 2887 1545 2933 ἀμφιβαλλεῖν
1564 2888 1610 2922 D.
1659 2903 1694 2922 τε
1712 2899 1781 2922 om.
1801 2888 1849 2922 D.

273 2937 326 2960 12.
352 2927 598 2963 κατευθυνθῶσι
614 2930 659 2964 D.
665 2931 701 2965 F.
717 2931 808 2966 Edd.
823 2933 1050 2969 κατευθυνῶσι
1067 2933 1107 2969 Β.
1121 2933 1368 2978 (κατευθύνωσι
1380 2934 1411 2966 V
1414 2938 1460 2969 at.
1474 2949 1570 2969 κατει
1566 2935 1712 2970 θυνουσι
1726 2934 1848 2991 Alex.)

274 2984 327 3017 13.
352 2973 643 3030 τοῖς-οἶχὴσεται
660 2989 729 3011 om.
751 2978 794 3012 D.
1059 2981 1112 3015 16.
1138 2981 1343 3016 ἀναστάσεις
1363 2981 1407 3015 Ι).
1711 2992 1762 3026 17·
1789 2979 1847 3015 εἶτ’

269 3034 327 3054 ουν
345 3019 391 3054 D.
410 3035 474 3055 ειτε
494 3020 585 3055 Edd.

1868 685 1889 723 <a

1873 1101 1918 1125 10

1874 1683 1918 1720 15

1871 2098 1919 2123 20
