2021 3434
118 195 334 249 ii.15-17.
571 196 644 237 IN
685 195 957 237 JOELEM.
1017 194 1165 236 TOM.
1200 195 1234 235 1.
1608 194 1688 234 325

119 306 316 376 οιστηρίου
355 306 683 373 κατολολύζειν
717 309 907 361 ἐκτενῶς
940 306 1314 373 ἀνακεκραγότας
1353 308 1427 357 καὶ
1466 305 1694 371 λέγοντας

118 391 268 439 <bama
306 390 427 458 Κύριε
464 391 534 441 τοῦ
567 392 681 441 λαοῦ
719 392 807 452 σοῦ,
853 394 929 441 καὶ
968 389 1030 457 μὴ
1070 387 1152 460 δῷς
1190 388 1259 450 τὴν
1299 391 1580 457 κληρονομίαν
1618 413 1694 440 σου

117 474 176 524 εἰς
217 468 376 532 aedos,
403 473 473 522 τοῦ
510 472 730 542 κατάρξαι
767 471 902 523 αὐτῶν
941 471 1038 535 ἔθνη,
1063 472 1183 527 ’ὅπως
1217 470 1278 540 μὴ
1318 472 1491 523 εἴπωσιν
1530 472 1568 523 ἐν
1606 474 1732 526 Toka
1771 489 1849 523 221
1863 487 1913 523 A.

119 549 246 602 ἔθνεα-ι
275 554 366 603 Ποῦ
391 554 502 604 ἐστὶν
529 559 546 605 ὁ
574 554 685 608 Θεὶς
711 552 879 614 αὐτῶνς

77 652 99 691 5
190 631 330 684 Ἀλλ’
359 638 395 685 εἰ
420 637 524 701 περὶ
556 634 699 699 μόνης
727 636 851 703 αὐτῷ
876 638 959 699 τῆς
986 635 1171 700 ἀκρίδος
1197 632 1342 699 λόγος
1367 632 1438 697 ἧν,
1465 638 1564 688 πῶς
1591 635 1693 702 οὐχὶ

32 716 35 717 ⁷
116 719 305 778 μᾶλλον
341 722 481 779 λιμοῦ
525 718 600 767 καὶ
647 717 818 770 ἐνδείας
856 720 1067 767 αἰτοῦσιν
1104 715 1424 781 ἀπαλλαγήν;
1464 717 1694 767 ἐκδεδίασι

117 795 166 846 δὲ
209 796 262 847 τὸ
301 802 462 849 πεσεῖν
499 801 561 851 εἰς
601 802 757 864 χεῖρας
797 798 988 865 ἐχθρῶν,
1024 799 1098 848 καὶ
1139 803 1471 863 παραιτοῦνται
1506 796 1694 863 γέλωτα

116 879 192 928 καὶ
237 875 481 946 ὀνειδισμὸν.
550 877 666 933 εἰκὸς
703 879 797 941 οὖν,
830 879 975 948 φαίην
1013 877 1051 929 δ’
1085 876 1142 928 ἂν
1179 877 1250 929 ὅτι
1288 880 1363 929 καὶ
1403 878 1589 943 ἀληθὲς,
1631 883 1694 934 ὡς

115 959 163 1009 ἐν
201 964 296 1014 τοῖς
331 961 574 1026 αἰνίγμασι
607 965 702 1013 τοῖς
739 962 844 1026 περὶ
888 963 970 1024 τῆς
1010 960 1194 1025 ἀκρίδος
1227 960 1255 1024 ἡ
1289 964 1383 1011 τῶν
1416 961 1694 1028 Ἀσσυρίων

51 1069 98 1094 10
116 1041 284 1110 ἔφοδος
319 1043 550 1110 ἐγράφετο
587 1041 869 1106 λεληθότως.
932 1045 968 1092 εὶ
1002 1041 1050 1092 δὲ
1081 1041 1137 1105 δὴ
1172 1041 1395 1103 βούλοιτό
1424 1066 1492 1097 τις
1523 1046 1597 1094 καὶ
1622 1045 1691 1096 ἐπ’

3 1120 6 1121 ⁷
116 1125 254 1188 αὐτῆς
289 1126 370 1188 τῆς
406 1125 589 1191 ἀκρίδος
622 1123 681 1174 τὰ
717 1123 870 1174 τοιάδε
905 1128 1034 1186 νοεῖν,
1063 1123 1462 1186 καταθαυμάσειεν
1488 1123 1545 1177 ἂν
1576 1124 1693 1177 εἰκό-

114 1228 209 1259 τως
240 1210 334 1256 τῶν
368 1210 671 1274 προφητικῶν
710 1204 1052 1269 θεσπισμάτων
1091 1204 1176 1270 τὴν
1215 1207 1490 1270 οἰκονομίαν.
1555 1207 1736 1262 αὐτὸςῖ)

115 1287 208 1354 γὰρ
235 1289 259 1338 ὁ
286 1291 367 1353 τῆς
393 1286 637 1342 κολάσεως
670 1286 844 1354 τρόπος
877 1290 1126 1355 μονονουχὶ
1161 1288 1475 1356 κατακέκραγε
1499 1292 1582 1354 τῆς
1610 1295 1694 1342 τοῦ

113 1368 313 1436 Ἰσραὴλ
339 1370 577 1433 ἀβουλίας,
605 1372 680 1420 καὶ
702 1369 899 1436 προσέτι
924 1372 1006 1433 τῆς
1033 1369 1226 1434 ἐνούσης
1253 1371 1405 1425 αὐτοῖς
1431 1371 1688 1426 ἀσθενείας.

51 1472 97 1511 15
115 1452 391 1521 ἠλλάξαντο
428 1452 522 1519 γὰρ
547 1459 575 1482 “
597 1450 728 1506 θεοὺς
766 1451 809 1502 οἳ
840 1453 922 1503 οὐκ
961 1454 1053 1503 εἱσι
1079 1453 1212 1515 θεοὶ,”
1244 1454 1317 1504 καὶ
1342 1452 1425 1504 τὸν
1448 1458 1542 1505 τῶν
1567 1453 1693 1505 ὅλων
1752 1470 1846 1502 Hier.
1857 1470 1891 1502 ii.

115 1536 308 1603 ἀφέντες
343 1534 644 1601 Δημιουργὸν
677 1533 1114 1602 προσκεκυνήκασιν
1148 1538 1205 1603 τῇ
1241 1534 1393 1588 Βάαλ.
1456 1535 1565 1587 ἀλλ’
1594 1535 1692 1588 ἰδοὺ
1756 1525 1804 1547 H'

114 1620 197 1681 τῆς
230 1618 415 1684 ἀκρίδος
449 1616 688 1687 ἀφόρητον
722 1622 961 1668 ποιοῦνται
1000 1615 1086 1681 τὴν
1126 1616 1450 1683 παρεμβολὴν,
1488 1624 1693 1686 βροῦχος

115 1698 350 1766 ὃπλίζεται
388 1702 463 1751 καὶ
497 1699 816 1762 πεπτώκασιν,
855 1700 1070 1762 οὐδεμίαν
1107 1699 1269 1767 ε”χουσι
1302 1699 1388 1765 τὴν
1428 1701 1693 1768 ἐπικουρίαν

115 1784 164 1834 ἐκ
196 1786 290 1834 τῶν
333 1783 651 1852 ψευδωνύμων
690 1786 822 1834 θεῶν·
877 1785 918 1833 οἱ
953 1780 1001 1832 δὲ
1037 1780 1093 1846 δὴ
1130 1782 1339 1850 βρούχου
1385 1784 1460 1834 καὶ
1504 1784 1690 1850 ἀκρίδος

51 1889 99 1914 20
117 1865 378 1929 ἡττώμενοι,
416 1864 555 1916 ποίαν
592 1863 649 1915 ἂν
683 1865 748 1916 ε”τι
785 1869 879 1919 τοῖς
916 1869 1268 1931 προσκυνοῦσιν
1305 1865 1460 1919 αὐτοῖς
1496 1867 1692 1917 ἐπιδοῖεν

116 1946 200 2012 τὴν
225 1947 386 1998 ὁίκεσιν
411 1950 447 1998 εἰ
473 1946 698 2015 μάχοιντο
720 1945 839 2014 πρὸς
864 1945 1071 2014 ἐχθροὺς,
1097 1949 1172 1998 καὶ
1203 1952 1303 2001 ταῖς
1336 1952 1430 1999 τῶν
1454 1947 1692 2013 πολεμίων
1708 1971 1731 1999 c

116 2034 442 2096 πολιορκοῖντο
469 2028 738 2099 φάλαγξιν;

167 2197 195 2219 1.
220 2185 540 2242 ἇνακεκραγότας]’
521 2186 768 2222 ανακωκύοντας
787 2187 878 2222 Edd.
1186 2198 1220 2231 3.
1246 2187 1336 2224 ὅπως
1352 2187 1396 2231 μὴ
1415 2186 1555 2223 ε’ίπωσιν
1572 2187 1607 2222 ἐν
1623 2190 1693 2224 vois

116 2232 245 2277 ἔθνεσι]
265 2232 391 2276 μήποτε
409 2233 548 2267 είπωσιν
563 2234 604 2267 τὰ
620 2234 696 2277 ἔθνη
715 2234 775 2268 iid.
1075 2243 1108 2278 5.
1133 2234 1162 2268 εἷ
1177 2236 1254 2279 περὶ
1270 2234 1387 2280 μόνης]
1405 2234 1496 2278 εἰπερ
1513 2237 1615 2278 μόνον
1632 2235 1692 2270 iid.

117 2280 150 2313 8.
176 2280 280 2323 φαίην
297 2279 357 2314 δ’
341 2295 381 2314 αν
398 2279 505 2326 ὅτι]“
487 2295 538 2314 οτι
556 2280 692 2326 φαίην
676 2296 716 2314 αν
737 2280 796 2315 iid.
1151 2292 1203 2315 10.
1230 2282 1399 2327 ἐγράφετο
1415 2282 1609 2325 λεληθότως
1625 2282 1693 2316 hoc

117 2326 236 2360 ordine
256 2326 297 2360 Β.
641 2339 654 2361 1
665 2339 693 2362 1.
719 2330 855 2362 τοιαῦτα
871 2326 930 2362 iid.
979 2328 1113 2363 εἰκότως
1129 2334 1208 2373 post
1226 2329 1468 2372 θεσπισμάτων
1483 2335 1615 2374 transp.
1633 2329 1694 2364 iid.

120 2373 173 2407 16.
199 2373 341 2426 ἀφεντες
366 2372 593 2419 Δημιουργὸν]
622 2376 707 2408 Θεὸν
731 2375 874 2420 ἀφέντες
898 2374 1223 2419 11ἆ.προσκεκ.τῇ
1244 2381 1280 2409 Β.
1284 2375 1299 2421 ]
1318 2378 1363 2421 τῷ
1391 2381 1428 2409 Β.
1451 2390 1611 2420 προσκεκ.
1630 2375 1692 2410 iid-

120 2430 173 2465 17.
199 2422 256 2464 τῆς
273 2419 424 2466 ἀκρίδος]
444 2421 476 2454 αἶ
493 2420 624 2466 ἀκρίδες
640 2421 700 2456 iid.
996 2423 1086 2457 18.'
1075 2423 1094 2455 ε’
1092 2421 1249 2467 χουσι]”
1230 2437 1366 2467 εχοντες
1383 2422 1616 2456 iid.Stat1m
1634 2422 1694 2466 τὴν

117 2473 338 2511 assumptum
356 2479 397 2501 ex
417 2467 459 2501 B.
651 2479 704 2513 19.
734 2467 980 2514 ψευδωνύμων]
1001 2473 1038 2510 -1-
1056 2469 1164 2504 αὐτῶν
1182 2469 1273 2503 Edd.
1296 2468 1474 2528 βρούχου
1490 2470 1543 2503 καὶ
1559 2469 1694 2513 ἇκρίδος·

117 2512 313 2558 ἡττώμενοι]
333 2515 477 2559 βροῦχοι
495 2514 547 2547 καὶ
564 2513 727 2559 ἀκρίδες
712 2515 910 2560 ηττωμένοις
926 2516 987 2551 iid.
1214 2527 1269 2551 20.
1293 2514 1334 2551 ἂν
1350 2522 1571 2562 assumptum
1588 2528 1629 2551 ex
1647 2516 1692 2551 Β.

119 2571 174 2594 21.
200 2559 423 2606 πολεμίων]’
407 2561 561 2596 εναντίων
576 2561 637 2596 iid.
