2021 3434
100 195 142 237 ii.
171 208 319 248 12-14.
545 194 618 235 IN
659 192 938 235 JOELEM.
997 189 1147 232 TOM.
1191 189 1227 230 Ι.
1587 187 1665 227 321

165 318 235 360 καὶ
273 317 528 376 ὃιαῤῥήὲατε
570 317 645 358 τὰς
687 315 863 373 καρδίας
904 314 1021 363 ὑμῶν
1061 313 1129 354 καί
1167 311 1222 361 μή
1266 311 1317 353 τὰ
1359 309 1500 359 ἱμάτια
1537 308 1666 357 ὑμῶν·
1692 319 1737 355 13

167 402 236 443 καὶ
275 402 556 458 ἐπιστρέψατε
598 401 705 457 Πρὸε
750 399 897 455 Κύριον
939 398 1012 440 τὸν
1055 396 1163 438 Θεὸν
1205 395 1335 445 ὑμῶν,
1373 395 1437 435 ὅτι
1473 393 1711 440 ὲλεύμωνο

168 484 237 526 καὶ
273 482 500 541 οἰκτίρμων
539 484 638 535 ἐστὶ,
672 483 943 539 μακρόθυμοο
981 480 1049 521 καὶ
1084 480 1318 520 Πολυέλεοε
1351 477 1419 518 καὶ
1449 475 1671 525 μετανοῶν

165 568 236 610 ἐπὶ
260 565 352 610 ταῖς
380 567 557 609 κακίαις.
615 566 677 608 Tic
714 562 828 608 οἶδεν
866 563 901 606 εἰ
937 564 1185 620 ἐπιστρέψει
1223 562 1289 603 καὶ
1325 561 1578 610 μετανοήσει
1609 557 1675 599 καὶ
1698 570 1743 603 14

58 652 81 691 5
166 649 422 692 ὑπολίπΗται
460 649 599 691 ὀπίσω
636 649 760 690 αὐτοῦ
799 646 1002 697 εὐλοῑίαν,
1035 645 1176 688 θυσίαν
1215 645 1281 686 καὶ
1318 643 1504 687 σπονδὴν
1545 641 1681 699 Κυρίῳ

167 735 228 788 τῷ
265 733 362 788 Θεῷ
399 734 547 785 ᾗμών3

172 854 416 906 Ἐντεῦθεν
447 853 504 905 ἂν
528 854 706 917 μάθοις,
733 856 807 904 καὶ
833 853 965 916 μάλα
990 856 1173 919 σαφῶς,
1201 853 1262 904 ὡς
1296 850 1382 916 οὐχ
1415 848 1572 914 ἑτέρου
1594 871 1677 899 του

100 936 236 1005 χάριν
261 938 388 1004 ὑψοῦ
429 936 512 1000 μὲν
537 937 672 987 ἐτίθει
698 934 757 986 τὰ
784 933 1060 1000 διηγήματα·
1100 931 1319 998 σκληρὰν
1345 930 1393 981 δὲ
1419 931 1574 984 αὐτοῖς
1601 932 1676 980 καὶ

102 1018 500 1082 δυσδιακόμιστον
534 1019 700 1085 κομιδῇ
735 1020 1069 1085 προαναφωνεῖ
1088 1014 1173 1079 τὴν
1199 1012 1468 1082 συμφορὰν,
1496 1010 1524 1076 ἢ
1553 1010 1678 1062 ὥστε

39 1125 85 1150 ιο
103 1099 269 1152 λοιπὸν
292 1105 570 1164 μεταπεῖσαι
596 1103 846 1167 παρελθεῖν
870 1102 931 1151 εἰς
959 1096 1271 1163 μετάγνωσιν.
1339 1093 1682 1160 ἀπογινώσκειν

102 1181 194 1249 γὰρ
235 1183 317 1233 οὐκ
355 1184 423 1251 ἐᾷ·
465 1185 813 1243 διαβεβαιοῦται
851 1179 913 1243 δὲ,
953 1182 1028 1230 καὶ
1065 1179 1198 1244 μάλα
1235 1182 1419 1247 σαφῶς,
1456 1179 1517 1230 ὡς
1555 1176 1726 1242 ε’ίπερᾶ

103 1265 284 1316 ἕλοιντο
323 1269 513 1333 φρονεῖν
551 1263 610 1314 τὰ
647 1263 835 1325 βελτίω,
876 1264 952 1313 καὶ
992 1261 1074 1316 τὰς
1116 1261 1230 1314 ἰδίας
1272 1259 1405 1313 ὁδοὺς
1443 1258 1529 1310 κᾶν
1566 1264 1682 1324 γοῦν

103 1351 197 1401 τοῖς
236 1346 460 1412 δευτέροις
497 1348 782 1412 ἐπανορθοῦν
820 1348 881 1398 εἰς
915 1342 969 1395 τὸ
1008 1343 1210 1409 ἀρέσκον
1241 1345 1362 1411 Θεῷ,
1392 1339 1684 1393 πεπαύσεται

104 1427 289 1482 πάντως
321 1427 380 1479 τὰ
415 1427 471 1497 ἐξ
502 1429 658 1494 ὀργῆς,
685 1428 760 1478 καὶ
794 1430 856 1480 εἷς
881 1425 1062 1479 πλάτος
1090 1426 1245 1479 αὐτοῖς
1271 1424 1519 1486 εὐκοσμίας
1544 1446 1684 1487 μετα-

43 1534 88 1573 15
105 1509 310 1576 χωρήσει
335 1509 394 1560 τὰ
416 1509 688 1576 πράγματα.
756 1509 824 1562 τίς
855 1509 892 1559 δ’
922 1507 979 1558 ἂν
1003 1508 1183 1573 γένοιτο
1207 1509 1289 1570 τῆς
1318 1529 1368 1557 τε
1393 1507 1683 1573 ἐπιστροφῆς

105 1593 272 1655 αὐτοῖς,
311 1594 386 1643 καὶ
423 1594 448 1643 ὁ
487 1595 567 1656 τῆς
605 1594 738 1656 λιτῆς
777 1591 961 1657 τρόπος,
1001 1591 1284 1653 καθίστησιν
1322 1586 1523 1654 ἐναργὲς,
1563 1588 1684 1638 οὕτω

106 1675 260 1740 λε’γων
285 1681 375 1725 Καὶ
402 1676 461 1726 νῦν
488 1673 610 1741 λέγει
639 1674 788 1742 Κύριος
815 1680 832 1725 o‘
861 1672 972 1728 Θεὶς
999 1672 1113 1740 ἡμῶν
1139 1673 1467 1739 Ἐπισ-τράφητε
1493 1671 1600 1739 πρὶς
1625 1668 1684 1736 μὲ

106 1757 152 1826 ἐξ
203 1756 304 1818 ’ὅλης
356 1753 549 1825 καρδίαις
597 1755 725 1824 ὑμῶν.
794 1755 1012 1824 ἐῤῥίφθω,
1065 1755 1200 1822 φησὶ,
1250 1752 1309 1804 τὰ
1356 1750 1683 1822 παρῳχηκότα,

108 1840 180 1889 καὶ
211 1839 503 1904 ἀποδημείτω
541 1839 659 1905 πρὸς
693 1836 845 1903 λήθην
876 1836 935 1888 τὰ
967 1836 1234 1906 φθάσαντα·
1273 1836 1448 1886 ἑαυτῶν
1474 1835 1723 1898 ἀμείνουςε

43 1942 91 1967 20
108 1920 282 1988 ὅφθητε
341 1925 436 1974 τοῖς
499 1921 736 1986 δευτέροις,
789 1921 1150 1983 ἐκμειλίσσεσθε
1203 1916 1327 1968 Θεὸν
1389 1922 1557 1986 νηστείᾳ
1610 1917 1685 1965 καὶ

107 2001 248 2073 πόνῳ,
287 2009 460 2073 κοπετῷ
497 2026 546 2053 τε
580 2004 653 2053 καὶ
689 2003 918 2068 ὀδυρμοῖς.
984 1999 1148 2069 ἕψεται
1185 1998 1279 2066 γὰρ
1316 1998 1502 2052 πάντως
1539 2002 1686 2048 ταῦτα

108 2087 222 2151 δρᾶν
262 2085 505 2153 ᾑρημένοις
544 2083 597 2135 τὸ
639 2087 807 2152 χρῆναι
849 2082 1018 2134 λοιπὸν
1063 2084 1111 2133 ἐν
1154 2082 1413 2133 εὐπαθείαις
1455 2077 1568 2130 εἶναι
1611 2080 1686 2130 καὶ

108 2170 280 2234 τρυφῇ.
346 2165 508 2233 ὥσπερ
541 2165 635 2232 γὰρ
669 2169 750 2230 τῆς
790 2165 1037 2234 ῥᾳστώνης
1078 2163 1131 2215 τὸ
1169 2163 1316 2226 τέλος,
1355 2164 1430 2212 καὶ
1468 2167 1549 2213 τοῦ
1588 2163 1686 2212 δια-

109 2248 291 2299 πίπτειν
341 2251 403 2303 εὶς
446 2248 614 2313 ἡδονὰς
658 2248 971 2316 καταστρέφει
1020 2246 1206 2299 πάντως
1252 2250 1314 2298 εἰς
1360 2242 1566 2309 οἰμωγὰς
1610 2245 1687 2293 καὶ

46 2352 92 2390 25
111 2331 326 2382 κόλασιν·
368 2333 488 2382 οὕτω
519 2334 600 2393 τῆς
635 2331 870 2384 ἐπιεικείας
908 2331 983 2381 καὶ
1015 2333 1108 2379 τῶν
1131 2329 1204 2379 ἐπὶ
1237 2332 1335 2381 ταῖς
1361 2325 1688 2392 μεταγνώσεσι

111 2412 266 2465 πόνων
290 2414 318 2477 ἡ
344 2414 538 2473 ε”κβασις
573 2416 633 2466 εἰς
669 2411 722 2463 τὸ
753 2414 834 2475 τῆς
862 2411 1098 2476 εὐημερίας
1125 2410 1305 2477 ἔρχεται
1330 2407 1524 2461 πλάτος.
1573 2406 1689 2475 χρή-

160 2589 191 2613 2.
216 2577 448 2622 ἐπιστρέψατε
467 2577 509 2611 Β.
529 2578 601 2620 (42,
621 2588 698 2622 239,
719 2576 800 2619 240)
818 2576 1052 2620 ἐπιστράφητε
1070 2573 1161 2608 Edd.
1181 2573 1292 2618 (A.V.
1310 2572 1395 2617 Sec.)
1546 2582 1579 2617 5.
1606 2572 1687 2606 ὑπο-

111 2625 248 2668 λίπηται
268 2625 309 2658 Β.
326 2623 544 2669 ὑπολήψεται
563 2623 654 2658 Edd.
673 2623 744 2667 (86,
764 2624 859 2665 228.)
878 2622 1122 2666 (ὑπολείψεται
1139 2621 1231 2654 ΑΝ.
1251 2619 1334 2663 Sec.)
1353 2625 1387 2653 et
1404 2619 1447 2653 Cf.
1465 2618 1555 2653 infra
1573 2630 1639 2664 219
1657 2631 1687 2653 e.

113 2670 286 2716 εὐλογίαν]
304 2675 341 2711 -ὶ-
356 2671 409 2704 καὶ
428 2670 519 2704 Edd.
538 2670 650 2714 (Vat.)
745 2669 777 2703 6.
796 2668 887 2712 ἡμῶν
902 2669 944 2702 Β.
960 2669 1074 2711 (Alex.
1093 2670 1128 2710 N)
1140 2668 1230 2710 ὑμῶν
1247 2666 1339 2700 Edd.
1359 2665 1472 2709 (Vah.)
1579 2675 1610 2711 7.
1628 2681 1687 2700 του

113 2717 230 2763 χάριν]
249 2718 347 2761 χάριν
364 2718 452 2752 τινὸς
470 2716 562 2750 Edd.
738 2716 771 2750 8.
797 2716 837 2749 τὰ
855 2715 1035 2759 διηγημένα
1052 2714 1151 2748 ἐτίθει
1168 2725 1230 2758 pro
1248 2713 1349 2747 ἐτίθει
1365 2713 1406 2746 τὰ
1423 2711 1609 2758 διηγήματα
1626 2713 1686 2747 iid.

115 2776 148 2809 9.
174 2764 404 2808 προανεφώνει
422 2763 482 2797 iid.
739 2772 792 2796 10.
817 2763 1016 2805 μεταπεῖσαι
1032 2759 1229 2806 παρελθεῖν]
1247 2759 1457 2804 μεταστῆσαι
1473 2758 1610 2795 τούτους
1626 2759 1686 2794 iid.

119 2822 173 2855 13.
192 2810 346 2853 ἀρέσκειν
362 2809 421 2844 iid.
468 2808 616 2843 πεπαύσ.
634 2809 766 2844 πάντως
782 2808 849 2842 hoc
866 2807 987 2842 Ordine
1002 2807 1042 2841 B.
1233 2818 1286 2849 14.
1304 2806 1400 2842 εὐθὺς
1416 2818 1479 2851 pro
1496 2806 1608 2841 αὐτοῖς
1624 2806 1685 2840 iid.

118 2857 244 2891 Statim
261 2856 416 2899 εὐθυμίας
432 2868 495 2900 pro
512 2856 690 2900 εὐκοσμίας
706 2855 765 2889 iid.
980 2855 1032 2888 16.
1057 2854 1159 2888 αὐτοῦ
1174 2853 1235 2887 iid.
1450 2853 1503 2887 18.
1529 2852 1626 2899 ὅλης]
1646 2857 1682 2894 -Ξ-

116 2905 175 2947 τῆς
193 2903 248 2946 (ut
266 2904 385 2947 supra)
402 2902 462 2936 iid.
639 2913 693 2936 20.
719 2901 847 2946 ὅφθητε
864 2903 934 2937 τοῖς
950 2901 1116 2946 δευτέροις
1137 2900 1176 2935 Β.
1195 2900 1335 2945 ὅφθητε”
1362 2901 1431 2936 τοῖς
1449 2899 1614 2945 δευτέροις
1627 2900 1687 2934 iid.

120 2961 176 2985 21.
202 2948 348 2996 κοπετῷ]
368 2951 500 2995 κωκυτῷ
518 2948 576 2983 iid.
624 2948 757 2995 ὀδυρμῷ
776 2947 834 2982 iid.
1024 2959 1078 2983 22.
1104 2947 1261 2992 εὐπαθείᾳ
1278 2946 1337 2982 iid.
1527 2958 1582 2993 23.
1607 2945 1685 2992 τοῦ]

120 2998 158 3032 τὸ
175 2996 235 3031 iid.
425 2996 477 3030 26.
505 2997 637 3041 ἔρχεται
654 2996 781 3031 πλάτος
798 2995 863 3029 hoc
881 2994 1001 3029 ordine
1023 2995 1062 3029 B.

177 3066 267 3094 VOL.
291 3067 318 3094 1.
871 3066 893 3093 T
914 3058 932 3093 t
