2021 3434
131 196 218 237 viii.
242 208 282 252 5,
306 200 344 239 6.
592 201 667 241 IN
710 201 946 242 OSEAM.
1005 200 1154 241 TOM.
1195 199 1272 239 IV.
1635 197 1710 237 171

133 307 364 360 δύνασθαι
402 312 798 378 κατοικτείροντας
847 310 1096 379 ἀδελφοὺς,
1150 312 1357 360 ἐντεῦθεν
1408 310 1517 376 Θεῷ
1556 328 1710 372 προσ-

133 391 371 456 κρούουσι,
405 395 481 444 καὶ
507 396 589 457 τῆς
615 394 851 461 σωτηρίας
885 394 968 444 τὸν
1002 391 1179 459 τρόπον
1204 395 1545 455 μετανιστᾶσιν
1571 389 1712 451 ἀβού-

134 481 231 527 λως
257 475 336 525 ε’πί
354 498 408 539 γε
435 475 489 526 τὸ
513 477 569 544 ἐξ
601 478 743 528 αὑτοῦ
775 475 1058 528 διόλλυσθαι
1093 478 1201 525 δεῖν.

128 718 385 776 ἈΠότριψαι
421 720 493 762 τὸν
533 721 689 777 μόσχον
727 736 800 762 σου
835 719 1070 776 Σαμάρεια,
1109 720 1366 775 ΠαρωὲύνθΗ
1405 716 1427 758 ὁ
1466 716 1593 764 Θυμόε
1635 730 1713 762 μου
1736 730 1756 767 5

92 804 114 842 5
201 803 262 845 ἐπ’
309 805 436 859 αὐτῷ·
497 806 582 847 ἕως
625 805 738 846 τίνος
779 804 826 845 οὐ
870 804 925 852 μή
969 803 1180 844 δύνωνται
1224 806 1530 858 καθαρισθιῒιναι
1568 801 1611 840 ὲν
1656 801 1758 851 τῴῡ

195 889 402 946 Ἰσραήλ;
443 891 511 931 καὶ
549 890 651 932 αὐτὸ
693 891 856 932 τέκτων
900 889 1090 938 ἐποίΗσε,
1129 889 1196 929 καὶ
1237 888 1284 929 οὐ
1322 887 1429 929 Θεόο
1469 887 1569 935 ἐστι,
1609 885 1717 927 διότι

202 975 378 1016 Πλανών
417 972 466 1017 ἦν
496 975 519 1017 ό
555 977 711 1031 μόσχος
748 990 821 1017 σου
860 973 1095 1030 Σαμάρεια.

210 1108 296 1162 Ὠς
331 1109 380 1159 εὖ
416 1131 471 1175 γε
507 1108 562 1174 δὴ
593 1109 702 1160 λίαν
735 1108 790 1159 τὸ
823 1106 1090 1177 απότριψαί
1126 1112 1291 1175 φησιν,
1322 1109 1384 1160 ὡς·
1420 1107 1492 1157 ἐπὶ
1531 1105 1760 1168 κηλῖδοςο

138 1193 212 1242 καὶ
257 1197 511 1255 μολυσμοῦ
551 1193 626 1242 καὶ
665 1194 746 1255 τῆς
795 1190 1000 1259 ἐσχάτης
1051 1189 1355 1255 ἀκαθαρσίας.
1438 1193 1576 1238 τοῦτο
1628 1185 1721 1250 γὰρ

75 1299 118 1323 10
138 1275 328 1337 ἀληθῶς
378 1276 460 1338 τῆς
508 1275 894 1340 εἷδωλολατρείας
937 1273 991 1324 τὸ
1043 1276 1214 1341 χρῆμα,
1257 1270 1499 1336 βδελυράν
1547 1291 1595 1319 τε
1649 1271 1721 1318 καὶ

137 1354 396 1420 κάκοσμον,
422 1358 497 1407 καὶ
533 1357 890 1424 κατηχθημένην
923 1355 1052 1422 παρὰ
1088 1359 1197 1424 Θεῷ
1232 1353 1317 1419 τὴν
1351 1359 1433 1404 τοῦ
1471 1351 1722 1417 ἀνθρώπου

135 1438 300 1506 ψυχὴν
341 1440 618 1490 ἀποτελοῦν.
691 1438 1008 1502 συμβουλεύει
1049 1438 1105 1502 δὴ
1151 1439 1232 1489 οὖν
1275 1439 1337 1490 ὡς
1381 1435 1722 1503 φιλοικτίρμων

137 1522 212 1571 καὶ
248 1520 436 1587 ἀγαθὸς,
474 1523 805 1585 μετατίθεσθαι
848 1521 966 1587 πρὸς
1003 1521 1056 1572 τὸ
1096 1521 1294 1583 ἄμεινον,
1335 1520 1411 1569 καὶ
1449 1515 1716 1568 ἀποσκευά-

138 1602 300 1670 ζεσθαι
334 1602 419 1668 τὴν
458 1605 617 1670 ὀργὴν,
645 1606 719 1655 καὶ
758 1603 841 1658 τὰς
879 1609 973 1654 τῶν
1008 1601 1389 1668 συμβησομένων
1413 1602 1560 1652 αἰτίας
1586 1621 1717 1664 περι-

74 1709 119 1747 ¹5
138 1691 325 1737 στεῖλαι
363 1687 546 1748 λοιπὸν,
579 1689 653 1738 καὶ
691 1692 792 1740 ταῖς
828 1685 1185 1752 μεταγνώσεσιν
1215 1684 1454 1751 ἀνακόψαι
1488 1682 1546 1732 τὰ
1585 1681 1723 1741 δεινὰ,

139 1767 226 1820 κᾶν
249 1774 365 1834 γοῦν
391 1768 484 1838 ὀψὲ
510 1769 866 1838 διεκνήψαντας.
930 1770 997 1820 ἐπ’
1029 1767 1146 1838 αὐτῷ
1183 1767 1277 1834 γὰρ
1312 1766 1368 1830 δὴ
1408 1762 1627 1829 δηλονότι
1658 1767 1724 1833 τῷ
1743 1792 1764 1815 a
1792 1783 1874 1816 120
1896 1781 1944 1815 A.

139 1851 310 1922 μόσχῳ
346 1851 619 1922 παρωξύνθαι
663 1854 799 1921 φησὶ,
836 1851 1009 1905 δεικνὺς
1046 1850 1116 1902 ὅτι
1157 1850 1356 1916 παρίησι
1395 1848 1478 1911 μὲν
1517 1847 1620 1897 ἔσθ’
1651 1845 1725 1896 ὅτε

140 1935 477 2003 φιλάνθρωπος
514 1932 576 1984 ὧν
611 1933 670 1985 τὰ
714 1935 769 2004 ἐξ
809 1936 1051 1988 ἀσθενείας
1087 1936 1170 1997 τῆς
1209 1931 1504 1998 ἀνθρωπίνης
1544 1929 1720 1980 πταίσ·

139 2039 279 2079 ματα,
325 2015 509 2083 κολάζει
549 2015 598 2066 δὲ
642 2016 830 2070 πάντως
872 2016 957 2080 τὴν
1002 2013 1333 2082 ἀποστροφὴν,
1376 2010 1634 2064 δύσοιστόν
1678 2034 1727 2062 τε

74 2126 122 2150 20
139 2104 336 2151 ποιεῖται
377 2099 462 2163 τὴν
505 2103 600 2149 τῶν
639 2098 921 2166 ὑβριζόντων
960 2098 1229 2159 ἀπόνευσιν,
1271 2097 1331 2149 ε’ίς
1376 2119 1428 2161 γε
1468 2095 1522 2145 τὸ
1561 2095 1734 2161 χρῆναί

142 2187 264 2251 φημι
301 2186 397 2236 τοῖς
432 2182 683 2243 δαιμονίοις
717 2185 1012 2246 προσκυνεῖν.
1078 2180 1212 2247 μέχρι
1244 2177 1337 2244 γὰρ
1368 2179 1492 2230 τίνος
1531 2178 1578 2226 ἐν
1617 2179 1729 2226 ἀκα-

143 2265 319 2333 θαρσίᾳ
353 2264 598 2330 γεγονότες
631 2263 962 2328 ἀμεταποίητοι
997 2267 1201 2324 μενεῖτε;
1241 2266 1373 2313 ποῖος
1410 2261 1515 2324 ὑμῖν
1541 2259 1726 2324 ἀρκέσει

143 2347 299 2414 καιρὸς·
341 2351 402 2401 εἷς·
445 2347 530 2411 τὴν
567 2350 649 2410 τῆς
693 2347 898 2409 εὐηθείας
941 2344 1201 2404 ἀπόθεσιν,
1265 2341 1290 2393 ὃ
1335 2341 1429 2407 γὰρ
1473 2338 1728 2406 εἰργάσατο
1748 2353 1773 2394 b

142 2431 330 2492 τέκτων,
365 2429 490 2480 Θεὸν
525 2427 638 2479 εἶναι
671 2429 927 2479 πιστεύετε·
968 2428 1043 2477 καὶ
1082 2425 1135 2476 τὸ
1175 2428 1393 2491 ὠφελοῦν
1432 2422 1576 2484 οὐδὲν,
1613 2424 1730 2473 ἀπο-

77 2532 124 2570 25
144 2510 330 2578 κομίζον
356 2511 403 2562 δὲ
429 2516 619 2574 μᾶλλον
643 2515 704 2563 εἷς·
730 2509 929 2575 ὄλεθρον
954 2510 1028 2559 καὶ
1056 2507 1307 2568 ἀπώλειαν,
1333 2505 1512 2556 σεπτὸν
1538 2505 1729 2569 ἡγεῖσθε

144 2597 219 2646 καὶ
245 2592 552 2663 ἀξιόληπτον·
596 2598 757 2663 πλανᾷ
782 2592 874 2658 γὰρ
903 2599 919 2643 ὁ
947 2594 1138 2659 μόσχος,
1165 2592 1239 2640 καὶ
1266 2589 1422 2655 ἕτερον
1447 2589 1591 2639 οὐδέν.

197 2784 225 2806 1.
253 2770 433 2816 δύνασθαι]
454 2774 489 2811 -Ι-
505 2771 559 2804 διὰ
576 2772 634 2813 τῆς
650 2769 864 2812 μεταδόσεως
881 2768 914 2801 b.
1106 2780 1138 2809 4.
1164 2766 1358 2811 παροξὺνθη
1380 2766 1425 2800 D.
1622 2776 1654 2811 5.
1681 2765 1732 2799 ἐπ’

146 2820 234 2866 αὐτῷ
255 2819 291 2853 F.
311 2818 403 2852 Edd.
422 2817 471 2852 ἐπ
491 2818 610 2852 αὐτοὺς
631 2817 675 2850 D.
726 2815 879 2849 δύνονται
899 2816 944 2848 D.
965 2813 1063 2858 (26.)
1253 2824 1304 2847 10.
1334 2828 1385 2847 και
1405 2814 1576 2857 κάκοσμον
1594 2825 1663 2847 om.
1685 2813 1731 2847 D.

150 2877 203 2900 11.
216 2854 474 2910 κατηχθημένην
490 2864 530 2897 Β.
545 2861 807 2907 κατηχθημενοις
824 2863 870 2896 D.
889 2860 1152 2905 κατη[φη]μένην
1169 2872 1186 2894 e
1199 2861 1317 2905 conj&
1305 2860 1355 2894 Μ1
1348 2872 1439 2905 ¹gne.
1455 2861 1638 2904 κατημένην
1652 2860 1732 2904 (Sic)

150 2912 240 2947 Edd.
290 2913 479 2956 ἀκαθάρτου
497 2923 560 2955 pro
577 2911 754 2955 ἀνθρώπου
770 2909 831 2943 iid.
1039 2918 1092 2941 12.
1119 2911 1176 2941 οὐν
1194 2919 1263 2941 om.
1285 2908 1330 2941 D.
1541 2907 1593 2942 16.
1622 2906 1733 2950 διανή-

148 2960 281 3003 ψαντας
301 2959 346 2993 D.
396 2959 435 3001 δὴ
454 2964 676 3002 assumptum
695 2969 736 2991 ex
756 2956 801 2990 D.
957 2964 1007 2999 17.
1035 2953 1174 2999 παρωξὺ
1169 2954 1293 2989 ινεσθαι
1313 2954 1402 2999 (Sic)
1422 2953 1469 2988 D.
1607 2965 1661 2997 25.
1688 2968 1734 2988 εις

148 3012 370 3050 assumptum
389 3017 431 3039 ex
452 3005 544 3039 B.D.

911 3073 975 3101 22
