2021 3434
105 208 174 249 vii.
201 221 293 264 1—3.
478 210 551 251 IN
592 209 975 251 MICHAEAM.
1035 209 1184 252 TOM.
1219 210 1305 250 III.
1596 212 1673 252 711

104 326 134 348 “
155 317 296 373 πόλις
329 318 477 384 πιστὴ
504 319 640 384 Σιὼν,
666 318 852 386 πλήρης
885 319 1093 385 κρίσεως,
1120 320 1168 369 ἐν
1194 317 1224 387 ᾗ
1259 319 1530 383 δικαιοσύνη
1563 320 1681 370 ἐκοι-

104 408 131 430 “
153 399 280 465 μήθη
319 403 368 452 ἐν
411 402 540 470 αὐτῇ,
583 407 665 453 νῦν
717 401 765 452 δὲ
806 402 1066 470 φονευταί.”
1136 399 1190 452 τὸ
1231 400 1325 466 γὰρ
1365 401 1422 465 δὴ
1465 401 1681 465 μάλιστα

103 483 454 551 φορτικώτατον
495 486 570 534 καὶ
610 488 673 538 εἰς
713 483 854 548 ἄκρον
905 482 1070 537 αὐτοὺς
1117 482 1414 551 φαυλότητος
1464 481 1680 534 διελάσαι

103 564 486 630 παρασκευάσαν,
512 565 566 617 τὸ
593 566 664 634 ἐφ’
694 565 883 632 difflato-cv
915 563 1081 619 αὐτοὺς
1113 562 1399 635 δικάζεσθαι,
1427 567 1502 616 καὶ
1529 570 1680 634 φονᾶν

0 650 6 709 ζ
62 647 290 712 5ἀγρίως,
329 648 701 714 ἀποῤῥίπτεσθαι
742 646 790 698 δὲ
831 648 906 697 καὶ
948 648 1010 700 ὡς
1055 646 1203 698 ἕωλον
1244 650 1411 715 κομιδῇ
1454 646 1508 697 τὸ
1552 649 1675 713 ἀγα·
1697 667 1719 691 a
1747 658 1832 692 455
1850 657 1900 691 A·

0 0 2 36 Ι

0 53 2 72 Ι

0 106 3 133 ι

0 171 3 213 Ι

0 217 3 238 Ι

0 444 5 646 Ι

0 671 6 693 Ι

0 713 6 814 1
103 731 326 794 θουργεῖν,
358 727 482 779 ὥστε
516 731 592 780 καὶ
630 732 881 795 ἀναγκαῖον
914 733 1150 780 ποιεῖσθαι
1187 728 1493 793 σπούδασμα,
1521 726 1574 779 τὸ
1607 729 1679 780 ἐπὶ

0 825 6 901 ἶ
102 808 230 880 μόνῳ
261 814 327 879 τῷ
364 816 543 862 κακοῦν
576 811 756 877 ἑτέρους
786 809 871 865 τέις
905 813 1056 879 χεῖρας
1092 811 1211 878 ἔχειν
1236 812 1486 877 εὐπρεπεῖς.
1550 810 1683 862 οὐδὲν

1 910 8 982 1
102 891 194 958 γάρ
219 893 349 943 ἐστιν
373 897 468 946 τοῖς
502 891 590 944 ὧδε
627 893 715 960 ζῆν
741 892 956 944 εἰωθόσιν
983 892 1351 957 ἀνεπιτήδευτον,
1377 890 1464 943 κᾶν
1489 896 1526 943 εἶ
1554 891 1682 964 νόμῳ

1 987 8 1040 Ι
103 973 359 1041 κολάζοιτο,
386 973 472 1025 κᾶν
503 979 540 1025 εἰ
579 979 674 1028 τοῖς
711 977 793 1038 τῆς
830 975 1090 1040 ἐλευθερίας
1129 975 1435 1039 διαβέβληται
1469 973 1677 1041 τρόποις.

0 1042 10 1147 ‘j
36 1078 84 1103 10
103 1053 173 1122 ἆρ’
201 1057 282 1107 οὖν
316 1056 686 1124 κατηῤῥώστησε
722 1055 808 1120 μὲν
845 1055 899 1107 τὸ
938 1058 986 1106 ἐν
1023 1056 1203 1109 τούτοις
1229 1055 1342 1107 εἶναι
1374 1057 1428 1107 τὸ
1455 1057 1680 1120 ὑπήκοον,

2 1175 10 1222 j
103 1138 296 1206 ἕῤῥωται
334 1138 382 1189 δὲ
419 1138 474 1190 τὸ
508 1138 780 1203 ἡγούμενον,
807 1140 881 1189 καὶ
921 1139 1112 1203 ὑγιαίνει
1143 1137 1197 1188 τὸ
1224 1139 1411 1204 κρίνον;
1455 1139 1679 1202 οὐδαμῶς,

103 1224 269 1291 φησίν·
317 1230 334 1275 ὁ
379 1223 472 1290 γὰρ
521 1224 668 1294 ἄρχων
718 1226 831 1274 αἰτεῖ
870 1225 949 1274 καὶ
1003 1228 1021 1275 ὁ
1076 1220 1217 1292 κριτὴς
1259 1221 1475 1292 εἰρηνικοὺς
1518 1224 1681 1289 λόγους

103 1305 314 1366 {holmo-e.
377 1307 553 1357 πολλοὶ
584 1303 818 1359 πολλάκις
850 1309 945 1356 τῶν
979 1308 1040 1358 εἰς
1078 1305 1227 1372 ἀρχὴν
1261 1304 1567 1371 τεταγμένων,
1602 1327 1679 1370 γε-
1697 1305 1727 1345 b

101 1385 274 1452 γόνασι
298 1385 383 1451 μὲν
406 1385 587 1438 ἀνόσιοι
618 1389 693 1438 καὶ
726 1387 1159 1455 φιλοκερδέστατοι,
1188 1389 1263 1437 καὶ
1293 1393 1680 1441 καταπωλοῦντες

35 1488 81 1527 15
103 1467 305 1522 εὐκόλως
343 1468 427 1523 τὰς
467 1470 640 1520 ἑαυτῶν
682 1469 873 1535 γνώμας
913 1473 1008 1522 τοῖς
1046 1467 1381 1538 παραφθείρειν
1418 1467 1678 1523 ἐθέλουσιν.

103 1551 214 1601 ἀλλ’
242 1553 280 1602 εἰ
306 1554 381 1602 καὶ
409 1550 675 1603 νενεύκασιν
701 1551 789 1615 ἤδη
815 1554 876 1605 εἷς
903 1550 957 1602 τὸ
983 1552 1103 1602 οὕτω
1131 1557 1246 1616 γοῦν
1271 1551 1503 1615 ἡττῆσθαι
1530 1553 1681 1603 δοκεῖν

103 1632 366 1697 λημμάτων
418 1636 494 1684 καὶ
545 1634 837 1700 δωροδοκίας,
889 1632 1234 1699 ἀποτρέπονταί
1284 1657 1385 1687 πως
1436 1636 1510 1685 καὶ
1563 1634 1681 1704 δόξῃ

99 1719 287 1783 χρηστῇ
321 1715 691 1766 κατακαλλύνειν
721 1716 981 1781 ἐπείγονται
1020 1714 1127 1769 τοὺς
1160 1715 1335 1766 ἑαυτῶν
1365 1716 1583 1782 τρόπους·
1624 1717 1682 1768 τὸ

100 1797 148 1849 δὲ
174 1797 230 1861 δὴ
256 1797 473 1864 προήκειν
500 1802 562 1851 εἷς
596 1803 732 1848 τοῦτο
771 1795 940 1848 λοιπὸν
973 1797 1251 1862 ἀθλιότητος
1283 1802 1363 1848 νοῦ
1390 1800 1464 1848 καὶ
1491 1797 1680 1865 τρόπων

33 1902 82 1927 20
99 1883 329 1947 αἰσχρῶν,
374 1882 435 1933 ὡς
471 1881 719 1947 μονονουχὶ
763 1881 839 1930 καὶ
888 1882 1018 1948 χεῖρα
1066 1878 1341 1944 προτείνειν,
1389 1878 1476 1930 κᾶν
1526 1885 1563 1931 εἰ
1613 1880 1679 1945 μὴ

99 1962 256 2024 λάβοι,
304 1959 505 2033 δικάζων
545 1961 627 2013 τὸν
676 1967 759 2012 τοῦ
812 1962 988 2012 δικαίου
1032 1962 1357 2030 καταφθείρειν
1399 1960 1558 2028 λόγον,
1603 1967 1680 2014 καὶ

100 2043 422 2111 ἀναισχύντως
448 2045 667 2105 ἀπειλεῖν,
693 2048 794 2100 πῶς
827 2043 910 2094 οὐκ
948 2040 1006 2093 ἂν
1044 2042 1111 2107 εἰἠ
1149 2041 1318 2094 λοιπὸν
1342 2043 1533 2108 ἁπάσης
1567 2046 1673 2096 ε’πέ-
1696 2063 1720 2089 0

99 2147 226 2176 κεινα
249 2126 535 2193 βδελυρίας,
577 2127 673 2188 μετ’
703 2124 953 2194 ἐμφάσεως
984 2122 1040 2188 δὴ
1067 2125 1149 2175 οὖν
1183 2126 1208 2175 ὁ
1243 2123 1402 2190 λόγος,
1429 2129 1505 2177 καὶ
1543 2130 1679 2179 οἱονεὶ

147 2352 181 2386 3.
207 2341 364 2375 διελάσαι
381 2339 471 2374 Α.Β.
490 2338 687 2384 διέρχεσθαι
704 2337 796 2372 Edd.
1240 2350 1274 2380 4.
1300 2338 1401 2372 αὐτοῦ
1418 2349 1482 2382 pro
1498 2337 1617 2373 αὐτοὺς
1634 2338 1680 2374 A.

101 2397 134 2431 5.
159 2387 427 2433 ἀποῤῥίπτεσθαι
452 2387 488 2420 δέ
514 2387 566 2420 καὶ
592 2386 635 2421 ὡς
660 2385 766 2418 ἕωλον
791 2384 907 2428 κομιδῇ
926 2384 964 2418 τὸ
981 2384 1203 2430 ἀγαθουργεῖν
1219 2385 1264 2419 A.
1283 2385 1335 2418 καὶ
1352 2386 1396 2420 ὡς
1412 2385 1490 2419 ἕωλ.
1509 2400 1539 2419 κ.
1557 2384 1679 2430 ἀποῤῥ.

100 2435 139 2468 τὸ
156 2435 211 2480 ἀγ.
233 2434 287 2480 [τὸ
305 2434 359 2480 ἀγ.
378 2432 498 2478 ἀποῤῥ.
518 2432 628 2477 Edd.]
651 2432 692 2466 B.
712 2430 803 2465 Edd.
1048 2431 1080 2464 6.
1107 2431 1161 2465 ἐπὶ
1177 2433 1267 2477 μόνῳ
1284 2434 1329 2477 τῷ
1347 2434 1467 2466 κακοῦν
1483 2432 1617 2476 ἑτέρους
1634 2433 1679 2467 A.

102 2481 157 2515 ἐπὶ
172 2483 276 2524 μόνον
291 2482 330 2514 τὸ
348 2482 446 2514 κακὸν
467 2480 508 2514 Β.
527 2480 581 2513 ἐπὶ
597 2480 699 2523 μόνον
715 2478 793 2513 τοὺς
811 2477 886 2522 [τὰς
904 2476 1025 2522 Pont.]
1045 2480 1277 2513 κατοικοῦντας
1295 2478 1387 2512 Edd.
1531 2488 1562 2524 7.
1589 2480 1680 2524 ἔχειν

101 2529 275 2572 εὐπρεπεῖς
291 2528 335 2561 A.
354 2528 406 2573 ἕχ.
423 2528 592 2571 εὐτρεπεῖς
609 2525 755 2570 conjecit
772 2524 823 2558 vir
847 2525 999 2569 inclytus
1016 2524 1046 2557 Τ
1049 2524 1149 2558 heod.
1172 2524 1299 2570 Heyse,
1318 2525 1379 2559 sed
1405 2536 1522 2558 nonne
1547 2526 1679 2560 ironice

101 2574 251 2609 dicitur?
279 2575 422 2609 ἐκείνους
438 2574 572 2618 τρέπειν
589 2572 680 2606 Edd.
901 2572 934 2605 8.
961 2571 989 2604 εἷ
1010 2570 1051 2605 Β.
1069 2571 1105 2604 ἐν
1123 2570 1214 2606 Edd.
1428 2583 1482 2616 13.
1508 2572 1615 2617 ἀρχὰς
1632 2573 1678 2606 A.

105 2631 158 2664 15.
183 2621 478 2666 παραφθείρουσιν
495 2632 557 2665 pro
573 2618 727 2664 παραφθ.
748 2617 927 2652 ἐθέλουσιν
946 2617 987 2651 Β.
1254 2616 1306 2650 16.
1332 2617 1394 2661 ἤδη
1413 2620 1557 2652 accessit
1575 2631 1615 2653 ex
1636 2619 1679 2654 B.

101 2669 139 2702 τὸ
164 2667 250 2702 οὕτω
270 2668 310 2702 Β.
328 2670 427 2702 τοῦτο
445 2669 483 2701 τὸ
509 2666 599 2700 Edd.
650 2665 773 2698 Statim
798 2664 841 2708 μὴ
868 2675 930 2709 pro
952 2666 1034 2710 γοῦν
1060 2663 1151 2697 Edd.
1177 2665 1456 2708 repugnantibus
1481 2665 1572 2699 AB.
1622 2665 1678 2709 ἡτ-

101 2715 225 2749 τᾶσθαι
241 2715 361 2749 δοκοῦν
383 2726 446 2759 pro
469 2713 631 2757 ἡττῆσθαι
651 2712 761 2746 δοκεῖν
777 2712 821 2745 A.
1105 2719 1158 2755 17.
1183 2711 1400 2755 ἐγκλημάτων
1417 2723 1479 2755 pro
1496 2713 1680 2756 λημμάτων

102 2761 194 2796 Edd.
214 2761 331 2795 invitis
349 2761 441 2795 A.B.
493 2760 618 2794 Statim
642 2757 701 2792 κᾶν
728 2769 790 2802 pro
809 2757 861 2790 καὶ
880 2756 938 2791 iid.
986 2757 1234 2801 ἀποτρέπονταί
1249 2758 1294 2791 Α.
1312 2757 1567 2802 ἀποτρέπωνταί
1584 2758 1678 2793 Edd.

101 2808 317 2852 δωροδοκίαις
334 2807 567 2853 ἐπιτέρπονται
585 2806 673 2849 ὅμως
690 2817 753 2850 pro
773 2804 894 2848 δωροδ.
913 2804 970 2838 ἀπ.
988 2819 1058 2838 πως
1074 2804 1116 2837 Β.
1403 2805 1456 2838 18.
1481 2805 1679 2850 ἐπείγωνται

102 2854 194 2889 Edd.
213 2855 330 2889 invitis
347 2854 438 2889 A.B.
488 2853 564 2889 τοὺς
581 2854 670 2886 ἑαυτ.
688 2857 767 2885 ante
785 2851 890 2895 ἐπειγ.
909 2856 1040 2895 transp.
1060 2850 1102 2884 B.
1416 2862 1469 2896 19.
1495 2851 1680 2896 προσήκειν

102 2912 166 2946 pro
190 2900 347 2945 προήκειν
364 2902 407 2935 Α.
461 2902 519 2935 νοῦ
544 2900 596 2933 καὶ
621 2900 754 2943 τρόπων
774 2897 815 2931 Β.
836 2897 896 2931 οὐκ
921 2898 956 2931 ἐκ
981 2898 1114 2942 τρόπων
1131 2897 1212 2940 (Sic)
1230 2897 1274 2931 A.
1294 2897 1368 2931 οὐαὶ
1392 2899 1477 2942 πρὸς
1501 2901 1567 2932 τῶν
1584 2899 1677 2934 Edd.

103 2959 160 2982 21.
186 2948 403 2993 καταφθείρει
421 2947 465 2981 A.
515 2947 566 2979 καὶ
584 2958 654 2979 om.
673 2946 717 2979 A.
1118 2954 1173 2978 22.
1196 2944 1317 2989 ἀπειλῇ
1337 2956 1400 2990 pro
1416 2945 1568 2980 ἀπειλεῖν
1585 2945 1678 2980 Edd.

104 3005 158 3039 23.
182 2996 426 3040 μετεμφάσεως
445 2994 525 3038 (Sic)
542 2992 600 3026 iid.
