2021 3434
112 209 168 251 iii,
195 211 258 252 18.
553 211 627 253 IN
668 210 945 253 JOELEM.
1005 208 1155 251 TOM.
1188 208 1249 249 II.
1599 204 1679 244 361

110 318 240 389 λάξει
268 323 431 389 φησὶν,
458 323 673 386 ῥυῆσοντοιι
709 319 757 372 δὲ
791 323 867 372 καὶ
902 326 935 371 οἱ
971 322 1109 381 βουνοῖ
1145 318 1194 370 τὶ
1234 314 1386 384 γάλα,
1421 319 1498 366 καὶ
1528 318 1576 365 οιὶ
1600 316 1724 363 τοῦα
1754 322 1838 357 243
1852 321 1901 356 A·

109 399 252 453 Ἰούδα
277 402 462 472 ἀφέσεις
487 402 540 455 τὸ
567 408 731 455 οἰκεῖον
762 402 1025 454 ἐκδώσουσι
1058 401 1193 464 νάμα.
1259 397 1447 467 ιἰφέσεις
1476 394 1524 447 δὲ
1559 392 1685 457 οἶμαι

110 482 336 549 λέγεσθαι
366 485 448 539 τὰς
481 490 575 536 τῶν
610 489 776 550 πηγῶν
807 483 1046 550 ἐκδρομὰς,
1078 481 1107 547 ἢ
1140 483 1215 532 καὶ
1250 481 1355 532 καθ’
1382 479 1537 544 ἕτερον
1570 475 1679 541 τρό-

107 588 199 617 πον
243 567 373 633 οἵπερ
417 566 474 617 ἂν
507 565 619 617 εἶναι
658 566 870 632 λέγοιντο
911 570 1004 616 τῶν
1046 562 1226 615 ὑδάτων
1269 561 1437 629 ὀχετοί.
1507 560 1582 610 καὶ
1622 558 1685 627 ἵρη

69 662 91 701 5
109 647 193 710 μὲν
220 653 419 712 νοηθεΐεν
454 648 511 699 ἂν
541 653 583 700 οἱ
616 647 734 715 πρὸς
773 650 895 716 ὕψος
933 649 1096 713 ἀρετῆς
1134 644 1334 713 ᾐρμένοι,
1361 645 1436 693 καὶ
1474 646 1569 695 τοῖς
1607 641 1688 691 αὑ-

107 729 291 798 χήμασι
340 733 421 794 τῆς
470 732 684 797 ἐναρέτου
734 729 850 795 ζωῆς
893 728 946 780 τὸ
1000 732 1094 778 τῶν
1138 727 1304 777 ἄλλων
1354 723 1688 792 ὑπερφέροντες

108 811 291 878 μέτρον,
317 815 359 862 οἱ
384 813 623 878 περίοπτοι
658 813 733 862 καὶ
766 814 1046 879 περιφανεῖς,
1074 811 1221 860 ὁποῖοι
1251 806 1377 871 ἦσαν
1403 809 1444 857 οἱ
1470 806 1686 869 μαθηταὶ,

110 895 185 944 καὶ
209 893 301 960 πρό
325 917 378 959 γε
403 898 496 945 τῶν
522 893 687 944 ἄλλων
713 895 737 944 ὁ
766 890 1053 955 Βαπτιστὴς,
1074 892 1177 957 περὶ
1203 890 1256 940 οὗ
1284 890 1308 939 ὁ
1336 886 1503 953 Σωτήρ
1536 891 1686 954 φησιν
1705 891 1732 932 b

1665 973 1686 983 Α

112 982 138 1005 “
163 976 266 1026 Οὐκ
290 974 532 1042 ἐγήγερται
571 977 620 1026 ἐν
654 979 890 1040 γεννητοῖς
915 977 1146 1040 γυναικῶν
1172 971 1337 1038 μείζων
1359 969 1578 1020 Ἰωάννου
1604 991 1686 1019 του

47 1063 140 1104 10“
162 1059 475 1119 βαπτιστοῦ.”
541 1057 665 1109 οὗτοι
702 1055 758 1121 δὴ
793 1057 874 1107 οὖν
911 1059 953 1106 οἱ
990 1053 1190 1121 μεγάλοι
1229 1055 1304 1104 καὶ
1335 1051 1689 1118 γνωριμώτατοι

112 1139 387 1209 mundicam-c
431 1140 718 1207 γλυκεισμὶν,
764 1141 839 1189 καὶ
886 1136 982 1189 οἷον
1030 1136 1185 1201 με’λιτι
1232 1135 1558 1202 καταχρίοντες
1607 1131 1690 1183 τὸν

110 1223 215 1288 περὶ
247 1228 328 1273 τοῦ
365 1225 583 1289 Σωτῆρος
618 1221 896 1286 ποιήσονται
928 1219 1090 1286 λόγον,
1120 1221 1181 1272 ὡς
1212 1222 1306 1270 τῶν
1329 1213 1689 1283 μετεσχηκότων

112 1304 310 1355 ἕκαστον
335 1305 385 1354 ἐκ
407 1304 699 1372 περιχαρείας
725 1306 1002 1370 ἀνακραγεῖν
1023 1310 1050 1332 “
1067 1303 1152 1355 “Ως
1179 1299 1356 1367 γλυκέα
1385 1303 1451 1368 τῷ
1483 1297 1693 1363 λάρυγγί

113 1393 140 1416 “
164 1409 256 1450 μου
299 1386 359 1437 τὰ
410 1386 551 1453 λόγιά
595 1410 700 1449 σου,
743 1385 857 1452 ὑπὲρ
898 1384 1008 1448 με’λι
1053 1386 1128 1435 καὶ
1176 1383 1336 1449 κηρίον
1379 1385 1446 1450 τῷ
1487 1378 1695 1443 στόματί

48 1487 94 1526 15
113 1476 140 1499 ‘⁶
165 1470 298 1532 μου.”
364 1469 538 1535 γλυκὺς
576 1468 669 1536 γὰρ
701 1471 769 1520 ἀεὶ
800 1473 894 1519 τῶν
931 1467 1077 1533 ἁγίων
1112 1467 1137 1517 ὁ
1168 1466 1327 1531 λόγος,
1353 1461 1483 1530 παρά
1508 1485 1562 1528 γε
1596 1465 1691 1516 τοῖς

113 1553 334 1617 ἀγαπῶσι
375 1550 428 1602 τὸ
469 1552 732 1618 εὐαρεστεῖν
773 1552 839 1620 τῷ
875 1553 998 1620 Θεῷ,
1067 1550 1130 1619 ἴρη
1174 1547 1259 1612 μὲν
1297 1547 1377 1598 οὖν
1415 1549 1455 1596 οἱ
1494 1549 1692 1596 τοιοῦτοι

114 1637 316 1698 νοηθεῖεν
346 1633 417 1697 ἂν,
443 1636 517 1685 καὶ
551 1633 683 1698 μάλα
718 1634 918 1686 εἰκότως.
984 1630 1156 1692 βουνοὺς
1184 1630 1232 1681 δὲ
1266 1627 1383 1680 εἶναι’
1404 1632 1561 1697 φαμεν
1584 1624 1692 1680 τοὺς

114 1719 195 1779 τῆς
239 1717 420 1767 ἐκείνων
465 1718 694 1784 ὑπεροχῆς
730 1715 887 1783 βραχὺ
929 1713 1012 1778 μὲν
1054 1712 1342 1778 ἡττωμένους
1386 1714 1461 1762 καὶ
1505 1713 1571 1779 τῷ
1608 1711 1729 1772 τῆςο

113 1800 349 1853 πολιτείας
391 1798 695 1868 ὑφιζάνοντας
738 1798 909 1868 με’τρῳ·
956 1794 1268 1862 ἀνεστηκότας
1310 1793 1359 1844 δὲ
1400 1795 1475 1844 καὶ
1512 1790 1689 1853 αὐτοὺς,

51 1903 98 1929 20
116 1883 190 1932 καὶ
226 1880 352 1933 πολὺ
389 1886 483 1932 τῶν
520 1881 684 1932 ἄλλων
722 1881 1106 1947 ὑπερτέλλοντας.
1172 1877 1297 1928 οὗτοι
1324 1881 1425 1930 ταῖς
1457 1878 1551 1926 τῶν
1587 1873 1691 1940 ἄρτι

115 1962 493 2014 πεπιστευκότων
525 1966 703 2031 ψυχαῖς
739 1962 793 2014 τὸ
828 1960 1022 2028 λογικὸν
1060 1961 1135 2011 καὶ
1171 1959 1346 2010 ἄδολον
1375 1955 1692 2023 παρεγχεόυσι

116 2044 257 2110 γάλα,
291 2048 582 2112 νηπιοπρεπῆ
618 2051 928 2112 χορηγοῦντες
966 2042 1163 2111 τροφήν·
1205 2041 1394 2092 τελείων
1432 2037 1524 2106 γάρ
1561 2039 1692 2088 ἐστιν

117 2127 145 2191 ἡ
170 2127 356 2194 στερεά·
397 2127 525 2194 γάλα
550 2126 599 2179 δὲ
625 2129 801 2192 νηπίοις
827 2128 881 2178 τὸ
906 2125 1313 2192 πρεπωδέστατον.
1378 2123 1454 2173 καὶ
1480 2122 1575 2172 οὔτι
1601 2142 1694 2171 που

119 2208 271 2278 φαμὲν
308 2212 369 2264 ὡς
404 2210 452 2260 ε”ν
487 2232 540 2275 γε
574 2213 641 2280 τῷ
674 2209 905 2260 δύνασθαι
941 2208 1085 2273 μόνον
1123 2209 1275 2274 ἐγχεῖν
1307 2209 1402 2258 τοῖς
1433 2203 1609 2268 νηπίοις
1640 2200 1694 2253 τὸ

55 2307 101 2347 25
120 2290 258 2358 γάλα,
293 2295 375 2356 τῆς
409 2293 589 2343 ἐκείνων
627 2292 828 2346 διανοίας
865 2290 919 2342 τὸ
958 2290 1125 2356 μεθ-ρον
1161 2289 1305 2340 ἐστίν.
1373 2287 1553 2354 ἔχοντες
1587 2284 1694 2351 γὰρ,

120 2376 193 2425 καὶ
217 2374 350 2439 μάλα
374 2376 650 2439 ἐπιτηδείως,
670 2379 731 2428 εἰς
759 2372 825 2437 τὸ,
854 2374 979 2440 ε’ίπερ
1001 2372 1194 2433 ἕλοιντο,
1217 2370 1442 2434 διανέμειν
1466 2367 1695 2420 δύνασθαι

169 2519 199 2543 1.
225 2509 334 2555 φησὶν
350 2513 570 2554 assumptum
588 2520 630 2542 ex
644 2506 735 2541 B.b.
785 2509 851 2540 τῶν
867 2506 996 2540 ὑδάτων
1013 2516 1075 2549 pro
1092 2506 1151 2538 τοῦ
1167 2502 1277 2537 Ἰούδα
1294 2502 1329 2536 b.
1582 2512 1615 2545 3.
1642 2501 1696 2535 καὶ

121 2562 340 2601 assumptum
357 2568 398 2590 ex
417 2556 459 2590 B.
683 2554 716 2588 6.
743 2551 915 2598 ἐναρέτου]
937 2553 973 2595 ἐξ
990 2552 1108 2595 ἀρετῆς
1126 2550 1217 2584 Edd.
1439 2559 1472 2593 9.
1499 2546 1692 2593 ἐγήγερται]

121 2602 282 2647 ἐγείρεται
298 2603 359 2637 iid.
419 2602 545 2636 Statim
569 2601 652 2635 haec
679 2601 713 2634 ἐν
737 2601 906 2645 γεννητοῖς
929 2602 1093 2644 γυναικῶν
1117 2604 1150 2631 et
1174 2599 1234 2630 τοῦ
1258 2597 1450 2635 βαπτιστοῦ
1475 2601 1697 2629 accesserunt

122 2660 164 2683 ex
182 2649 224 2683 Β.
534 2660 587 2683 11.
614 2649 828 2690 σταλάξουσι
848 2646 890 2680 Β.
905 2646 938 2679 b.
959 2646 1168 2686 σταλάζουσι
1188 2643 1279 2677 Edd.
1330 2642 1455 2676 Statim
1473 2643 1530 2675 τὸν
1547 2641 1643 2675 addit
1660 2641 1695 2676 b.

126 2706 179 2729 12.
203 2694 418 2741 ποιήσονται]
437 2698 610 2730 ποιοῦνται
626 2695 661 2728 b.
710 2698 775 2728 τῶν
799 2694 1055 2737 μετεσχηκότων
1078 2689 1237 2736 ἕκαστον]
1259 2689 1401 2723 ἕκαστον
1418 2692 1484 2722 τῶν
1500 2703 1641 2732 μετεσχ.
1660 2688 1696 2722 b.

127 2753 179 2787 13.
204 2743 238 2776 ἐκ
262 2742 492 2788 περιχαρείας]
521 2742 579 2776 Sic
604 2741 737 2775 correxi
761 2753 802 2773 ex
830 2739 871 2773 B.
890 2738 1124 2783 ἐκπεριχαρίας
1142 2736 1233 2771 Edd.
1260 2736 1295 2769 ἐκ
1312 2751 1348 2770 π.
1369 2735 1502 2780 Migne.
1551 2734 1693 2781 γλυκέα]

123 2791 260 2834 γλυκεῖα
277 2789 312 2824 b.
544 2800 598 2830 14.
623 2788 707 2831 ὑπὲρ
724 2787 802 2828 μέλι
820 2786 872 2819 καὶ
889 2786 1003 2829 κηρίον
1016 2787 1062 2830 τῷ
1081 2782 1227 2828 στόματί
1240 2798 1305 2827 μου
1322 2782 1356 2816 b.
1375 2782 1417 2816 cf.
1440 2782 1475 2815 in
1494 2781 1554 2815 Es.
1574 2782 1641 2827 784
1658 2782 1694 2816 b.

123 2836 206 2879 ὑπὲρ
223 2835 303 2878 μέλι
319 2838 365 2883 τῷ
384 2835 529 2879 στόματί
544 2850 607 2878 μου
626 2834 669 2868 Β.
687 2835 740 2867 καὶ
756 2834 797 2867 τὰ
815 2834 891 2877 ἑξῆς
908 2831 1000 2866 Edd.
1236 2831 1289 2864 18.
1315 2830 1373 2873 τῆς
1389 2829 1436 2862 ἐκ.
1454 2829 1621 2873 ὑπεροχῆς
1636 2830 1695 2873 βρ.

124 2882 200 2927 μὲν]
219 2884 276 2928 βρ.
293 2883 353 2926 μὲν
368 2885 426 2927 τῆς
443 2883 489 2916 ἐκ.
509 2882 628 2926 ἀρετῆς
643 2881 678 2915 b.
838 2880 891 2918 18,
914 2890 966 2922 19.
995 2877 1092 2912 Haec
1109 2877 1161 2911 καὶ
1179 2877 1327 2924 τῷ-καὶ
1343 2875 1463 2912 αὐτοὺς
1479 2882 1698 2910 accesserunt

125 2940 167 2963 ex
185 2929 227 2963 B.
278 2929 440 2967 Quorum
456 2928 560 2963 verba
577 2928 649 2962 duo
665 2927 887 2970 ἀνεστηκότας
903 2926 939 2959 δέ
957 2924 1178 2970 reperiuntur
1191 2935 1329 2969 quoque
1346 2923 1382 2956 in
1398 2922 1433 2957 b.
1539 2933 1594 2957 21.
1611 2937 1697 2967 παρ-

126 2975 285 3020 εγχέουσι
304 2977 350 3010 D.
369 2975 462 3011 Edd.
479 2974 694 3019 περειχέουσι
709 2973 766 3018 (=
780 2971 997 3018 περιχέουσι)
1016 2971 1050 3006 b.
1067 2970 1317 3016 παρεγχεύουσι
1336 2969 1379 3004 Β.
1584 2980 1639 3015 23.
1657 2969 1697 3013 δὴ

126 3033 189 3066 pro
206 3022 241 3056 δὲ
259 3022 352 3057 Aub.
401 3025 472 3057 οὔτι
488 3020 572 3067 που]
591 3021 630 3055 οὐ
647 3021 754 3065 δήπου
772 3018 864 3055 Edd.
1055 3027 1110 3063 25.
1137 3015 1299 3063 διανοίας]
1318 3016 1484 3060 δυνάμεως
1502 3015 1561 3051 iid.

183 3092 274 3122 voL.
298 3094 325 3121 1.
858 3091 882 3132 3
905 3090 931 3117 A

1748 973 1908 1023 S3Matth.

1748 1028 1792 1048 xl.
1814 1026 1826 1047 1
1836 1026 1848 1047 1
1856 1041 1863 1047 .

1750 1303 1804 1334 Ps.

1749 1347 1858 1378 cxviii.

1753 1401 1791 1422 10
1795 1401 1823 1431 3.

1754 1989 1773 2031 J·
1790 1979 1821 2012 S.
1836 1983 1910 2014 Pet.

1752 2035 1784 2054 11.
1802 2034 1830 2057 2.

1752 2068 1840 2101 Heb.
1858 2081 1890 2102 v.
