2021 3434
5 670 9 727 aff.
7 629 11 639 ,
8 611 11 614 ,
8 589 11 595 ,
0 490 11 569 .-μζ
0 392 12 467 ἴας’

115 234 241 271 v.11‚
268 235 331 265 12.
558 223 630 263 IN
672 224 914 265 OSEAM.
975 223 1125 264 TOM.
1170 223 1257 264 ΙΙΙ.
1607 224 1686 263 127

115 354 225 382 νασι
250 331 343 399 γὰρ
366 334 414 384 ἐν
439 333 543 404 ἰ’σῳ,
568 336 704 401 φησὶ,
731 339 826 388 τοῖς
849 332 1137 403 μετα-τιθεῖσιν
1162 334 1269 403 ἵρια,
1297 334 1371 384 καὶ
1397 331 1689 397 ὑπερβαίνειν

113 413 329 465 ἐθέλουσι
361 414 419 466 τὰ
452 415 602 467 πάλαι
636 416 930 483 διωρισμένα.
988 420 1030 467 οἱ
1063 414 1157 482 γὰρ
1194 414 1253 466 τὰ
1283 412 1411 484 μόνῳ
1448 413 1688 478 πρέποντα

113 499 179 563 τῷ
195 499 315 565 Θεῷ,
333 499 407 548 καὶ
433 499 558 567 αὐτῷ
585 499 770 552 δικαίως
795 498 1133 560 ἀνατεθειμένα,
1153 496 1238 561 τὴν
1258 495 1447 563 ἀγάπην
1473 493 1520 546 δὲ
1547 494 1686 560 λέγω,

112 575 197 641 τὴν
222 577 373 643 τιμὴν,
400 578 485 643 τὴν
509 581 850 647 προσκύνησιν,
876 579 1180 643 μεθιστάντες
1211 582 1274 633 εἷς
1304 579 1498 645 ἑτέρους,
1525 577 1602 628 διά
1633 600 1686 641 γε

71 676 92 712 5
112 664 195 710 τοῦ
238 666 519 726 προσκυνεῖν
562 661 681 731 ἡλίῳ
722 660 877 728 τυχὸν,
930 660 1076 726 ἤγουν
1121 659 1302 728 σελήνῃ
1353 662 1429 710 καὶ
1477 660 1687 726 ἄστροις,

113 743 258 810 δρῷεν
295 740 353 792 ἂν
389 743 544 808 ἕτερον
579 742 709 794 οὐδὲν
744 743 863 793 κατά
895 765 950 808 γε
985 741 1039 792 τὸ
1074 740 1206 803 εἰκὸς,
1239 740 1268 805 ἦ
1303 740 1374 792 ὅτι
1406 741 1462 805 δὴ
1499 741 1688 795 πάντως

108 828 392 887 μεθιστᾶσιν
436 826 543 896 ὅριοι.
622 824 693 876 ὅτι
733 824 782 876 δὲ
831 823 917 888 τὴν
958 824 1235 890 πρέπουσαν
1285 828 1351 893 τῷ
1393 828 1501 894 Θεῷ
1541 825 1687 893 δόξαν

109 905 228 976 ἡλίῳ
257 909 333 957 καὶ
362 907 541 974 σελήνῃ
573 908 648 957 καὶ
682 905 875 972 ἄστροις
909 905 1194 956 ἀνατέθεικεν
1221 907 1245 956 ὁ
1271 906 1461 969 Ἰούδας,
1487 905 1633 971 ἤγουν
1660 909 1684 958 ὁ
1702 932 1723 958 e

111 991 342 1052 Βενιαμὶν,
386 993 556 1058 σαφῶς
593 987 651 1038 ἂν
687 993 851 1050 νοοῖτο,
889 987 1007 1054 πρὸς
1047 986 1130 1038 τὸν
1171 988 1423 1056 προφήτην
1464 988 1686 1054 Ἱερεμίαν

477 1076 498 1084 Α

46 1096 91 1120 ιο
110 1069 331 1134 λέγοντος
375 1074 498 1122 Θεου
541 1068 650 1120 “’”Η
696 1071 783 1136 οὐχ
824 1070 934 1135 ὁρᾶς
975 1070 1024 1119 τί
1069 1069 1196 1120 οὗτοι
1234 1076 1453 1121 ποιοῦσιν
1496 1071 1545 1121 ἐν
1586 1077 1687 1125 ταῖς

40 1501 85 1538 15

110 1158 136 1181 ‘⁶
160 1150 361 1202 πόλεσιν
396 1151 549 1203 Ἰούδα
595 1154 670 1202 καὶ
714 1153 762 1202 ἐν
809 1156 909 1204 ταῖς
958 1152 1080 1204 ὁδοῖς
1123 1151 1470 1217 Ἱερουσαλήμς
1519 1156 1560 1203 οἱ
1598 1156 1685 1204 υἱοὶ

108 1240 135 1262 “
161 1234 312 1284 αὐτῶν
353 1234 649 1298 συλλέγουσι
689 1233 826 1302 ξύλα·
874 1234 948 1284 καὶ
991 1237 1031 1284 οἱ
1075 1233 1269 1299 πατέρες
1309 1235 1461 1285 αὐτῶν
1502 1235 1686 1287 καιόυσι

108 1322 133 1343 “
158 1321 264 1381 πῦρ,
301 1318 375 1366 καὶ
410 1319 456 1366 αἱ
489 1321 702 1381 γυναῖκες
737 1316 889 1366 αὐτῶν
925 1315 1144 1382 τρίβουσι
1178 1321 1327 1379 σταῖς,
1366 1322 1450 1367 τοῦ
1490 1320 1686 1381 ποιῆσαι

107 1404 133 1426 “
157 1402 369 1464 χαυῶνας
407 1402 464 1465 τῇ
499 1401 701 1466 στρατιᾷ
738 1403 820 1449 τοῦ
860 1399 1070 1463 οὐρανοῦ,
1102 1402 1178 1449 καὶ
1213 1398 1443 1450 ἔσπεισαν
1474 1399 1686 1454 σπονδὰς

107 1486 133 1509 “
158 1482 276 1533 θεοῖς
327 1481 594 1547 ἀλλοτρίοις
663 1480 738 1530 ἵνα
792 1481 1132 1546 παροργίσωσί
1177 1481 1279 1544 με.”
1354 1482 1446 1552 ’ὅριοι
1496 1481 1553 1547 δὴ
1604 1484 1685 1534 οὖν

103 1560 463 1628 μετατεθείκασιν
505 1569 537 1613 οἱ
579 1562 636 1631 ἐξ
673 1559 816 1613 '1063oe
862 1565 1019 1630 φυλῆς
1063 1562 1323 1627 ἡγούμενοι,
1361 1564 1605 1616 τουτέστιν
1643 1570 1686 1617 οἱ

1748 1089 1842 1119 Hier.
1854 1090 1908 1121 vii.

1751 1143 1762 1163 1
1772 1141 1798 1172 7,
1819 1135 1865 1165 18.

103 1643 188 1706 τὴν
222 1643 441 1695 ἀνωτάτω
476 1646 550 1694 καὶ
582 1645 814 1704 βασιλίδα
850 1645 1154 1710 περικείμενοι
1187 1644 1346 1713 δόξαν,
1378 1645 1445 1700 οῖς
1479 1644 1536 1710 ἦν
1567 1646 1723 1702 εἰκὸςα
1774 1667 1830 1701 89
1854 1667 1902 1701 Α.

104 1729 463 1777 κατακολουθεῖν
519 1725 711 1778 ἑλέσθαι
773 1726 1147 1789 πεπλανημένοις
1198 1730 1272 1777 καὶ
1324 1726 1410 1792 τὴν
1459 1730 1686 1794 ἀγελαίαν

103 1807 305 1871 πληθύν.
371 1808 482 1858 ἀλλ’
510 1805 670 1863 ὕδατος
709 1809 840 1872 δίκην
873 1808 1214 1875 ῥαγδαιοτάτου
1245 1812 1408 1877 φησιν,
1435 1811 1502 1861 ἐπ’
1533 1810 1685 1867 αὐτοὺς

38 1918 85 1942 20
105 1888 248 1952 ἐκχεῖ)
271 1890 316 1941 rb
341 1889 515 1960 ’ὄρμημά
539 1915 638 1958 μου.
704 1889 938 1941 δύσοιστα
970 1890 1062 1957 γάρ
1094 1891 1169 1941 καὶ
1204 1892 1420 1960 ἀφόρητα
1445 1894 1520 1943 καὶ
1545 1895 1684 1944 ἀναν-

0 2398 81 2435 ζ25

103 1970 373 2036 ταγώνιστα
397 1976 639 2026 παντελῶς
671 1970 731 2023 τά
763 1974 811 2023 ἐκ
851 1973 976 2026 θείας
1002 1974 1159 2039 ὀργῆς,
1186 1972 1396 2040 καθάπερ
1422 1975 1583 2038 ἀμέλει
1608 1978 1684 2026 καὶ

102 2055 259 2119 χρῆμα
304 2052 598 2118 δυσάντητον
641 2055 668 2119 ἡ
712 2053 875 2118 πολλὴ
921 2057 997 2105 καὶ
1040 2054 1326 2125 ἀμφιλαφὴς
1370 2060 1464 2107 τῶν
1503 2056 1684 2108 ὑδάτων

103 2134 243 2203 φορά.

105 2304 490 2348 Κατεὸυνάστευσεν
522 2304 715 2363 Ἐφραὶμ
758 2306 831 2349 τὸν
874 2307 1087 2348 ἀντίδικον
1128 2309 1257 2350 αὐτοῦ
1299 2310 1365 2349 καὶ
1410 2311 1678 2352 κατεΠάΤΗσε
1704 2326 1745 2350 11

1657 2395 1662 2406 ι
1701 2387 1745 2410 12

169 2386 305 2445 κρῖμα,
342 2391 406 2431 ὅτι
442 2390 602 2446 ἤρξατο
637 2393 892 2447 Πορεύεσθαι
925 2391 1065 2433 ὀπίσω
1102 2392 1187 2433 τῶν
1225 2392 1430 2440 ματαίων.
1493 2394 1560 2434 καὶ
1593 2394 1678 2442 &sm
1711 2442 1714 2443 ⁷

165 2473 314 2521 ἔσομαι
340 2475 399 2514 ὡς
426 2475 588 2530 ταραχὴ
617 2472 899 2531 τῲἚφραῒμ,
929 2477 996 2516 καὶ
1023 2477 1083 2516 ὡς
1112 2478 1286 2532 κέντρον
1313 2479 1374 2530 τῷ
1401 2474 1679 2531 οἷκῳἸούὸα.

227 2581 237 2597 Ι
371 2579 382 2597 ἱ
518 2580 528 2595 Ι
673 2583 681 2597 9
728 2582 740 2597 Ι
1042 2585 1054 2599 N
1148 2585 1158 2599 5
1271 2584 1282 2599 Ι
1612 2591 1631 2599 Α

172 2583 292 2631 Τινα
328 2604 411 2644 μεν
448 2604 621 2646 τροπον
660 2582 829 2650 εξεστη
866 2586 1101 2645 Βενιαμιν,
1133 2586 1449 2635 αποδεδεικται
1488 2589 1673 2655 σαφως.

149 2711 178 2734 1.
203 2700 433 2743 μετα-τεθεῖσιν
451 2700 542 2734 Edd.
562 2707 641 2735 ante
660 2702 794 2746 Migne.
903 2714 935 2747 3.
959 2705 1004 2750 τῷ
1024 2714 1093 2737 om.
1113 2703 1159 2737 D.
1209 2704 1248 2747 δὴ
1267 2716 1330 2749 pro
1348 2705 1383 2739 δὲ
1404 2705 1450 2739 D.
1547 2714 1576 2752 7.
1595 2707 1677 2752 πρέ-

98 2746 245 2792 πουσαν]
266 2747 507 2791 προσήκουσαν
523 2748 568 2781 D.
712 2749 744 2782 8.
763 2750 781 2781 ὁ
799 2749 895 2792 prius
913 2761 982 2783 om.
998 2749 1045 2784 D.
1173 2761 1205 2794 9.
1225 2753 1347 2795 σαφῶς
1363 2751 1402 2785 ἂν
1419 2751 1545 2798 νοοῖτο]
1566 2755 1678 2800 σαφές

98 2791 138 2826 ἂν
153 2795 282 2839 γένοιτο
302 2794 347 2827 D.
612 2805 664 2828 10.
690 2795 738 2840 τί]
760 2794 779 2827 ὅ
797 2810 828 2828 τι
848 2795 938 2829 Edd.

1198 2808 1250 2831 12.
1275 2798 1432 2844 πατέρες]
1451 2799 1519 2834 υἱοί
1533 2801 1613 2844 (Sic)
1632 2801 1675 2835 B.

103 2851 153 2884 13.
179 2839 334 2885 ποιῆσαι]
356 2840 412 2874 Sic
431 2840 562 2874 correxi
580 2852 621 2874 ex
642 2841 686 2874 D.
705 2844 863 2875 ποιοῦσαι
883 2841 973 2876 Edd.
991 2848 1071 2876 ante
1089 2843 1222 2888 Migne.
1357 2857 1408 2887 14.
1434 2847 1602 2893 χαυῶνας]
1619 2848 1677 2882 Sic

100 2888 229 2921 correxi
247 2899 275 2921 c.
297 2887 429 2931 Migne.
443 2888 600 2931 χαβῶνας
619 2887 660 2920 Β.
678 2889 834 2932 χάβωνας
854 2888 898 2921 D.
918 2892 1064 2925 καυῶνας
1082 2890 1172 2924 Edd.
1273 2902 1323 2936 15.
1343 2893 1425 2928 υἱοῖς
1441 2905 1504 2937 pro
1522 2894 1610 2930 θεοῖς
1628 2895 1675 2929 D.

103 2933 155 2966 18.
182 2935 234 2967 καὶ
252 2939 471 2977 assumptum
490 2946 531 2967 ex
550 2933 596 2967 D.
791 2946 845 2976 24.
872 2936 924 2968 καὶ
942 2935 1112 2970 dederunt
1131 2936 1173 2970 B.
1195 2937 1230 2972 F.
1251 2938 1342 2972 Edd.
1362 2939 1456 2973 deest
1473 2940 1508 2975 h.
1521 2953 1553 2975 v.
1573 2942 1608 2975 in
1628 2941 1674 2975 D.

101 2989 155 3024 25.
174 2982 212 3013 τὸ
230 2987 309 3014 ante
327 2982 425 3023 κρῖμα
443 2979 523 3013 add.
544 2979 633 3013 Edd.
654 2980 766 3023 (Vat.)
784 2980 901 3015 invitis
921 2982 1013 3016 B.D.
1033 2984 1165 3027 (Alex.)
1297 2994 1351 3030 27.
1378 2986 1608 3022 ἀποδέδεικται
1628 2989 1674 3022 D.

99 3025 295 3071 ἀποδέδειχε
316 3026 405 3060 Edd.
458 3026 582 3060 Statim
601 3028 723 3071 σαφῶς
741 3039 808 3061 om.
831 3028 875 3062 D.

1698 2427 1724 2467 b
