2021 3434
101 179 142 220 ii.
168 193 232 235 13.
598 186 672 226 IN
712 186 910 227 AMOS.
970 186 1119 227 TOM.
1150 186 1185 227 1.
1592 184 1676 223 413

99 293 396 345 παιδεύεσθαι
431 294 496 359 μὴ
531 296 834 364 ἀνεχομένων,
864 299 940 348 καὶ
972 295 1270 362 ἠγνοηκότων
1297 294 1367 346 ὅτι
1396 292 1675 356 τετίμηνται,

98 373 223 441 εἴπερ
258 375 385 429 ὅντες
418 377 475 446 ἐξ
504 379 656 429 αὐτῶν
679 378 1062 448 παρελήφθησαν
1087 382 1148 431 εἷς
1183 377 1477 440 κοινολογίαν
1502 374 1588 439 τὴν
1614 376 1676 427 ὡς

97 456 217 523 πρὸς
253 457 392 509 Θεόν.
461 466 801 529 προσεπερωτᾷ
834 461 881 511 δὲ
916 460 990 512 διὰ
1025 460 1174 524 με’σου
1213 460 1292 510 καί
1327 463 1450 527 φησι
1485 456 1559 517 ΜΞ]
1601 459 1676 508 οὐκ

98 537 188 589 ἔστι
229 542 373 591 ταῦτα
417 546 492 592 υἱοὶ
531 542 724 611 Ἰσραὴλ,
759 543 883 608 λέγει
922 544 1098 613 Κόριοςς
1138 540 1242 608 ἆρα,
1285 543 1422 609 φησὶ,
1464 542 1539 590 καὶ
1583 543 1678 589 τῶν

58 620 243 673 5οὕτως
266 623 473 687 ἐναργῶν
504 623 797 690 πραγμάτων
829 628 1078 690 καθοριεῖτε
1109 623 1163 674 τὸ
1199 625 1402 692 ψεῦδος;
1441 619 1532 687 ἆρα
1559 644 1676 687 μαρ-

97 700 247 767 τύρων
288 704 443 768 δεήσει
485 707 593 774 Θεῷ
633 705 750 772 πρὸς
790 705 843 756 τὸ
884 707 1091 773 ἐλέγχειν
1130 707 1258 768 ὑμᾶς,
1304 706 1379 754 καὶ
1428 703 1487 754 τὰ
1532 704 1716 757 οὕτωςο

96 785 281 853 ἐμφανῆ
315 791 630 855 συκοφαντεῖν
662 787 947 855 ᾖρημένους;
987 786 1078 854 χρὴ
1111 791 1357 852 τοιγαροῦν
1389 784 1676 851 ἁγιάζεσθαι,

95 869 172 918 καὶ
208 872 428 937 λογισμῷ
462 870 694 934 πεπηγότι
728 869 1054 935 προσεδρεύειν
1081 872 1188 938 Θεῷ
1223 867 1306 922 τὰς
1337 871 1430 917 τῶν
1460 871 1678 932 πονηρῶν

96 949 150 999 οὐ
192 950 526 1015 προσιεμένους
575 950 779 1016 γνώμας.
857 952 1158 1016 ίίΦθεῖρουσι
1207 949 1301 1015 γὰρ
1351 949 1440 1013 ἤθη
1489 947 1678 1015 χρηστὰ
1742 958 1849 1031 1VCOJ-

33 1037 79 1063 ¹0
98 1037 124 1059 ‘⁶
149 1031 326 1094 ὁμιλίαι
363 1034 538 1096 κακαὶ,”
565 1035 640 1084 καὶ
675 1033 998 1101 ἀποφέρουσιν
1024 1034 1262 1098 ἁγιασμοῦ
1297 1053 1347 1081 τε
1381 1032 1456 1080 καὶ
1488 1029 1679 1093 ἁπάσης
1740 1012 1759 1032 x
1788 1011 1865 1041 „³3-

94 1114 332 1168 ἐπιεικείας
367 1119 461 1165 τῶν
493 1114 761 1184 φιληδόνων
800 1119 842 1166 οὶ
881 1115 1032 1181 λόγοι.
1101 1114 1265 1164 οὐκοῦν
1294 1112 1680 1178 προσκεισόμεθα

93 1199 284 1258 μᾶλλον
317 1197 445 1260 ἡμεῖς
483 1202 583 1251 ταῖς
627 1201 720 1247 τῶν
755 1196 994 1263 θεηγόρων
1033 1199 1222 1265 φωναῖς,
1259 1193 1325 1248 οἷς
1363 1196 1438 1244 καὶ
1477 1193 1614 1247 αὐτὸς
1653 1194 1678 1244 ὁ

96 1275 262 1343 Σωτὴρ
300 1280 607 1345 ἐπιμαρτυρεῖ,
643 1278 797 1344 λέγων
833 1287 859 1308 “
880 1280 989 1346 Οὐχ
1024 1280 1148 1342 ὑμεῖς
1183 1279 1291 1327 ἐστε
1329 1280 1372 1327 οἱ
1406 1282 1676 1338 λαλοῦντες,
1735 1284 1898 1315 SMatth.

1517 1363 1535 1370 Α
1576 1356 1602 1372 ”
1739 1339 1768 1358 X.
1788 1339 1837 1359 20.

96 1365 124 1387 “
150 1358 281 1409 ἀλλὰ
307 1358 360 1411 τὸ
389 1364 584 1424 Πνεῦμα
609 1367 691 1412 τοῦ
717 1359 908 1428 Πατρὸς
936 1362 1064 1425 ὑμῶν
1088 1358 1351 1421 τὸλαλοῦν
1377 1360 1425 1409 ἐν
1452 1359 1573 1421 ὑμιν.
1696 1386 1718 1410 a
1752 1378 1832 1412 273
1846 1376 1896 1411 A.

32 1607 77 1646 15
95 1593 173 1635 Διὰ
204 1597 330 1635 τοῦτο
363 1591 453 1635 ἰδοὺ
486 1594 570 1642 &sch
603 1593 734 1634 κυλίω
764 1595 967 1636 ὑποκάτω
998 1594 1128 1645 ὑμῶν,
1161 1594 1210 1635 ὃν
1244 1593 1402 1649 τρόπον
1438 1590 1624 1632 κυλίεται
1651 1591 1674 1631 ᾗ
1702 1609 1747 1644 13

163 1679 306 1726 ἅμαξα
334 1678 356 1719 ἡ
386 1679 567 1726 Γέμουσα
594 1679 802 1727 καλάμΗο.

167 1801 394 1870 ‘Auditus‘
431 1800 490 1851 τὰ
528 1801 584 1870 ἐξ
618 1803 777 1867 ἀγρῶν
806 1803 881 1852 καὶ
920 1800 1013 1851 ὅσα
1051 1804 1231 1865 πληροῖ
1263 1797 1348 1862 τὴν
1385 1795 1502 1859 ἅλω,
1538 1819 1677 1857 μετα-

95 1882 291 1948 κομίζειν
328 1883 430 1937 ε”θος
465 1888 560 1937 τοῖς
595 1883 922 1951 ἀρχαιοτέροις,
951 1881 1147 1949 σώζεται
1181 1881 1229 1932 δὲ
1267 1883 1342 1931 καὶ
1373 1884 1433 1933 εἷς
1465 1882 1598 1945 δεῦρο
1622 1878 1676 1929 τὸ

95 1968 254 2032 χρῆμα
290 1965 420 2031 παρά
453 1988 502 2016 τε
537 1971 631 2019 τοῖς
665 1965 752 2030 τὴν
782 1964 899 2035 ἑῴαν
930 1968 1004 2016 καὶ
1036 1964 1121 2028 τὴν
1157 1963 1376 2028 ἑσπέριον
1408 1967 1677 2012 κατοικοῦσι

33 2075 79 2100 20
95 2050 200 2113 γῆν.
270 2050 491 2099 κυλίονται
525 2046 574 2098 δὲ
612 2048 728 2111 ὁμοῦ
762 2052 857 2101 τοῖς
893 2047 1063 2116 ἅξοσιν
1096 2049 1137 2096 οἱ
1171 2047 1344 2112 τροχοὶ,
1369 2043 1492 2110 βαρύ
1525 2066 1570 2095 τι
1600 2046 1676 2094 καὶ

97 2128 297 2198 δυσηχές
343 2128 684 2196 ἀποτριζόντων
733 2134 828 2180 τῶν
878 2129 1051 2198 ξύλων,
1102 2129 1178 2178 καὶ
1228 2128 1476 2193 μονονουχὶ
1530 2149 1672 2176 κατα·
1694 2137 1721 2177 b

97 2212 391 2277 κεκραγότων
428 2216 520 2263 τῶν
562 2211 855 2275 ἐπικειμένων
899 2213 1053 2264 αὐτοῖς
1092 2211 1312 2279 φορτίων.
1378 2209 1545 2271 ἔσομαι
1582 2209 1675 2258 τοί-

6 2356 8 2364 ,
96 2316 177 2344 νυν
201 2296 276 2345 καὶ
302 2292 438 2348 αὐτὸς
464 2293 570 2360 ἐγὼ,
598 2296 761 2362 φησὶν,
789 2295 814 2344 ὁ
838 2294 1028 2344 πάντων
1054 2292 1322 2355 Δεσπότης,
1350 2293 1411 2344 ὡς
1435 2290 1488 2341 τὸ
1519 2294 1677 2341 κυλίον

6 2366 11 2469 ἰ
96 2375 184 2426 ὑπὸ
226 2376 312 2440 τὴν
352 2376 562 2446 ἄμαξαν,
594 2375 837 2427 τουτέστιν
875 2377 899 2426 ὁ
939 2376 1081 2444 ἄξων·
1122 2374 1260 2427 αὐτὸς
1299 2373 1406 2439 γὰρ,
1445 2375 1506 2426 ὡς
1545 2373 1676 2442 ἔφην,

35 2484 79 2523 25
97 2462 240 2531 ἑαυτῷ
265 2464 510 2528 συγκυλίει
543 2461 649 2515 τοὺς
676 2461 885 2529 τροχοὺς,
913 2460 1242 2525 ἐμπεπηγότας
1267 2482 1317 2510 τε
1343 2460 1419 2509 καὶ
1445 2460 1677 2525 ἐνηρμοσ-

96 2542 257 2606 μένους
299 2543 432 2612 ἔχων.
498 2544 898 2613 κατακεκράξομαι
935 2543 983 2594 δὲ
1021 2542 1183 2609 ὥσπερ
1226 2545 1319 2592 τῶν
1358 2539 1677 2605 ἠσεβηκότων,

98 2756 131 2790 6.
157 2758 210 2791 καὶ
226 2770 295 2792 om.
316 2758 358 2793 B.
410 2758 534 2792 Statim
551 2757 655 2793 οὕτως
673 2757 804 2801 ἐμφανῆ
824 2755 1054 2801 συκοφαντίαν
1070 2767 1134 2800 pro
1158 2756 1199 2788 τὰ
1224 2754 1328 2790 οὕτως
1353 2755 1483 2798 ἐμφανῆ
1502 2756 1675 2799 συκοφαν-

99 2805 166 2838 τεῖν
182 2805 226 2838 Α.
544 2815 577 2849 9.
602 2805 820 2847 προσιέμενοι
838 2804 881 2836 A.
1203 2812 1254 2835 10.
1280 2816 1317 2835 τε
1334 2809 1554 2846 assumptum
1572 2813 1613 2835 ex
1632 2801 1674 2836 Β.

99 2851 210 2894 πάσης
228 2850 270 2885 Β.
417 2862 469 2895 13.
496 2851 711 2894 ἐπιμαρτυρεῖ
729 2851 773 2883 Α.
793 2848 1047 2893 ἐπεμαρτύρησε
1065 2847 1156 2883 Edd.
1321 2859 1372 2893 15.
1400 2847 1417 2890 ἡ
1436 2860 1505 2882 om.
1525 2848 1561 2881 F.
1582 2848 1674 2883 Edd.

103 2907 156 2941 19.
181 2900 374 2932 κατοικοῦσι
392 2898 482 2932 Α.Β.
498 2898 532 2931 b.
551 2898 682 2931 οἰκοῦσι
700 2896 790 2930 Εάὀ.
1075 2907 1130 2930 22.
1156 2897 1221 2929 τῶν
1237 2902 1458 2939 assumptum
1475 2907 1516 2928 ex
1534 2895 1624 2929 A.B.
1639 2895 1675 2930 b.

102 2953 157 2985 24.
183 2944 246 2978 ὑπὸ
264 2944 299 2978 b.
318 2945 372 2979 ἐπὶ
390 2946 433 2979 Α.
453 2944 546 2979 Edd.
565 2943 626 2978 sed
644 2943 689 2978 cf.
708 2943 798 2977 iufra
814 2942 848 2977 d.
899 2944 916 2976 ὁ
935 2954 1003 2977 om.
1023 2942 1068 2976 A.
1341 2951 1395 2986 25.
1423 2942 1595 2987 συγκλείει
1612 2953 1676 2987 pro

9 2602 14 2776 ἱ
144 2721 176 2756 3.
201 2713 445 2757 προσεπερωτᾷ
464 2709 517 2756 δέ]
538 2711 590 2745 καὶ
607 2724 755 2754 προσεπ,
773 2709 818 2743 Α.
1091 2717 1125 2753 5.
1150 2708 1306 2753 πράξεων
1322 2707 1414 2741 Edd.
1432 2707 1548 2741 invitis
1566 2707 1675 2743 libris.

12 2862 17 2977 ἰ

13 2981 16 2998 ¹
104 2992 246 3035 συγκυλ.
265 2991 309 3025 A.
