2021 3434
102 275 156 306 Ps.

101 318 224 351 lxxxiv.
232 330 260 362 9.
276 313 302 354 b

97 613 195 645 zach.

94 656 137 688 iv.
157 666 187 696 5.

94 930 182 962 Esai.
200 930 244 963 ix.

94 983 122 1012 5,
141 973 170 1004 6.

90 1440 108 1461 2
126 1430 199 1462 Cor.

89 1474 157 1504 xui.
175 1483 203 1514 3.

266 1761 293 1802 d

93 2413 186 2443 Hier.

92 2467 124 2487 x.
145 2465 173 2487 2.

324 164 379 206 14
716 167 764 207 B.
807 165 1080 207 CYRILLI
1122 167 1499 209 ALEXANDR.
1801 168 1827 209 i.
1852 182 1889 210 2.

324 274 458 329 Θεός.
526 299 602 326 και
636 281 751 341 γοῦν
782 278 806 326 ὁ
849 275 1073 342 μακάριος
1107 279 1230 343 φησὶ
1267 280 1442 329 Δαυειδ
1473 285 1500 307 “
1515 278 1807 342 Ἀκούσομαι
1845 279 1895 329 τί

322 363 349 385 “
375 356 578 422 λαλήσει
617 360 664 408 ἐν
702 359 800 420 ἐμοὶ
814 357 1052 454 ’,Κύριος
1034 381 1058 408 ο
1084 358 1274 420 Θεὸς,“
1251 381 1319 409 οτι
1357 358 1561 424 λαλήσει
1598 359 1780 426 εἰρήνην
1817 363 1891 412 ε’πὶ

336 438 455 489 (τὸν
499 438 617 489 λαὸν
659 440 824 489 αὐτοῦ’
890 439 1021 489 οὐδὲν
1066 438 1114 490 δὲ
1158 440 1298 505 ἧττον
1342 442 1450 505 ἡμῖν
1489 444 1564 492 καὶ
1607 442 1631 491 ὁ
1668 441 1890 509 μακάριος

318 519 564 588 προφήτης
594 521 831 587 Ζαχαρίας
858 519 933 571 δια
967 525 1060 572 τῶν
1094 521 1212 572 ἰ’σων
1239 522 1418 590 ἐρχεται
1445 521 1616 588 λόγων
1662 523 1752 589 ἐφη
1777 543 1886 590 γαρ·

319 608 344 631 cc
450 604 462 619 Ν
511 604 522 618 ’
654 602 664 618 '
761 603 771 617 ‘
821 603 843 618 ’'
1045 605 1055 618 ‘
1203 609 1221 617 ς
1303 606 1312 620 ’
1385 607 1394 620 ’
1466 605 1516 621 '‘’
1598 605 1608 620 ⁹
1678 605 1700 622 ’s
1841 605 1854 622 *

372 605 464 652 Και
496 606 720 668 απεκριθη
753 625 776 652 ο
809 612 1011 668 αγγελος
1036 627 1060 654 ο
1088 610 1254 655 λαλων
1291 628 1338 655 εν
1373 628 1487 668 εμοι.
1586 628 1634 655 εν
1670 609 1759 655 εθει
1797 629 1889 671 γαρ
1909 617 1931 656 5

316 680 373 746 ἦν
410 688 505 736 τοῖς
539 685 686 749 ἁγίοις
722 684 985 752 προφήταις
1015 686 1222 751 ἄγγελον
1259 689 1513 738 ἀποκαλεῖν
1550 686 1632 737 τὸν
1656 692 1738 737 τοῦ
1766 691 1889 738 Θεοῦ

315 763 488 830 Λόγον,
517 767 578 818 ὡς
613 766 982 832 ἀπαγγέλλοντά
1014 790 1062 818 τε
1096 769 1249 822 αὐτοῖς
1277 771 1351 819 καὶ
1389 771 1558 835 ἐναργῆ
1592 772 1889 820 καθιστῶντα

313 844 398 910 τὴν
416 846 652 912 βούλησιν
671 854 751 899 τοῦ
772 853 895 899 Θεοῦ
921 853 994 900 καὶ
1017 850 1220 916 Πατρός.
1274 850 1636 917 ἐπιμαρτυρήσει
1662 849 1709 901 δὲ
1736 850 1889 915 λέγων

1256 939 1275 948 a
1320 931 1375 962 “el

314 931 389 978 καὶ
427 929 451 978 ὁ
488 929 734 997 προφήτης
759 931 965 985 Ἡσαΐας
999 936 1103 998 περὶ
1136 934 1276 984 αὐτου
1378 937 1470 985 Οτι
1508 933 1671 984 πάσαν
1702 931 1888 998 στολὴν

315 1016 341 1039 “
364 1011 736 1077 ἐπισυνηγμένην
780 1013 919 1082 δόλῳ,
961 1013 1079 1076 μετὰ
1127 1018 1432 1080 καταλλαγῆς
1471 1016 1770 1078 ἀποτίσουσι,
1813 1017 1887 1066 καὶ

314 1099 340 1122 “
367 1091 657 1157 θελήσουσιν
715 1098 752 1145 εἰ
812 1095 1103 1161 ἐγενήθησαν
1163 1097 1490 1163 πυρίκαυστοι·
1568 1097 1639 1148 ὅτι
1701 1098 1886 1148 παιδίον

312 1180 339 1203 “
362 1174 583 1240 ἐγεννήθη
637 1176 757 1240 ἡμῖν,
807 1179 881 1227 καὶ
929 1183 1137 1229 καλεῖται
1181 1178 1233 1229 τὸ
1278 1177 1426 1242 ὄνομα
1470 1180 1611 1230 αὐτοῦ
1656 1178 1888 1244 Μεγάλης

312 1263 339 1285 “
362 1259 540 1320 βουλῆς
572 1257 814 1324 ἅγγελος.”
867 1259 935 1310 ὅτι
962 1259 1009 1311 δὲ
1034 1259 1091 1325 ἧν
1127 1261 1266 1328 ἰσχνὴ
1301 1264 1375 1313 καὶ
1407 1260 1691 1329 ἀσυμφανὴς
1721 1263 1769 1311 ἐν
1794 1266 1888 1315 τοῖς

311 1339 460 1404 ἁγίοις
497 1339 525 1403 ἡ
564 1339 879 1408 ἀποκάλυψις,
908 1344 983 1392 καὶ
1014 1343 1114 1410 οὐχὶ
1141 1343 1332 1411 γλώττῃ
1358 1346 1431 1393 καὶ
1456 1342 1637 1411 ῥήμασι
1666 1347 1760 1396 τοῖς
1785 1342 1885 1394 καθ’

310 1421 431 1483 ἡμᾶς
471 1422 812 1487 ἐπιτελουμένη,
846 1423 1206 1493 πληροφορήσει
1237 1424 1436 1492 γράφων
1475 1426 1499 1476 ὁ
1541 1429 1736 1478 Παῦλος
1775 1423 1885 1476 “⁴H

310 1510 338 1532 ‘⁶
364 1502 556 1567 δοκιμὴν
590 1502 759 1569 ζητεῖτε
787 1511 870 1556 τοῦ
907 1507 954 1556 ἐν
987 1508 1086 1571 ἐμοὶ
1118 1513 1380 1561 λαλοῦντος
1412 1508 1682 1574 Χριστοῦ;”
1723 1508 1888 1558 οὐκοῦν

310 1583 364 1636 τὸ
398 1586 446 1636 ἐν
470 1586 618 1649 Ὠσηὲ
653 1586 870 1652 γενέσθαι
896 1587 978 1639 τὸν
1011 1595 1092 1640 τοῦ
1120 1593 1243 1640 Θεοῦ
1267 1589 1426 1656 λόγον,
1453 1590 1520 1654 εἰἠ
1547 1588 1617 1652 ἂν,
1645 1591 1706 1644 ὡς
1733 1588 1886 1656 ε”μοιγε

310 1666 510 1734 πάρεστι
545 1673 676 1731 νοεῖν,
713 1667 870 1737 ἕτερον
895 1671 1026 1722 οὐδὲν
1052 1676 1145 1725 τοῖς
1177 1672 1482 1738 ἀκροωμένοις
1509 1672 1887 1735 κατασημαίνον-

311 1773 403 1812 τος,
428 1748 457 1815 ἢ
485 1749 555 1801 ὅτι
580 1750 770 1817 γέγονεν
804 1751 1107 1823 ἀποκάλυψις
1144 1755 1192 1804 ἐν
1215 1754 1378 1819 Ὠσηὲ,
1414 1756 1489 1805 καὶ
1522 1758 1615 1805 τῶν
1653 1753 1887 1817 ἐσομένων

310 1832 338 1896 ἡ
366 1836 543 1898 γνῶσις
579 1832 736 1902 φωτὸς
769 1832 1040 1904 ε’νήστραψε
1079 1835 1222 1900 δίκην,
1256 1837 1309 1887 οὐ
1347 1837 1569 1901 σώματος
1594 1835 1885 1904 ὀφθαλμοὺς,

311 1912 442 1964 ἀλλὰ
467 1919 575 1964 νοῦν
602 1916 677 1966 καὶ
704 1917 897 1982 καρδίαν
923 1919 1414 1984 καταλαμπρύνοντος.

386 1994 457 2047 Τὸ
500 1994 549 2046 δὲ
598 1995 653 2061 δὴ
706 1996 850 2065 φάναι
891 1998 1051 2062 πάλιν,
1096 2006 1184 2051 Καὶ
1239 2000 1336 2052 εἷπε
1387 2000 1535 2071 Κύριος
1583 2002 1689 2068 πρὶς
1733 1998 1884 2061 Ὠσηὲ,

313 2076 431 2144 πρὸς
469 2079 642 2133 ἐννοίας
676 2079 796 2143 ἡμᾶς
829 2080 1053 2150 ἀποφέρει
1084 2082 1311 2137 τοιαύτας,
1384 2082 1438 2134 τὸ
1473 2083 1564 2149 γάρ
1590 2106 1660 2134 τοι
1685 2105 1888 2149 προστε-

315 2159 545 2225 ταγμένον
579 2161 632 2211 οὐ
661 2160 814 2213 κοινὸν
852 2160 1004 2214 ἅπασι
1041 2169 1136 2217 τοῖς
1170 2165 1508 2234 ἐντευξομένοις
1546 2163 1618 2229 ἧν,
1654 2166 1758 2215 οὔτε
1794 2162 1887 2228 μὴν

314 2242 556 2307 προῦκειτο
597 2247 691 2298 τοῖς
731 2244 961 2296 ἐθέλοισιν
1003 2247 1325 2313 ἀποπεραίνειν
1369 2246 1481 2298 αὐτὸ
1526 2245 1643 2297 κατὰ
1689 2244 1884 2312 καιροὺς,

315 2324 424 2372 ἀλλ’
454 2326 604 2378 ἰδικῶς
639 2327 714 2376 καὶ
750 2326 867 2393 πρὸς
897 2327 1042 2391 μόνον
1076 2328 1226 2395 ε’ίρητο
1255 2328 1337 2380 τὸν
1367 2329 1531 2394 Ὠσηέ.
1601 2329 1653 2380 οὐ
1687 2327 1793 2394 γὰρ,
1826 2326 1887 2381 ὥς

314 2427 401 2470 περ
436 2407 537 2456 ἐστὶ
571 2407 722 2458 κοινὸν
753 2411 828 2459 καὶ
858 2409 1097 2477 ἐπωφελὲς
1122 2410 1451 2477 παράγγελμα,
1479 2410 1533 2462 τὸ
1559 2418 1585 2441 “
1602 2410 1727 2462 Τάδε
1759 2409 1886 2476 λέγει

275 2513 296 2539 e
315 2491 343 2513 ‘⁶
372 2486 541 2551 Κύριος
571 2489 705 2540 Κατὰ
738 2489 820 2544 τὰς
846 2492 979 2545 ὁδους
1003 2496 1096 2542 τῶν
1129 2494 1274 2544 ε’θνῶν
1304 2492 1368 2557 μὴ
1399 2492 1669 2556 μανθάνετε,
1693 2494 1768 2543 καὶ
1792 2492 1886 2544 ἀπὸ

316 2573 341 2595 “
367 2572 459 2617 τῶν
491 2571 696 2632 σημείων
733 2578 816 2623 τοῦ
853 2574 1048 2639 οὐρανοῦ
1079 2573 1145 2639 μὴ
1181 2576 1455 2643 φοβεῖσθε,”
1484 2577 1628 2629 οὕτως
1655 2574 1711 2625 ἂν
1736 2580 1886 2626 νοοῖτο

314 2647 462 2698 καλόν
499 2672 548 2699 τε
592 2653 665 2702 καὶ
703 2653 991 2722 ὀνησιφόρον
1025 2655 1078 2707 τὸ
1114 2661 1279 2717 λαβεῖν
1314 2663 1510 2722 γυναῖκα
1547 2658 1774 2724 πορνείας,
1809 2659 1884 2708 καὶ
1906 2678 1957 2714 3ο

313 2728 449 2779 τέκνα
496 2734 723 2796 πορνείας·
791 2738 903 2786 ἀλλ’
950 2739 1091 2789 ἐκεῖνο
1140 2739 1225 2801 μὲν
1273 2741 1516 2807 χρησίμως
1568 2743 1628 2792 εἷς
1676 2736 1886 2793 ἅπαντας

362 2902 394 2936 6.
419 2903 542 2949 τοῖς]’
526 2920 560 2938 εν
578 2906 767 2941 Aubertus.
927 2911 979 2945 16.
1006 2915 1066 2946 τοῦ
1083 2919 1302 2958 assumptum
1322 2926 1362 2947 ex
1384 2913 1424 2947 B.
1597 2914 1648 2948 18.
1676 2915 1883 2958 κατασημαί-

315 2948 443 2995 νοντος]
466 2950 521 2985 Sic
543 2951 583 2985 Β.
603 2956 845 2998 κατασημαῖνον
864 2956 954 2991 Edd.
1191 2970 1245 3005 25.
1272 2960 1370 3005 αὐτὸ]
1389 2961 1488 2994 αὐτὸν
1505 2959 1564 2995 iid.

1910 1037 1957 1062 10

1907 1854 1955 1879 20

1907 2262 1954 2301 25
