2021 3434
111 381 218 422 Supra

112 436 180 456 ver.
195 436 228 467 4.

112 638 163 669 Ib.
175 647 269 680 9—11.

110 963 162 994 Ib.
177 964 205 1000 8,
221 972 270 995 12.

338 185 424 223 414
742 186 792 227 B.
835 186 1110 228 CYRILLI
1149 187 1529 228 ALEXANDR.
1781 186 1824 226 ii.
1851 198 1913 241 13.
2014 166 2020 283 t

338 293 421 343 οὐκ
455 293 519 343 ἔτι
551 294 708 361 φέρειν
741 295 992 358 δυνάμενος
1017 301 1110 348 τῶν
1134 296 1556 362 πλημμελημάτων
1584 295 1638 348 τὸ
1663 295 1910 363 δυσαχθές.
2013 284 2019 444 Ι

338 380 365 402 “
390 374 698 426 Ἀπεώσαντο
731 376 824 444 γὰρ
861 378 943 428 τὸν
976 378 1120 443 νόμον
1161 381 1348 445 Κυρίου,
1384 378 1443 430 τὰ
1485 379 1532 429 δὲ
1568 378 1916 445 προστάγματα

336 462 365 484 “
389 456 529 507 αὐτοῦ
580 459 662 509 οὐκ
711 459 1026 529 ἐφυλάξαντο,
1073 463 1182 511 ἀλλ’
1230 461 1469 525 ἐπλάνησε
1514 460 1598 525 μὲν
1649 459 1814 514 αὐτοὺς
1857 460 1916 512 τὰ

337 543 363 566 “
386 536 561 600 μάταια
595 541 760 603 αὐτῶν,
787 539 818 592 ἃ
851 542 1077 606 ἐποίησαν
1108 547 1149 594 οἱ
1183 545 1376 609 πατέρες
1408 544 1603 605 αὐτῶν,”
1631 542 1914 594 ἐπελάθοντο

296 619 392 669 (3δέ
423 643 513 682 μου
546 627 629 672 τοῦ
668 623 986 691 ἐξαγαγόντος
1029 627 1078 675 ἐκ
1119 628 1205 690 γῆς
1247 625 1504 690 Αἰγύπτου,
1543 631 1625 676 τοῦ
1664 624 1953 693 ἐξάραντος5

333 701 416 753 τὸν
442 705 726 772 Ἀμοῤῥαῖον
757 706 850 757 ἀπὸ
881 707 1142 774 προσώπου
1174 709 1340 771 αὐτῶν,
1368 714 1450 759 τοῦ
1476 707 1710 768 λαβόντος
1741 709 1790 757 ἐκ
1821 711 1914 758 τῶν

333 789 442 836 υἱῶν
473 787 625 837 αὐτῶν
659 791 720 840 εἷς
754 789 1002 857 προφήτας
1039 792 1112 840 καὶ
1153 792 1201 841 ἐκ
1239 795 1334 841 τῶν
1373 793 1629 840 νεανίσκων
1661 791 1813 839 αὐτῶν
1851 791 1913 843 εἷς

333 867 584 933 ἁγιασμόν.
654 869 784 920 ἀλλὰ
825 873 1047 936 τετίμηκα
1081 870 1165 936 μὲν
1203 871 1308 938 ἐγὼ,
1340 874 1583 923 καθίκοντο
1622 870 1669 922 δὲ
1708 873 1914 931 δυσβου-

332 951 438 1004 λίας
476 955 537 1004 εἰς
580 958 717 1003 τοῦτο
759 954 902 1015 αὐτοὶ,
951 957 1012 1008 ὡς
1058 954 1181 1006 66Τοὶ
1225 954 1383 1019 ἱμάτια
1424 956 1575 1005 αὐτῶν
1613 952 1914 1016 δεσμεύοντες

330 1039 359 1061 “
383 1034 608 1100 σχοινίοις
648 1035 1060 1101 παραπετάσματα
1102 1042 1250 1088 ποιεῖν
1293 1036 1488 1104 ἐχόμενα
1531 1041 1613 1087 τοῦ
1652 1038 1912 1100 θυσιαστη-
1934 1059 1980 1085 10

330 1121 357 1144 ‘⁶
382 1117 495 1180 ριόυ,
538 1118 612 1167 καὶ
658 1115 782 1168 οἶνον
824 1119 873 1168 ἐκ
915 1123 1246 1186 συκοφαντιῶν
1288 1120 1435 1170 πίνειν
1480 1121 1527 1169 ἐν
1571 1122 1636 1187 τῷ
1680 1117 1789 1187 οἴκῳ
1830 1123 1913 1168 τοῦ

330 1203 358 1225 “
385 1200 509 1248 Θεοῦ
547 1199 743 1261 αὐτῶν,”
774 1201 847 1249 καὶ
887 1201 1086 1267 ποτίζειν
1120 1200 1204 1264 μὲν
1241 1209 1267 1232 “
1284 1200 1409 1252 οἶνον
1445 1200 1551 1254 τοὺς
1589 1199 1912 1266 ἡγιασμένους,

285 1285 357 1326 (1“
385 1277 694 1331 ἐντέλλεσθαι
735 1281 782 1332 δὲ
821 1287 916 1336 τοῖς
953 1283 1219 1351 προφήταις
1261 1287 1335 1334 καὶ
1379 1284 1533 1349 λέγειν
1571 1284 1646 1334 Οὐ
1684 1282 1749 1346 μὴ
1788 1305 1908 1348 προ-

330 1368 357 1391 “
384 1361 689 1430 φητεύσητε.”
740 1369 838 1418 ταῖς
872 1366 952 1416 οὖν
986 1366 1216 1419 τοιαύταις
1249 1368 1376 1426 ὑμῶν
1403 1365 1638 1426 ἀσεβείαις
1663 1366 1912 1433 μονονουχὶ

328 1445 403 1493 καὶ
441 1445 830 1511 πεφορτισμένος,
866 1449 927 1500 ὡς
960 1448 1087 1516 ἄξων
1128 1447 1216 1499 ὑπὸ
1255 1448 1340 1513 τὴν
1379 1448 1588 1517 ἅμαξαν,
1627 1446 1656 1510 ἢ
1695 1446 1910 1511 καλάμης
1931 1464 1975 1505 15
2015 1469 2018 1511 ζ

327 1527 429 1576 ἐστὶ
464 1527 538 1576 καὶ
574 1526 858 1593 δραγμάτων
886 1528 1113 1591 ἔμπλεως,
1140 1530 1374 1596 πλείστην
1399 1530 1518 1593 ὅσην
1544 1529 1801 1593 ποιήσομαι
1825 1527 1910 1592 τὴν

326 1607 578 1672 καταβοήν.
644 1611 719 1659 καὶ
761 1611 807 1660 τί
854 1610 908 1660 τὸ
957 1613 1163 1662 ἐντεῦθεν
1208 1611 1432 1676 ἐσόμενον
1482 1611 1682 1674 βλάβος,
1726 1610 1754 1675 ἦ
1799 1615 1911 1662 ποῖα

323 1689 471 1741 πάλιν
507 1692 661 1745 αὐτοῖς
695 1692 996 1757 συμβήσεται
1031 1693 1175 1759 πάθη,
1203 1697 1444 1761 διατρανοῖ
1467 1693 1551 1758 μὲν
1583 1692 1716 1747 εὐθὺς
1742 1695 1790 1743 ἐν
1815 1698 1910 1747 τοῖς

327 1773 515 1842 ἐφεξῆς.

287 1873 309 1899 e
402 1854 544 1918 Πλὴν
579 1857 720 1907 ἐκεῖνο
762 1861 902 1909 εἰπεῖν
939 1859 1203 1924 ἀναγκαῖον,
1241 1858 1309 1911 ὅτι
1343 1857 1588 1911 πάνδεινον
1629 1859 1818 1922 ἀληθῶς
1855 1856 1908 1910 τὸ
1928 1888 1975 1914 20
2008 1891 2009 1894 ¹

325 1936 606 2005 παροξύνειν
650 1938 788 2002 Θεὸν,
827 1942 901 1991 καὶ
946 1945 1007 1995 εἷς
1048 1946 1184 1992 τοῦτο
1225 1940 1521 2009 φαυλότητος
1560 1943 1908 2005 κατολισθῆσαι

326 2018 506 2082 λοιπὸν,
543 2022 605 2075 ὡς
636 2020 876 2090 ἀφόρητον
907 2024 1032 2093 αὐτῷ
1069 2022 1287 2089 γενέσθαι
1324 2023 1409 2088 τὴν
1446 2022 1554 2089 παρ’
1582 2023 1713 2088 ἡμῶν
1751 2024 1905 2090 ἁμαρ-

325 2103 442 2165 τίαν,
488 2103 635 2154 καίτοι
680 2109 873 2174 χρηστῷ
922 2128 972 2156 τε
1025 2108 1100 2156 καὶ
1145 2107 1309 2176 ἀγαθῷ
1353 2109 1427 2157 καὶ
1474 2104 1757 2176 ἡμερωτάτῳ
1800 2107 1909 2157 λίαν

326 2185 584 2253 ὑπάρχοντι
628 2187 746 2237 κατὰ
784 2187 949 2255 φύσιν.
1017 2190 1087 2239 δεῖ
1121 2187 1176 2253 δὴ
1216 2189 1296 2239 οὖν
1334 2190 1425 2255 ἄρα
1461 2193 1788 2255 παραιτεῖσθαι
1824 2188 1909 2252 μὲν

325 2265 396 2317 ὅτι
422 2267 636 2330 μάλιστα
663 2273 818 2337 φιλεῖν
841 2269 895 2320 τὸ
926 2271 1237 2336 προσκρούειν
1263 2272 1399 2340 αὐτῷ·
1440 2273 1476 2321 εὶ
1504 2269 1552 2321 δὲ
1577 2269 1633 2335 δή
1660 2293 1704 2321 τι
1727 2270 1906 2336 γε’νοιτο
1926 2294 1971 2334 25
2002 2291 2004 2293 ’

326 2353 401 2401 καὶ
438 2356 604 2403 παθεῖν
641 2353 946 2419 ἀνθρώπινον,
977 2353 1041 2418 μὴ
1077 2356 1279 2421 ὁρᾶσθαι
1316 2353 1556 2419 μελλητάς
1582 2359 1642 2409 εἰς
1667 2354 1906 2421 μετάγνω-

325 2455 419 2495 σιν,
461 2433 577 2498 μήτε
616 2434 710 2498 μὴν
750 2439 811 2488 εἷς
855 2436 1003 2504 αὔξην
1048 2436 1159 2487 ἱέναι
1199 2442 1493 2504 παραχωρεῖν
1532 2442 1627 2491 τοῖς
1666 2439 1905 2488 διεπταισ-

324 2515 489 2579 μένοις,
517 2515 659 2586 νήψει
695 2517 743 2568 δὲ
776 2522 966 2582 μᾶλλον
993 2519 1270 2586 ἁγιοπρεπεῖ
1298 2518 1560 2587 χρωμένους
1591 2519 1905 2587 ἀνασειράζειν

373 2721 404 2745 2.
431 2711 628 2747 ἀπεώσαντο
644 2712 688 2747 Α.
706 2712 818 2748 timim.
837 2713 929 2748 Edd.
989 2716 1048 2748 τοῦ
1073 2720 1153 2760 post
1177 2716 1277 2758 νόμον
1301 2714 1381 2748 add.
1399 2714 1458 2748 iid.
1478 2714 1587 2748 invito
1606 2713 1648 2748 B.
1697 2714 1737 2748 τὰ
1755 2714 1791 2748 δὲ
1809 2713 1852 2747 Α.
1857 2713 1899 2748 Β.

325 2758 378 2791 καὶ
395 2759 435 2792 τὰ
454 2758 545 2793 Edd.
685 2769 719 2805 5.
745 2761 780 2794 ἐκ
796 2762 858 2806 γῆς
874 2761 918 2795 A.
937 2761 974 2804 ἐξ
994 2761 1084 2795 Edd.
1227 2761 1259 2795 6.
1285 2761 1350 2796 ἀπὸ
1368 2762 1411 2795 A.
1431 2762 1465 2795 ἐκ
1485 2761 1768 2814 Edd.cf.s31pra
1780 2770 1846 2804 270
1863 2760 1898 2794 d.

324 2815 358 2847 9.
385 2805 430 2839 εἷς
447 2808 546 2839 τοῦτο
564 2818 634 2840 om.
652 2806 696 2840 A.
921 2817 973 2853 15.
999 2822 1052 2842 και
1068 2807 1358 2854 πεφορτισμένος]
1379 2810 1544 2852 καταπεφ.
1566 2808 1592 2841 Ε
1596 2807 1654 2841 dd.
1672 2807 1789 2841 invitis
1807 2808 1849 2841 A.
1856 2807 1897 2842 B.

325 2849 379 2883 ἐπὶ
397 2863 459 2894 pro
476 2853 540 2886 ὑπὸ
557 2852 616 2886 iid.
633 2865 780 2899 repugn.
799 2854 907 2889 libris.
1205 2865 1256 2900 17.
1283 2856 1444 2898 ἐσόμενον
1461 2855 1633 2889 ἐντεῦθεν
1626 2866 1696 2889 mv.
1715 2853 1836 2888 ordine
1853 2855 1897 2888 A.

326 2907 381 2929 20.
407 2899 444 2930 τὸ
462 2910 531 2932 om.
550 2901 593 2933 A.
940 2911 993 2943 24.
1019 2901 1083 2947 ἄρα
1100 2908 1319 2946 assumptum
1338 2914 1380 2935 ex
1396 2903 1439 2935 A.
1448 2901 1488 2936 B.
1539 2900 1700 2936 Statim“
1681 2915 1731 2935 οτι
1747 2902 1898 2943 μάλιστα

323 2946 559 2985 παραιτεῖσθαι
576 2958 639 2991 pro
656 2962 790 2993 παραιτ.
809 2948 869 2992 μὲν
885 2947 936 2982 ὅτι
952 2949 1032 2992 μάλ.
1052 2949 1095 2982 Α.
1226 2958 1278 2994 25.
1298 2949 1337 2992 δὴ
1355 2960 1424 2982 om.
1443 2949 1487 2983 A.
1630 2947 1684 2982 26.
1709 2947 1897 2992 μέλλοντας

325 3000 388 3032 pro
405 2992 574 3033 μελλητιις
590 2993 633 3026 Α.
872 3004 926 3039 27.
953 2997 1096 3038 αὔξησιν
1113 2995 1203 3030 Edd.
1222 2996 1339 3031 invitis
1358 2995 1447 3030 A.B.

2005 1098 2013 1292 Μ-.-

2012 1274 2021 1411 ..mx—1.
2014 1242 2021 1266 .„
2016 1219 2021 1233 μ

1996 1911 2004 2122 ‚f

1995 2126 2002 2254 ξ

1993 2259 2000 2338 ἕ

1990 2339 2009 2554 ἔ.

1989 2560 1996 2653 ἕ

1987 2655 1994 2833 ἓ

1984 2867 1991 3013 f

2007 790 2017 1096 q-a-——s-qo--m-a
2011 709 2016 772 ·---
2011 590 2017 696 a———--
2012 447 2021 580 -ff-m--w
