2021 3434
114 182 141 223 i.
163 192 202 237 5.
562 183 631 224 IN
672 183 948 224 JOELEM.
1009 182 1158 223 TOM.
1203 182 1238 222 Ι.
1603 179 1684 219 295

114 290 268 356 ἐπειδὴ
316 291 363 343 δὲ
410 292 670 359 ἀνάλγητοι
718 292 1006 357 μεμενήκασι
1055 294 1137 356 τῆς
1179 289 1367 358 πρώτης
1407 288 1560 342 αὐτοῖς
1601 288 1683 339 ε’π-
1708 306 1730 334 e

114 374 414 440 ενηνεγμένης
453 377 609 442 ὀργῆς,
654 375 980 443 προστέθειται
1027 376 1102 426 καὶ
1148 374 1176 438 ἡ
1228 371 1427 439 δευτέρα,
1473 373 1548 422 καὶ
1591 368 1688 434 μετ’

115 457 288 521 ἐκείνην
330 458 358 520 ἡ
409 458 554 524 τρίτη,
595 458 861 524 προβέβηκε
913 455 962 507 δὲ
1011 461 1086 508 καὶ
1133 455 1267 523 μέχρι
1319 457 1401 518 τῆς
1450 451 1689 520 τετάρτης.

114 536 244 602 πλὴν
284 538 371 590 κᾶν
414 545 529 605 γοῦν
570 539 663 608 ὀψὲ
712 538 1088 605 διεγηγερμένους
1137 561 1186 589 τε
1235 539 1310 588 καὶ
1353 536 1694 604 ἀνανήφοντας,

75 635 97 673 5
117 622 192 670 καὶ
227 621 367 672 οἱονεί
393 644 496 672 τινα
529 621 674 685 μέθην
709 621 853 675 ἱέντας
880 627 962 672 τοῦ
1002 626 1082 672 νοῦ
1121 619 1206 682 τὴν
1236 618 1515 688 φιληδονίαν
1543 615 1696 668 καὶτὸ

115 700 320 756 ἐκτόπως
358 703 552 753 ἑλέσθαι
595 708 904 767 πλημμελεῖν,
947 706 1008 756 εἷς
1047 702 1273 766 α’ίσθησιν
1309 704 1403 751 τῶν
1441 704 1692 763 συμβεβη-

114 781 263 834 κότων
289 785 541 852 ἀφικέσθαι
575 785 748 836 κελεύει
782 783 963 846 λοιπὸν,
992 782 1239 836 κλαίοντας
1266 805 1314 833 τε
1353 783 1427 832 καὶ
1460 780 1691 844 κατοιμώ-

116 864 275 931 ζοντας
299 865 377 916 ε’πί
396 889 450 931 γε
476 872 576 921 ταῖς
601 870 745 935 σφῶν
768 867 919 916 αὐτῶν
945 866 1202 932 ἁμαρτίαις.

189 946 365 998 Ἰστεόν
401 947 463 1010 δὲ,
500 947 570 999 ὅτι
607 950 683 999 καὶ
723 948 855 1012 ἡμῶν
893 946 1078 1018 ἑκάστῳ
1119 945 1222 1002 οἶνος
1259 943 1423 1011 ὥσπερ
1461 967 1530 997 τις
1569 945 1698 994 ἐστὶν

53 1028 268 1092 Ιοῖδικὸς,
308 1031 332 1080 ὁ
377 1030 746 1094 καταμεθύσκων
787 1029 995 1097 καρδίαν.
1063 1026 1458 1094 καταμεριζόμεθα
1496 1024 1603 1092 γὰρ,
1641 1026 1694 1076 ἵν’
1717 1031 1744 1071 d

117 1113 261 1165 οὕτως
313 1111 438 1175 ε’ίπω,
488 1111 547 1162 τὰ
594 1111 737 1176 πάθη,
781 1115 855 1163 καὶ
907 1113 932 1162 ὁ
982 1110 1067 1175 μέν
1114 1134 1183 1165 τις
1226 1111 1358 1174 ἡμῶν
1399 1109 1700 1159 ἀπονένευκεν

117 1195 351 1262 ἀχαλίνως
382 1196 456 1245 ἐπὶ
492 1195 809 1263 φιλαργυρίαν
843 1193 962 1259 μετὰ
994 1199 1077 1245 τοῦ
1116 1196 1190 1244 καὶ
1226 1193 1357 1259 ἕτερα
1387 1196 1555 1242 νοσεῖν·
1595 1188 1696 1241 ἕτε-

117 1300 197 1344 ρος
243 1276 291 1328 δὲ
335 1277 393 1327 αὖ
435 1275 700 1344 πεφρόνηκε
745 1275 804 1327 τὰ
846 1282 929 1327 τοῦ
977 1277 1174 1338 κόσμου,
1213 1277 1287 1326 καὶ
1330 1273 1699 1341 κατηῤῥώστησε

118 1358 202 1424 τὴν
227 1359 557 1428 φιλοσαρκίαν,
584 1363 782 1428 τρυφαῖς
817 1360 892 1410 καὶ
926 1359 1217 1428 φιληδονίαις
1250 1356 1522 1424 ὁλοτρόπως
1547 1378 1700 1422 προσ-

56 1457 101 1496 15
121 1441 332 1505 κείμενος·
373 1440 423 1495 ὃς
449 1439 496 1491 δὲ
530 1444 592 1495 εἰς
626 1440 784 1508 ἑτέραν
814 1441 1026 1505 ἡντινοῦν
1051 1438 1428 1507 ἀποδεδράμηκεν
1455 1438 1699 1505 ἁμαρτίαν.

119 1524 241 1587 ἵεμεν
267 1523 314 1575 δὲ
338 1522 393 1588 δὴ
419 1523 537 1590 πρὸς
571 1522 630 1574 τὰ
666 1525 786 1574 οὕτω
820 1521 1030 1590 βδελυρὰ
1061 1525 1136 1574 καὶ
1172 1524 1368 1586 θεομισῆ
1400 1525 1494 1572 τῶν
1519 1524 1700 1582 παθῶν,

121 1608 162 1656 οἱ
187 1604 271 1669 μὲν
298 1606 350 1656 οὐ
375 1606 483 1656 λίαν
509 1605 920 1669 ἐσπουδασμένως,
952 1608 993 1655 οἱ
1028 1604 1075 1656 δὲ
1108 1604 1240 1657 ὅλαις
1271 1605 1432 1670 ὁρμαῖς
1456 1602 1699 1671 χρώμενοι,

121 1689 195 1738 καὶ
234 1688 539 1753 ἀνουθέτητον
574 1688 757 1755 ἔχοντες
790 1691 872 1751 τῆς
904 1688 1105 1740 διανοίας
1140 1685 1225 1751 τὴν
1248 1685 1414 1754 ῥοπήν.
1483 1685 1739 1753 ταύτῃτοίθ

123 1775 272 1839 φησιν
311 1772 335 1821 ὁ
376 1769 635 1838 Προφήτης
668 1765 928 1840 Ἐκνήψσιτε
972 1775 1004 1821 οἱ
1045 1768 1262 1838 μεθύοντες
1303 1769 1348 1838 ἐξ
1398 1768 1498 1819 οἴνου
1549 1767 1699 1818 αὐτῶν·

59 1873 106 1899 20
124 1852 434 1915 συμβουλεύει
472 1852 519 1904 δὲ
556 1852 625 1903 ὅτι
662 1850 891 1919 προσήκει
921 1850 1332 1921 κατολοφύρεσθαι
1363 1849 1469 1904 τοὺς
1501 1851 1702 1904 πίνοντας

126 1933 218 1986 οἶνον
255 1941 315 1991 εἷς
357 1934 495 2003 μέθην.
561 1937 621 1989 ὡς
667 1934 758 2001 γὰρ
801 1935 919 2004 ε”φην
963 1934 1144 2001 ἀρτίως,
1183 1934 1236 1984 οὐ
1273 1933 1408 2000 μέχρι
1448 1931 1586 1999 κόρου
1626 1933 1701 1982 καὶ

124 2017 391 2084 αὐταρκείας
430 2018 607 2069 ἱστῶσί
638 2040 755 2071 τινες
787 2016 869 2071 τὰς
902 2017 1192 2086 φιληδονίας,
1217 2017 1326 2066 ἀλλ’
1356 2014 1452 2066 οἷον
1485 2020 1544 2070 εἰς
1575 2012 1701 2082 μέθην

124 2100 373 2164 ἐκπίνουσι,
401 2103 475 2151 καὶ
508 2099 684 2154 παντὸς
716 2099 920 2151 ἐπέκεινα
954 2100 1158 2151 τείνουσι
1181 2098 1364 2165 μέτρου·
1408 2097 1583 2148 τούτων
1609 2096 1700 2148 ἀπὶ

124 2187 207 2233 τοῦ
245 2206 469 2250 στοματος
513 2183 793 2251 ἀφῃρῆσθαι
831 2186 952 2251 φησι
1004 2205 1079 2233 και
1122 2179 1365 2250 ευφρσσύνην
1412 2203 1491 2231 και
1535 2177 1698 2249 χαράν.

60 2285 107 2324 25
126 2264 340 2329 ἀληθεύει
364 2264 456 2331 γὰρ
483 2266 507 2315 ὁ
527 2264 803 2331 Χριστος,
779 2288 848 2316 οτι
873 2263 1027 2329 πάντη
1054 2287 1101 2315 τε
1127 2287 1201 2314 και
1228 2261 1414 2316 πάντως
1441 2286 1482 2313 οι
1507 2286 1592 2326 μεν
1619 2268 1702 2313 νῦν
1759 2268 1920 2351 {thbh'

125 2350 394 2401 πενθοῦντες
419 2347 882 2415 παρακληθήσονται·
923 2347 1086 2416 εψεται
1111 2345 1158 2397 δε
1183 2351 1277 2399 τοῖς
1304 2344 1491 2396 ειωθόσι
1516 2349 1700 2413 τρυφᾶν
1715 2370 1738 2395 a
1763 2361 1849 2396 203
1869 2360 1921 2396 A.

126 2451 180 2480 το
217 2451 383 2496 χρηναι
419 2429 779 2498 δακρυῤῥοεῖν,“
756 2453 825 2480 οτι
863 2432 945 2493 τῆς
984 2428 1244 2495 ἀγερωχίας
1274 2450 1328 2478 το
1359 2450 1503 2493 περας
1534 2430 1701 2494 θρῆνος

177 2580 206 2604 1.
235 2569 347 2614 ἐπειδὴ
366 2570 401 2604 δέ
419 2570 599 2615 ἀνάλγητοι
619 2570 661 2603 Β.
673 2570 708 2604 b.
727 2569 798 2603 ἐπει
816 2569 851 2603 δὲ
868 2568 1034 2603 ἀνάλωτοι
1053 2567 1145 2602 Edd.
1194 2568 1307 2603 αυτοῖς
1326 2567 1584 2614 ἐπενηνεγμένης
1601 2569 1704 2627 ὀργῆς

129 2616 172 2650 Β.
186 2616 220 2650 b.
239 2617 341 2662 ὀργῆς
358 2618 456 2661 αυτ-ἦς
473 2632 731 2663 επενηνεγμενης
747 2616 807 2650 iid.
1090 2626 1121 2649 2.
1146 2613 1400 2661 προστεθειται]
1421 2619 1457 2656 -f-
1473 2616 1508 2649 δὲ
1526 2616 1560 2650 b.
1610 2616 1628 2660 ἡ
1647 2629 1701 2651 as-

129 2670 310 2708 sumptum
327 2676 367 2698 ex
387 2664 429 2699 B.
685 2675 718 2708 3.
745 2662 763 2706 ἡ
782 2674 851 2696 om.
869 2661 905 2696 b.
954 2676 1007 2695 και
1024 2668 1245 2707 assumptum
1263 2674 1304 2696 ex
1321 2662 1355 2696 b.
1406 2664 1464 2706 τῆς
1480 2670 1704 2708 assumptum

129 2721 170 2743 ex
189 2709 231 2744 B.
483 2723 515 2753 4
535 2708 595 2744 κᾶν
609 2712 692 2756 γοῦν
710 2710 775 2743 hoc
793 2708 913 2743 ordine
931 2708 973 2742 Β.
989 2709 1023 2742 b.
1282 2720 1315 2753 5.
1342 2708 1495 2754 ἶέντας]’
1485 2724 1592 2745 ιεντιις
1610 2710 1652 2745 Β.
1667 2711 1703 2746 b,

131 2766 163 2801 7,
182 2756 214 2790 8.
240 2771 276 2790 τε
293 2762 325 2790 et
341 2771 380 2802 γε
398 2764 619 2802 assumptum
637 2769 678 2790 ex
698 2756 739 2790 B.
754 2756 788 2790 b.
1164 2767 1198 2801 9
1223 2754 1315 2800 ἡμῶν
1331 2757 1463 2802 ἑκάστῳ
1480 2756 1546 2790 hoc
1564 2757 1638 2791 ord.
1660 2757 1702 2792 B.

134 2813 186 2836 10.
212 2804 410 2846 μεριζόμεθα
430 2804 471 2838 Β.
703 2814 755 2836 12.
782 2802 827 2837 εἷς
844 2813 906 2846 pro
924 2802 978 2835 ἐπι
996 2801 1088 2835 Edd.
1319 2803 1372 2837 16.
1397 2792 1535 2849 ιεμεν]”
1521 2818 1593 2847 ιμεν
1610 2804 1703 2840 Edd.

131 2847 217 2883 οὕτω
235 2856 455 2893 assumptum
472 2863 512 2885 ex
532 2850 574 2885 Β,
928 2859 983 2882 22.
1009 2863 1095 2884 τινες
1111 2854 1331 2894 assumptum
1349 2862 1391 2884 ex
1410 2849 1452 2884 B.
1503 2850 1627 2885 Statim
1645 2851 1705 2895 τὴν

131 2895 331 2940 φιληδονίαν
348 2896 439 2931 Edd.
567 2908 621 2941 23.
649 2894 813 2940 τείνουσι]
835 2894 891 2929 Sic
910 2895 952 2929 B.
972 2895 1040 2940 (τει
1058 2907 1098 2930 ex
1117 2895 1226 2941 corr.)
1244 2897 1380 2931 πίνουσι
1397 2896 1625 2932 iid.-r015·r0v
1643 2898 1703 2933 iid.

133 2952 188 2984 24.
216 2942 268 2976 καὶ
286 2943 383 2987 εὐφρ.
402 2944 454 2978 καὶ
471 2942 595 2988 χαράν]
615 2943 723 2987 χαρὰν
740 2943 792 2977 καὶ
809 2942 909 2988 εὐφρ.
927 2941 986 2976 iid.
1280 2953 1334 2990 25
1363 2943 1460 2980 Haec
1475 2945 1582 2990 πάντη
1599 2959 1635 2980 τε
1652 2946 1705 2980 καὶ

133 2992 313 3035 assumpta
330 3001 370 3024 ex
390 2990 432 3025 B.
483 2993 540 3025 νῦν
557 3002 626 3024 om.
647 2990 688 3024 Β.
