2021 3434
326 176 378 218 16
708 180 755 220 B.
799 180 1074 221 CYRILLI
1115 180 1496 222 ALEXANDR.
1795 179 1885 239 i43.

99 292 211 366 {503⁸
321 287 522 353 ἐραστὰς
554 289 625 340 Τὸ
663 290 859 356 γράμμα
897 291 1146 343 ἀποκτένει.
1216 292 1390 358 ἐρήμην
1427 291 1523 358 γὰρ’
1558 289 1709 358 ὥςπερ
1748 313 1889 341 κατα-

277 378 303 419 d
320 369 496 436 τρέχων
534 377 615 421 τοῦ
654 370 943 437 γράμματος,
969 374 1044 422 καὶ
1071 375 1204 423 οἱονεὶ
1236 372 1353 424 κατὰ
1390 379 1595 438 πρανοῦς
1628 371 1889 440 ἐρχόμενος,

318 450 519 504 τοιούςδε
553 451 680 505 τινὰς
717 454 946 504 συνετίθει
984 452 1171 520 λόγους.
1247 495 1273 517 ,,
1294 458 1509 519 Μωυσῆς
1535 454 1639 520 γὰρ,
1667 456 1888 522 ἔφασκεν,

96 535 211 611 ἰΕιίΧῖἷ·
318 572 346 594 ,,
371 533 395 582 ὁ
433 534 684 587 θεσπέσιος
717 536 1062 600 προσετάττετό
1100 560 1213 588 ποτε
1251 540 1334 601 τῆς
1373 537 1642 603 Αἰγυπτίων
1680 538 1890 591 δουλείας

317 653 344 676 ,,
371 615 722 681 λελυτρωμένον
747 618 1040 685 ἀποκομίζειν
1064 618 1146 670 τὸν
1171 618 1372 685 Ἰσραὴλ
1405 623 1466 672 εἷς
1498 618 1582 682 τὴν
1614 617 1764 669 πάλαι
1795 624 1890 672 τοῖς
1909 641 1930 679 5

317 736 343 758 ,,
371 696 607 762 πατράσιν
632 700 985 766 ἐπηγγελμένην
1011 702 1150 766 ἁγίαν
1176 704 1277 768 γῆν,
1300 703 1420 768 φημὶ
1446 700 1502 765 δὴ
1528 699 1614 765 τὴν
1640 703 1722 764 τῆς
1746 702 1889 767 ἐπαγ-

316 818 345 840 ,,
372 779 544 843 γελίας·
585 780 714 831 ἀλλὰ
739 784 815 832 καὶ
841 784 865 833 ὁ
890 783 1135 852 προφήτης
1151 784 1372 849 Ἱερεμίας
1391 783 1562 847 ἤκουσε
1584 786 1706 834 Θεοῦ
1727 782 1891 848 λέγον-

98 873 190 923 ῌίετ-
317 899 344 922 ,,
372 882 450 914 τος
473 863 678 928 ἐναργῶς
717 870 730 892 ‘
747 863 852 930 Πρὸ
879 871 961 916 τοῦ
986 888 1042 928 με
1068 864 1256 917 πλάσαι
1291 888 1349 916 σε
1380 868 1428 916 ἐν
1455 866 1609 934 κοιλίᾳ
1636 864 1896 927 ἐπίσταμαί

96 927 164 957 1‘5'
318 981 346 1004 ,,
373 949 473 1004 6σε,
497 946 574 994 καὶ
599 945 692 1011 πρὸ
730 952 812 997 τοῦ
850 970 907 997 σε
945 947 1152 1016 ἐξελθεῖν
1185 949 1235 999 ἐκ
1272 946 1451 1014 μήτρας
1482 946 1653 1014 ἡγίακά
1677 969 1749 1009 σε,
1775 969 1892 1012 προ-
2010 1010 2012 1014 ³

278 1049 344 1086 e„
373 1024 558 1093 ίφήτην
591 1031 653 1081 εἰς
693 1028 800 1092 ε”θνη
838 1028 1015 1080 τέθεικά
1052 1030 1142 1080 σε.’
1212 1034 1312 1084 πῶς
1347 1030 1428 1081 οῦν
1469 1030 1551 1080 οὐκ
1592 1028 1890 1098 ἀξιάγαστοι,
1913 1056 1960 1080 ιο

317 1145 343 1168 ,,
372 1109 534 1174 φησὶν,
571 1113 612 1160 οὶ
650 1112 724 1161 καὶ
762 1109 848 1175 τὴν
885 1113 1005 1163 οὕτω
1039 1111 1221 1176 σεπτὴν
1257 1114 1333 1163 καὶ
1366 1110 1621 1178 παγκάλην
1658 1111 1891 1162 διακονίαν
1997 1107 2011 1111 ‚

316 1227 343 1250 ,,
367 1191 739 1256 παραιτούμενοι,
761 1195 836 1244 καὶ
863 1193 947 1258 τὴν
965 1194 1202 1259 μέλλησιν
1228 1196 1310 1245 οὐκ
1334 1193 1720 1257 ἀπαναινόμενοι;
1762 1193 1786 1243 ὁ
1806 1192 1891 1256 μὲν

95 1278 200 1360 ξχῖἶ·
315 1309 342 1332 ,,
370 1269 461 1336 γὰρ
496 1272 694 1342 ἔφασκε,
723 1281 736 1303 ⁶
756 1276 935 1339 Δέομαι
963 1275 1104 1343 Κύριε
1129 1277 1425 1344 προχείρισαι
1459 1276 1614 1326 ἄλλον
1638 1274 1890 1339 δυνάμενον

96 1346 206 1412 ὦκ’
317 1393 344 1415 ,,
371 1361 382 1381 ‘
400 1351 453 1404 ὃν
479 1356 782 1411 ἀποστελεῖς·’
824 1359 848 1407 ὁ
887 1357 935 1409 δὲ
962 1358 1046 1422 τὴν
1082 1359 1275 1424 νεότητα
1299 1357 1659 1426 προϊσχόμενος,
1686 1359 1891 1408 ἐκδυσω-

95 1426 115 1456 i.
133 1424 164 1456 6.

433 1441 450 1449 .-
505 1438 514 1452 ‚
627 1443 645 1452 .-.
805 1439 816 1455 ι
921 1443 931 1457 ‚
1017 1440 1029 1457 x
1121 1443 1134 1458 x
1169 1442 1179 1456 c
1360 1439 1372 1457 1
1599 1442 1613 1458 x
1671 1438 1682 1455 ²
1836 1438 1848 1454 ἱ
1995 1418 2009 1448 1

317 1474 344 1497 ,,
370 1458 473 1486 πειν
493 1460 702 1504 επειρατο
723 1444 861 1491 Θεον.
905 1448 1035 1491 αλλα
1061 1464 1136 1492 και
1161 1464 1185 1492 ο
1211 1447 1470 1509 προφήτης,
1492 1445 1657 1511 φησιν,
1688 1438 1890 1505 Ιεζεκιηλ
1912 1464 1958 1503 15
1996 1501 1997 1511 ¹

318 1557 344 1580 „
372 1519 419 1568 ἐν
458 1521 702 1582 βολβίτοις
742 1522 918 1589 κόπρου
959 1523 1251 1589 ἀνθρωπίνης
1296 1523 1462 1590 ἄρτους
1507 1523 1654 1592 ἑαυτῷ
1694 1524 1890 1586 ποιῆσαι
1995 1514 1997 1522 1

318 1640 345 1662 ,,
371 1604 792 1669 προστεταγμένος,
829 1605 1176 1674 δεδυσφόρηκεν
1211 1606 1264 1656 οὐ
1300 1610 1488 1671 μικρῶς,
1522 1604 1701 1670 ἤκουσέ
1730 1627 1780 1655 τε
1815 1602 1892 1655 διὰ

98 1686 217 1770 ¹132&ss-
318 1723 345 1745 ,,
372 1689 523 1747 τοῦτο,
566 1695 578 1715 ⁶
596 1685 718 1737 Ἰδοὺ
760 1686 935 1737 δέδωκά
970 1710 1049 1738 σοι
1092 1687 1300 1750 βόλβιτα
1339 1692 1467 1748 βοῶν
1509 1689 1609 1738 ἀντὶ
1649 1687 1891 1749 βολβίτων

112 1786 160 1819 12
180 1784 230 1818 A.
281 1794 302 1817 a
319 1805 347 1828 ,,
372 1772 385 1794 ‘
401 1768 717 1833 ἀνθρωπίνων,
738 1771 812 1820 καὶ
839 1769 1059 1834 ὀπτήσεις
1083 1772 1178 1824 τοῖς
1198 1770 1364 1837 ἄρτους
1389 1793 1481 1820 σου
1505 1770 1573 1821 ἐπ’
1592 1768 1773 1820 αὑτῶν.’
1815 1771 1890 1819 καὶ
2002 1834 2003 1837 ¹

320 1887 347 1910 ,,
372 1846 467 1912 μὴν
498 1853 573 1899 καὶ
605 1849 741 1904 αὐτὸς
772 1853 796 1902 ὁ
829 1852 1081 1906 θεσπέσιος
1106 1853 1298 1919 Πέτρος,
1324 1851 1399 1903 ὅτε
1432 1854 1514 1916 τῆς
1548 1849 1714 1916 ὀθόνης
1740 1854 1891 1902 καθιε-
1912 1878 1961 1904 20
1994 1843 1997 1885 1

320 1969 346 1993 ,,
375 1930 513 1995 μένης
538 1932 594 2000 ἐξ
613 1933 822 1998 οὐρανοῦ,
850 1935 897 1984 ἐν
921 1932 950 2002 ᾗ
976 1934 1131 1986 πάντα
1157 1935 1418 2001 ἐγέγραπτο
1446 1932 1506 1984 τὰ
1529 1933 1793 2000 τετράποδα
1817 1934 1891 1984 καὶ
1994 1923 1997 1934 y

98 2026 187 2056 Acta
202 2036 232 2056 x·
320 2053 348 2076 ‚‚
374 2012 435 2064 τὰ
458 2014 615 2080 κτήνη,
636 2019 759 2067 Θεοῦ
780 2016 1003 2082 λέγοντος
1025 2017 1224 2082 ἤκουσεν
1245 2026 1256 2046 ⁶
1272 2016 1528 2079 Ἀναστὰς,
1557 2016 1720 2082 Πέτρε,
1742 2019 1892 2066 θῦσον

101 2079 150 2110 13³
172 2077 220 2108 14·
319 2137 347 2160 „
375 2099 482 2148 ίκαὶ
533 2097 683 2167 φάγε,’
721 2104 984 2167 παρῃτεῖτο,
1027 2101 1191 2168 φησὶν,
1243 2101 1363 2150 οὕτω
1412 2099 1567 2164 λέγων
1614 2100 1892 2162 (Μηδαμῶς

98 2188 219 2263 Ξῑῖῡὴ·
319 2219 347 2241 ,,
373 2186 384 2208 ⁶
404 2178 559 2246 Κύριε,
580 2180 649 2231 ὅτι
677 2181 892 2232 οὐδέποτε
920 2181 1100 2249 ε”φαγον
1124 2187 1218 2233 πᾶν
1244 2178 1444 2245 κοινὸνῆ
1471 2179 1748 2246 ἀκάθαρτον·
1789 2178 1892 2230 οὐδὲ
1992 2247 1995 2261 γ’

136 2258 141 2262 ’
180 2245 210 2267 4⁸
319 2301 347 2323 „
377 2268 389 2290 ⁶
405 2265 625 2325 εἰσῆλθεν
647 2266 708 2317 εὶς
735 2261 789 2314 τὸ
815 2262 972 2327 στόμα
995 2287 1084 2327 μου
1109 2269 1204 2315 πᾶν
1235 2263 1369 2330 κρέας
1392 2261 1628 2328 βεβηλονῖ
1673 2261 1822 2326 Ὠσηὲ
1843 2260 1891 2313 δὲ
1912 2287 1959 2326 25

274 2353 301 2393 b
320 2383 346 2405 ,,
373 2344 579 2399 ἀκούσας
613 2345 684 2396 ὅτι
717 2347 891 2415 γυναίῳ
929 2347 1254 2397 συνάπτεσθαι
1288 2349 1359 2397 δεῖ
1388 2349 1572 2413 αἰσχρῷ
1602 2348 1678 2395 καὶ
1715 2364 1892 2409 πεπορ-

321 2465 348 2487 ,,
375 2427 571 2496 νευμένερ
597 2431 672 2478 καὶ
691 2427 922 2494 ἐπάρατον
941 2429 1092 2496 ε”χοντι
1112 2427 1242 2495 ζωὴν,
1263 2430 1316 2479 οὐ
1338 2432 1625 2495 παραιτεῖται
1644 2425 1699 2477 τὸ
1717 2428 1890 2494 χρῆμα,

319 2547 346 2569 ,,
372 2508 452 2557 οὐκ
493 2508 626 2561 ὄκνον
653 2511 920 2579 εἰσδέχεται,
947 2512 1000 2562 οὐ
1031 2511 1264 2578 προσάγει
1295 2509 1380 2575 τὴν
1412 2510 1655 2576 ἱκετηρίαν,
1679 2509 1893 2558 ἀνεῖσθαι

321 2628 348 2650 ,,
373 2596 676 2655 παρακαλῶν·
720 2593 830 2644 ἀλλ’
849 2592 923 2644 οἷά
946 2616 1015 2647 τις
1041 2598 1133 2644 τῶν
1159 2591 1527 2659 ἀσελγεστάτων
1551 2589 1892 2659 προχειρότατα

321 2710 349 2733 ,,
376 2672 451 2720 καὶ
485 2672 714 2737 ἀμελλητὶ
747 2678 994 2744 μονονουχὶ
1033 2678 1107 2727 καὶ
1145 2675 1335 2742 ἁρπάζει
1370 2673 1424 2726 τὸ
1459 2677 1630 2742 χρῆμα,
1655 2671 1777 2739 τάχα
1799 2694 1891 2723 που
1910 2703 1960 2739 30
1990 2718 1992 2720 »

1361 2758 1385 2774 ”

322 2792 349 2814 ,,
376 2755 458 2815 Τῆς
487 2757 548 2807 εἷς
583 2753 637 2804 τὸ
674 2756 862 2820 γύναιον
887 2759 1052 2822 ἡδονῆς
1084 2758 1359 2822 ἡττώμενος.
1451 2755 1570 2808 Εἶτα
1605 2753 1890 2806 κατακλείων

373 2923 402 2945 1.
428 2911 616 2957 ἀποκτένει]
638 2913 694 2946 Sic
714 2914 754 2947 B.
773 2914 956 2950 ἀποκτείνει
976 2916 1067 2952 Edd.
1516 2926 1569 2949 2c.
1596 2913 1710 2959 αὐτὸς]
1730 2914 1812 2949 αὐτὰ
1829 2913 1889 2949 iid.

325 2958 378 2993 26.
403 2958 633 3004 πορνευομένῳ
650 2959 708 2995 iid.
1007 2966 1061 2998 28.
1087 2963 1256 3009 ἐνδέχεται
1273 2963 1330 2998 iid.
