2021 3434
115 167 156 209 ii.
181 169 247 220 28,
271 183 336 226 29.
542 175 615 215 IN
656 175 931 216 JOELEM.
991 175 1142 216 TOM.
1186 175 1246 215 II.
1594 173 1676 214 339

113 279 294 346 ἀνδρὸς,
320 281 430 334 ἀλλ’
457 285 505 335 ἐκ
539 288 662 337 Θεοῦ
695 285 1049 352 γεγεννήμεθα.”
1115 285 1200 335 ἔδει
1236 283 1292 348 δὴ
1330 284 1410 334 οὖν
1447 282 1535 334 ἔδει
1572 281 1678 335 τοὺς

110 364 159 413 ἐν
193 364 365 421 τέκνοις
391 371 515 419 Θεοῦ
548 369 968 435 κατατεταγμένους
999 371 1073 420 καὶ
1100 367 1185 432 τὴν
1221 374 1302 419 τοῦ
1327 369 1492 433 Ἀγίου
1524 366 1675 417 Πνεύ-

109 467 256 508 ματος
298 453 683 515 καταπλουτῆσαι
729 450 881 518 χάριν.
950 450 1170 517 ἐνήργηκε
1221 449 1269 501 δὲ
1319 451 1395 501 καὶ
1436 454 1572 500 τοῦτο
1616 451 1678 501 εἷς

108 527 228 590 ἡμᾶς
260 531 484 596 Χριστὸς,
518 534 593 583 καὶ
627 533 918 584 πιστώσεται
953 533 1107 598 λέγων
1145 533 1169 582 ὁ
1208 532 1459 585 θεσπέσιος
1499 529 1677 595 Πέτρος

67 618 90 657 5
111 615 137 638 “
163 613 237 678 Τῇ
275 612 404 682 δεξιᾷ
437 615 518 665 οὖν
550 620 632 665 τοῦ
668 618 791 666 Θεοῦ
826 616 1042 683 ὑψωθεὶς,
1075 614 1160 678 τήν
1190 637 1239 664 τε
1278 613 1561 680 ἐπαγγελίαν
1594 618 1676 663 τοῦ
1736 633 1823 661 Aeta
1842 631 1897 661 ss

111 699 138 721 ‘⁶
166 694 438 758 Πνεύματος
475 702 557 747 τοῦ
587 698 751 762 (Αγιόυ
791 697 956 757 λαβὼν
996 696 1126 762 παρὰ
1160 701 1242 746 τοῦ
1287 694 1488 762 Πατρός,
1526 694 1676 762 ἐξέχεε
1736 676 1873 758 {ngp‘u‘

111 781 138 804 “
163 781 299 827 τοῦτο
330 775 354 827 ὃ
388 779 511 841 ὑμεῖς
544 778 744 839 βλέπετε
783 781 856 829 καὶ
894 778 1117 829 ἀκούετε.”
1182 777 1359 844 δέχεται
1389 776 1473 840 μὲν
1497 776 1589 842 γὰρ
1616 776 1714 829 ὠςθ

109 857 351 923 ἄνθρωπος
384 859 514 925 παρὰ
549 866 631 910 τοῦ
668 860 857 926 Πατρός
898 859 952 910 τὸ
986 859 1087 910 ἐνὸν
1126 860 1249 928 αὐτῷ
1287 863 1514 927 φυσικῶς·
1557 860 1682 925 ἐκχεῖ

109 938 157 989 δὲ
192 941 436 994 πλουσίως
473 946 533 995 εἷς
572 942 703 1005 ἡμᾶς,
731 941 801 992 ὅτι
839 943 912 992 καὶ
948 941 1069 995 Θεὸς
1106 940 1225 992 κατὰ
1264 941 1412 1008 φύσιν
1449 941 1565 1001 ἐστὶ,
1603 941 1678 990 καὶ

42 1041 90 1066 10
109 1024 145 1070 εἰ
183 1021 345 1087 γέγονε
385 1022 529 1092 σάρξ.
596 1025 725 1086 ἐκχεῖ
764 1023 813 1074 δὲ
857 1025 928 1075 ἐπὶ
974 1025 1133 1074 πᾶσαν
1183 1021 1350 1093 σάρκα.
1417 1024 1491 1073 καὶ
1542 1027 1679 1072 τοῦτο

108 1105 270 1168 δῆλον,
315 1106 376 1158 ὠς
426 1107 507 1156 οὐκ
557 1108 630 1157 ἐπὶ
677 1104 846 1169 μόνους
895 1104 1002 1159 τοὺς
1046 1107 1095 1156 ἐκ
1144 1107 1407 1171 περιτομῆς,
1452 1104 1562 1154 ἀλλ’
1604 1103 1676 1172 ἐφ’

109 1186 316 1240 ἅπαντας
361 1188 524 1241 ἁπλῶς
565 1187 669 1243 τοὺς
711 1186 786 1238 διὰ
823 1188 1024 1242 πίστεως
1065 1187 1390 1251 καλουμένους,
1429 1184 1516 1237 κᾶν
1553 1189 1590 1237 εἰ
1629 1187 1678 1237 ἐκ

108 1268 292 1333 πλάνης
325 1267 412 1320 εἶεν
435 1271 731 1334 (Ελληνικῆς,
756 1269 841 1320 κᾶν
872 1270 957 1321 ε’ίτε
987 1272 1139 1336 μικροὶ
1171 1272 1245 1321 καὶ
1279 1268 1490 1335 μεγάλοι,
1517 1272 1677 1319 δοῦλοι
1738 1278 1806 1352 {310¹-
1827 1279 1870 1309 iii·

110 1353 184 1402 καὶ
223 1350 464 1417 ἐλεύθεροι,
490 1351 728 1419 βάρβαροί
757 1375 805 1402 τε
842 1354 916 1403 καὶ
943 1352 1132 1404 Σκύθαι.
1194 1351 1430 1417 πρόκειται
1467 1350 1561 1417 γὰρ
1595 1354 1678 1414 τῆς
1783 1345 1790 1352 ’

43 1452 89 1490 15
109 1434 157 1483 ἐν
192 1437 391 1502 Χριστῷ
423 1435 657 1499 σωτηρίας
692 1434 720 1497 ἡ
754 1434 887 1502 χάρις
922 1438 1016 1488 τοῖς
1054 1433 1142 1484 ἀνὰ
1178 1439 1340 1485 πᾶσαν
1370 1432 1454 1498 τὴν
1493 1434 1566 1484 ὑπ’
1594 1434 1672 1484 οὐ·
1695 1454 1716 1477 a
1742 1444 1826 1477 229
1843 1443 1895 1476 A·

107 1515 264 1581 ρανὸν,
291 1515 360 1566 ὅτι
384 1518 459 1567 καὶ
483 1515 619 1570 αὐτός
645 1519 746 1567 ε’στι
772 1523 799 1545 “
825 1518 1084 1583 Προςδοκία
1109 1517 1295 1569 ἐθνῶν.”
1737 1525 1875 1599 {45310

183 1601 240 1649 Εἰ
271 1597 317 1649 δὲ
349 1598 404 1662 δὴ
431 1599 610 1664 λέγοιεν
635 1598 1064 1665 ἀθυροστομοῦντές
1092 1622 1222 1661 τινες,
1249 1598 1425 1666 σάρκας
1455 1597 1678 1663 λέγεσθαι
1787 1592 1815 1598 ..
1878 1592 1884 1598 ’

108 1683 183 1731 καὶ
220 1679 279 1731 τὰ
316 1679 472 1745 κτήνη,
505 1687 896 1749 παραληροῦντες,
922 1681 1010 1745 ἤδη
1048 1705 1148 1735 πως
1186 1681 1461 1743 ἀκουόντων,
1488 1680 1557 1731 ὅτι
1596 1684 1678 1744 τῆς

107 1764 392 1832 προφητείας
430 1765 454 1814 ὁ
493 1763 672 1818 σκοπὸς
708 1762 826 1814 κατὰ
864 1764 1009 1828 μόνου
1052 1764 1335 1815 συντείνεται
1369 1769 1452 1814 τοῦ
1490 1765 1675 1829 ἀνθρω-

42 1866 90 1891 20
108 1846 243 1897 πίνου
276 1846 449 1912 γένους,
483 1848 557 1897 καὶ
596 1847 696 1914 οὐχὶ
724 1853 749 1876 “
769 1850 880 1897 Τῶν
917 1852 1044 1907 βοῶν
1082 1846 1211 1909 με’λει
1249 1849 1314 1915 τῷ
1353 1845 1500 1914 Θεῲ,”
1527 1845 1678 1898 καθὼς
1738 1849 1847 1933 ilxcgs·

107 1931 183 1979 καὶ
227 1929 251 1979 ὁ
294 1928 448 1996 σοφὸς
497 1929 586 1996 ἔφη
631 1932 840 1983 Παῦλος.
908 1928 1220 1998 προφητεύσειν
1272 1928 1327 1979 δέ
1371 1935 1521 1996 φησιν
1569 1925 1678 1982 υἱοῖις

109 2016 186 2062 καὶ
214 2009 471 2081 θυγατέρας,
496 2010 550 2062 τὸ
584 2014 666 2075 τῆς
703 2010 891 2079 χάριτος
924 2010 1197 2080 ἀμφιλαφές
1221 2012 1296 2061 καὶ
1321 2008 1374 2060 τὸ
1401 2011 1475 2061 ἐπὶ
1499 2009 1678 2062 πάντας

105 2091 212 2144 ἶσον
259 2091 334 2144 διὰ
377 2093 553 2144 τούτων
596 2095 859 2158 ὑποδηλῶν.
924 2093 991 2158 εἰἠ
1035 2093 1127 2159 γὰρ
1173 2093 1229 2143 ἂν
1270 2094 1351 2144 οὐκ
1400 2090 1677 2155 ἀπόβλητον

103 2174 232 2241 παρὰ
270 2178 378 2245 Θεῷ
413 2175 467 2226 τὸ
508 2179 630 2240 θῆλυ
671 2176 815 2241 γένος,
860 2180 897 2227 εἶ
940 2175 999 2227 τὰ
1036 2176 1160 2244 αὐτῷ
1204 2178 1428 2226 δοκοῦντα
1466 2172 1590 2242 δρῴη
1626 2183 1719 2224 reb

37 2270 84 2309 25
104 2256 368 2324 προθύμως,
396 2260 469 2308 καὶ
502 2257 594 2322 μὴν
628 2260 703 2308 καὶ
735 2256 891 2308 ἕλοιτο
927 2262 1128 2325 φρονεῖν,
1156 2258 1258 2307 οὔτε
1283 2256 1374 2319 μὴν
1399 2255 1676 2320 ἀγέραστον,

105 2339 134 2405 ἢ
170 2339 398 2408 ἀμέτοχον
441 2341 699 2406 ἁγιασμοῦ,
747 2343 784 2390 εἰ
826 2339 901 2391 διά
940 2363 989 2390 τε
1033 2342 1114 2403 τῆς
1154 2338 1357 2391 πίστεως
1400 2340 1474 2388 καὶ
1512 2340 1593 2400 τῆς
1629 2339 1677 2388 ε’ν

156 2525 186 2548 1.
211 2512 347 2559 ἀνδρὸς]
366 2513 490 2557 σαρκὸς
507 2511 599 2546 Edd.
647 2510 886 2556 γεγεννήμεθα]
912 2509 1134 2556 ἐγεννήθησαν
1151 2510 1209 2544 iid.
1259 2510 1325 2544 ἔδει
1350 2510 1389 2553 δὴ
1414 2509 1473 2544 οὖν
1496 2510 1580 2556 ἔδει]
1607 2511 1674 2545 ἔδει

106 2560 164 2595 οὖν
179 2560 239 2594 iid.
336 2571 367 2594 2.
385 2560 603 2605 τεταγμένους
617 2558 676 2592 iid.
720 2558 844 2591 Statim
857 2558 909 2590 καὶ
927 2563 1146 2601 assumptum
1160 2569 1201 2591 ex
1216 2557 1258 2591 B.
1353 2568 1386 2601 3.
1404 2557 1568 2602 ἐνήργησε
1581 2558 1671 2592 Edd.

106 2608 153 2643 εἷς
170 2607 253 2650 ἡμᾶς
268 2608 415 2652 Χριστὸς
432 2612 465 2640 et
480 2607 688 2640 πιστώσεται
705 2604 814 2649 λέγων
831 2605 896 2638 hoc
914 2603 1033 2637 ordine
1052 2604 1092 2637 B.
1206 2617 1238 2645 4.
1257 2605 1275 2636 ὁ
1293 2603 1476 2639 θεσπέσιος
1493 2611 1674 2650 assumpta

106 2666 147 2688 ex
167 2654 209 2688 B.
351 2662 384 2697 5.
403 2651 507 2697 Θεοῦ]
528 2652 661 2696 Πατρὸς
677 2651 767 2686 Edd.
909 2650 941 2684 6.
960 2651 1075 2694 ἐξέχεε
1092 2652 1190 2684 τοῦτο
1207 2649 1241 2695 ὃ]
1263 2650 1386 2695 ἐξέχεε·
1406 2653 1504 2684 τοῦτο
1524 2651 1607 2696 (Sic)
1630 2651 1672 2686 B.

107 2701 140 2735 8.
166 2701 265 2734 αὐτοῦ
284 2699 371 2733 Cod.
391 2699 482 2733 Plut.
502 2699 546 2732 vi.
570 2709 621 2732 12.
789 2696 798 2734 ἶ
823 2709 856 2742 9.
882 2698 934 2730 καὶ
952 2697 1046 2740 prius
1064 2704 1283 2741 assumptum
1300 2709 1341 2730 ex
1360 2697 1401 2731 B.
1421 2697 1510 2731 Cod.
1529 2698 1669 2742 suprad.

110 2758 164 2781 10.
190 2747 218 2780 εἷ
235 2752 455 2790 assumptum
471 2757 512 2779 ex
532 2745 573 2778 B.
623 2743 675 2789 δὲ]
693 2748 729 2784 -}-
744 2743 797 2778 καὶ
816 2743 907 2778 Edd.
926 2744 1041 2777 invitis
1061 2744 1101 2778 B.
1127 2743 1214 2778 Cod.
1233 2743 1373 2788 suprad.
1423 2745 1475 2778 καὶ
1498 2746 1597 2778 τοῦτο
1614 2745 1672 2788 δῆ-

107 2795 171 2827 λον
187 2792 246 2838 ὡς]
267 2792 355 2826 Cod.
374 2792 513 2836 suprad.
532 2790 623 2825 Edd.
641 2790 814 2825 τουτέστιν
834 2790 875 2824 Β.
1166 2801 1218 2824 12.
1247 2790 1341 2824 Haec
1359 2788 1418 2824 κᾶν
1434 2791 1462 2824 εἶ
1479 2791 1514 2824 ἐκ
1531 2793 1590 2825 πλ.
1609 2789 1673 2826 εἶεν

109 2841 284 2883 ἔλληνικῆς
301 2844 518 2873 accesserunt
535 2850 576 2872 ex
596 2838 636 2871 B.
828 2846 880 2882 17.
910 2836 1115 2881 ἀθυροστομ.
1132 2852 1218 2872 τινες
1233 2836 1299 2871 hoc
1317 2837 1437 2870 ordine
1456 2837 1496 2871 B.
1548 2838 1672 2872 Statim

110 2888 221 2931 σάρκα
238 2885 328 2919 Edd.
555 2885 607 2918 18.
633 2885 674 2919 τὰ
691 2896 759 2918 om.
780 2884 822 2918 Β.
1036 2895 1088 2934 19.
1114 2882 1336 2928 ἀνθρωπίνου]
1356 2884 1562 2929 ἀνθρωπείου
1581 2884 1672 2919 Edd.

113 2944 167 2967 21.
193 2931 417 2977 προφητεύειν
435 2932 477 2967 Β.
720 2942 774 2965 22.
801 2931 854 2964 καὶ
870 2931 907 2964 τὸ
925 2930 979 2964 ἐπὶ
995 2945 1030 2964 π.
1051 2933 1126 2965 ι’σον
1143 2937 1220 2975 post
1238 2930 1416 2973 ὑποδηλῶν
1432 2937 1560 2975 transp.
1580 2931 1672 2965 Edd.

114 2991 168 3024 23.
196 2981 248 3014 διὰ
267 2983 363 3014 τοῦτο
381 2979 440 3014 iid.
538 2990 591 3022 24.
617 2978 718 3022 παρὰ]
738 2982 770 3019 †
791 2980 835 3023 τῷ
854 2977 912 3010 iid.
1010 2977 1063 3012 26.
1090 2979 1146 3022 τῆς
1166 2978 1260 3022 prius
1279 2983 1497 3022 assumptum
1515 2990 1555 3012 ex
1571 2978 1613 3013 B.

848 3046 966 3073 XX2
