2021 3434
355 193 439 234 608
747 195 798 235 Β.
842 194 1122 235 CYRILLI
1171 194 1551 236 ALEXANDR.
1837 192 1863 233 i.
1888 202 1925 246 5.

312 329 333 370 5
354 316 411 358 Δι’
444 317 641 367 ἀσέβειαν
662 317 818 369 Ἰακὼβ
843 321 971 360 ταῦτα
1006 318 1157 369 πάντα,
1186 319 1249 360 καὶ
1284 319 1328 360 δι’
1363 318 1572 376 ἁμαρτίαν
1598 314 1717 359 οἴκου
1736 316 1928 373 Ἰσραήλ.

425 412 777 478 Ἐπιβήσεσθαι
812 415 967 480 λέγων
992 415 1074 465 τὸν
1099 419 1193 465 τῶν
1217 414 1343 466 ὅλων
1369 413 1493 466 Θεὸν
1518 416 1591 466 ἐπὶ
1616 412 1676 465 τὰ
1710 415 1811 481 ὕψη
1848 414 1931 476 τῆς

351 497 451 560 γῆς,
491 496 566 545 καὶ
606 496 996 560 σαλευθήσεσθαι
1037 496 1122 559 μὲν
1164 498 1237 548 ὑπ’
1267 498 1407 548 αὐτοῦ
1451 496 1510 547 τὰ
1554 495 1653 562 ὅρη,
1696 499 1838 560 κηροῦ
1882 492 1931 543 δὲ

353 579 484 642 δίκην
510 581 586 629 καὶ
621 580 786 634 ὕδατος
825 580 1168 645 ἐκτακήσεσθαι
1203 583 1278 632 καὶ
1312 583 1554 649 καταρῥεῖν
1580 579 1663 634 τὰς
1694 577 1929 639 κοιλάδας,

353 660 558 729 ἐπιφέρει
593 661 763 713 λοιπόν
790 666 863 713 Δι’
891 664 1105 723 ἀσέβειαν
1129 662 1306 723 Ἰακὼβ
1337 665 1482 715 ταῦτα
1508 662 1677 714 πάντα.
1719 661 1849 726 ἄθρει
1874 659 1929 725 δὴ
1950 674 1971 714 5

353 743 433 793 οὖν
473 742 599 796 ὅπως
639 744 928 810 κεκρυμμένα
973 750 1117 796 λαλεῖ
1152 744 1402 812 μυστήρια,
1448 747 1524 796 καὶ
1562 746 1614 795 οὐ
1658 743 1794 811 μέχρι
1837 746 1931 793 τῶν

313 851 334 877 e
353 828 594 889 αἰσθητῶν
619 824 702 876 τὸν
725 831 818 876 τῶν
843 826 1156 892 προκειμένων
1181 827 1347 891 ἵστησι
1374 833 1497 890 νοῦν,
1523 825 1616 878 οἶδε
1643 825 1690 877 δὲ
1714 826 1931 891 πλαγίως

351 911 446 956 τῶν
484 908 532 957 ἐν
568 909 808 977 Σαμαρείᾳ
842 911 916 960 καὶ
954 913 1049 960 τῶν
1087 911 1135 960 ἐν
1172 914 1267 963 τοῖς
1305 909 1655 976 Ἰεροσολύμοις
1693 907 1776 962 τὰς
1815 906 1932 958 ὅσον

352 987 532 1040 οὐδέπω
569 990 894 1056 παρεσομένας
932 990 1300 1059 ἀφηγησάμενος
1340 989 1607 1060 συμφοράς.
1673 994 1808 1042 ποῖον
1839 989 1933 1056 γὰρ

353 1068 411 1120 ἂν
449 1070 545 1138 ἔχοι
579 1070 633 1123 τὸ
676 1075 822 1136 δεῖμα,
855 1073 1179 1138 καταλυπήσει
1219 1072 1268 1124 δὲ
1307 1072 1432 1127 ὅπως
1470 1072 1577 1126 τοὺς
1615 1075 1663 1123 ἐν
1695 1073 1934 1142 Σαμαρείᾳ
1956 1091 2004 1117 10

352 1152 496 1220 τυχὸν
521 1153 667 1219 ἤγουν
693 1154 799 1209 τοὺς
831 1155 1025 1222 ἑτέρους,
1054 1155 1108 1206 τὸ
1143 1159 1499 1207 καταδονεῖσθαι
1525 1154 1584 1206 τὰ
1610 1155 1723 1221 ὅρη;
1765 1154 1927 1205 κοιλά-

131 1249 236 1289 Supra
353 1237 426 1287 δες
465 1233 514 1285 δὲ
553 1237 656 1286 τίνα
693 1235 868 1303 τρόπον
895 1239 1120 1288 ἐκτακεῖεν
1146 1236 1218 1296 ἂν,
1256 1237 1284 1303 ὴ
1317 1240 1392 1288 καὶ
1427 1240 1489 1292 ὡς
1524 1239 1647 1304 ὕδωρ
1675 1236 1932 1306 φερόμενον

129 1304 195 1324 ver.
211 1303 241 1333 4.

353 1315 542 1368 ἔσονται
581 1320 629 1368 ἐν
667 1318 958 1380 καταβάσεις
1011 1321 1119 1370 ἀλλ’
1149 1318 1283 1379 οἶδεν,
1321 1322 1383 1374 ὡς
1421 1320 1557 1388 ἔφην,
1596 1319 1932 1384 κατασημήνας

353 1398 497 1467 ἀξίως
533 1399 592 1450 τὰ
630 1400 973 1465 συμβησόμενα
1011 1406 1107 1455 τοῖς
1145 1402 1201 1470 ἐξ
1236 1401 1449 1468 Ἰσραήλ.
1513 1402 1728 1467 ταύτητοι
1764 1401 1932 1453 λοιπὸν

355 1482 616 1546 ἀναγκαίως
655 1482 946 1548 προσεπάγει
974 1482 1058 1536 τὰς
1085 1484 1225 1546 δίκας,
1253 1485 1338 1551 οὐχ
1365 1486 1426 1538 ὡς
1450 1483 1735 1550 ἠγνοηκόσιν
1761 1486 1929 1544 αὐτοῖς,
1954 1501 2000 1541 15

133 1579 220 1614 396
237 1579 285 1613 A.
314 1588 336 1612 a
354 1563 565 1630 καθάπερ
590 1565 780 1633 ἐγῷμαι,
811 1564 1153 1631 διαλεγόμενος,
1180 1567 1289 1616 ἀλλ’
1317 1565 1414 1616 οἷον
1440 1566 1663 1634 ἐλέγχων,
1693 1568 1768 1617 καὶ
1794 1589 1932 1630 μετα-

354 1648 493 1699 τιθεὶς
528 1647 576 1697 εὖ
602 1646 735 1710 μάλα
766 1645 883 1712 πρὸς
908 1646 962 1697 τὸ
987 1647 1178 1698 ἑλέσθαι
1214 1652 1402 1714 φρονεῖν
1427 1646 1487 1698 τὰ
1520 1647 1733 1715 χρήσιμά
1752 1641 1820 1699 >τε
1858 1650 1933 1698 καὶ
2013 1667 2018 1744 Ι

354 1727 737 1795 πρεπωδέστερα.
809 1728 900 1796 ἔφη
933 1729 1089 1779 τοίνυν
1124 1728 1194 1779 ὅτι
1229 1732 1298 1780 Δι’
1331 1728 1542 1788 ἀσέβειαν
1575 1728 1750 1791 Ἰακῶβ
1785 1731 1934 1781 ταῦτα
2012 1750 2021 1827 ξ

354 1809 507 1861 πάντα
548 1814 623 1862 καὶ
664 1807 714 1861 0⁰!
758 1814 981 1880 ἁμαρτίαν
1024 1812 1137 1862 οἴκου
1175 1809 1371 1881 Ἰσ-ραῆλ,
1414 1811 1489 1862 ἵνα
1532 1810 1729 1875 σύμπαν
1774 1815 1933 1877 νοῆται
2012 1788 2021 1896 ,²

354 1891 757 1957 πεπλημμεληκὸς
781 1890 835 1943 τὸ
863 1892 920 1961 ἐξ
940 1891 1142 1958 Ἰσραὴλ
1175 1891 1306 1958 γένος
1333 1892 1394 1946 ε’ίς
1419 1917 1468 1944 τε
1496 1892 1620 1944 Θεὸν
1645 1897 1719 1945 καὶ
1745 1894 1927 1962 ἀνθρώ·
1953 1884 2021 1938 20*A

353 1998 487 2029 πους.
561 1974 773 2034 ἀσέβειαν
798 1974 882 2038 μὲν
907 1973 1000 2040 γὰρ
1027 1974 1264 2042 ὀνομάζειν
1291 1975 1403 2026 ε”οικε
1429 1975 1488 2026 τὰ
1515 1981 1575 2029 εἷς
1603 1976 1728 2028 Θεὸν
1752 1978 1927 2029 πταίσ-

353 2080 492 2122 ματα,
520 2056 578 2108 τά
604 2057 660 2108 δέ
677 2080 731 2124 γε
757 2060 818 2110 εἷς
845 2055 1078 2125 ἀδελφοὺς
1103 2061 1177 2108 καὶ
1207 2058 1441 2124 ὁμογενεῖς
1466 2061 1702 2129 ἁμαρτίαν.

311 2241 431 2285 bTic
475 2243 497 2283 ἡ
539 2242 711 2292 ἀσέβεια
745 2246 818 2283 τοῦ
847 2241 1033 2294 Ἰακώβ,
1088 2242 1135 2283 οὐ
1177 2242 1426 2300 Σαμάρεια,
1475 2244 1542 2284 καὶ
1579 2243 1641 2285 τίς
1683 2243 1705 2284 ἡ
1747 2242 1934 2300 ἁμαρτία
2008 2261 2021 2283 ιι

423 2322 543 2366 οἷ’κου
563 2325 572 2337 ’
587 2325 734 2378 Ιούὸα,·
772 2324 856 2381 οὐχὶ
877 2325 886 2336 ‘
902 2325 1188 2382 lepousotm'm3
2006 2343 2021 2400 ἢ

427 2422 604 2483 Ἰακώβ
630 2420 870 2486 ὀνομάσας
899 2422 1007 2477 τοὺς
1037 2422 1093 2492 ἐξ
1113 2422 1287 2483 Ἰακὼβ
1312 2422 1586 2488 γεγονότας,
1615 2422 1698 2475 τὸν
1722 2422 1934 2492 Ἐφραιμ.
1954 2446 2021 2494 ²5²1

2005 2503 2010 2521 ι

404 2552 436 2588 7.
462 2544 693 2589 κεκρυμμένων
711 2556 773 2590 pro
789 2560 1016 2589 προκειμενων
1032 2545 1076 2580 Α.
1259 2557 1291 2590 9.
1259 2545 1566 2590 9ἆφηγὴσασθαι
1582 2546 1626 2580 Α.
1796 2557 1809 2580 1
1820 2557 1849 2580 Ι.
1874 2549 1934 2581 τοῦ
2004 2499 2021 2586 {l

354 2602 418 2635 pro
435 2592 474 2625 τὸ
492 2592 534 2625 A.
587 2591 711 2625 Statim
738 2593 992 2636 κατηδονεῖσθαι
1019 2592 1098 2638 (Sic)
1115 2594 1161 2627 A.
1210 2593 1363 2628 κοιλάδες
1387 2594 1423 2627 δέ
1446 2594 1519 2627 τίνα
1536 2595 1661 2637 τρόπον
1687 2593 1852 2627 ἐκτακεῖεν
1875 2592 1932 2639 ἂν]
2003 2593 2021 2639 l]

355 2640 458 2682 κηροῦ
475 2638 511 2672 δὲ
529 2637 654 2682 δίκην’
638 2640 810 2681 εκτακῆναι
828 2640 986 2675 κοιλάδας
1005 2639 1045 2673 Β.
1453 2651 1505 2673 12.
1531 2640 1754 2685 φερόμενον”
1736 2654 1872 2674 εσονται
1889 2641 1934 2674 A.
2003 2656 2008 2681 ς

354 2684 498 2719 ἔσεσθαι
526 2687 714 2730 φερόμενον
742 2686 783 2720 B.
810 2687 946 2721 ἔσονται
973 2687 1244 2744 καταφερόμενον
1262 2686 1354 2721 Edd.
1384 2687 1510 2721 Statim
1534 2702 1569 2721 εν
1591 2693 1813 2731 assumptum
1831 2698 1873 2720 ex
1889 2687 1934 2722 A.
2005 2683 2007 2688 ἲ

359 2742 413 2775 13.
440 2734 670 2776 κατασημῆναι
687 2733 730 2766 A.
902 2745 954 2776 14.
981 2735 1051 2768 τοῖς
1067 2734 1105 2777 ἐξ
1121 2733 1263 2777 Ἰσραήλ
1281 2745 1351 2768 om.
1370 2735 1412 2767 A.
1582 2743 1635 2778 15.
1660 2734 1871 2791 προσεπάγει
1888 2734 1932 2768 Α.
2002 2689 2007 2779 ξ

356 2777 472 2823 ἐπάγει
490 2778 582 2813 Edd.
707 2825 724 2850 ὰ
759 2780 812 2814 18.
837 2779 1119 2826 πρεπωδεστερα]
1139 2780 1348 2825 εὐωδέστερα
1366 2781 1410 2815 A.
1459 2780 1501 2814 δι’
1518 2779 1679 2822 ἀσεβειαν
1694 2779 1814 2821 Ἰακὼβ
1831 2786 1864 2814 et
1881 2780 1935 2814 καὶ
2001 2783 2007 2831 ᾗ

1998 3062 2002 3090 ἆ

356 2868 426 2892 orn.
444 2858 488 2892 A.
540 2858 665 2894 Statim
684 2859 881 2905 διὰμαρτίαν
898 2861 942 2895 A.
1082 2871 1137 2895 20.
1162 2860 1259 2906 γένος
1275 2866 1496 2905 assumptum
1513 2872 1555 2894 ex
1574 2861 1614 2894 A.
1621 2860 1660 2894 B.
1786 2870 1841 2894 21.
1867 2860 1932 2905 γὰρ

357 2915 414 2937 om
433 2905 476 2938 A.
658 2917 714 2941 22.
738 2922 778 2952 γε
796 2919 866 2942 om.
884 2908 928 2943 A.
1095 2918 1149 2952 23.
1176 2910 1234 2941 τοῦ
1252 2913 1473 2965 assumptum
1491 2919 1532 2941 ex
1550 2908 1594 2941 A.
1614 2905 1724 2950 (V.at)
1744 2905 1852 2952 [οἴκου
1869 2918 1932 2951 pro

357 2952 417 2983 τοῦ
435 2951 533 2985 Alex.
538 2950 553 2996 ]
605 2956 693 2987 Θεοῦ
710 2966 773 2998 pro
791 2955 829 2988 οὐ
847 2955 932 2999 (sic)
950 2954 993 2989 A.
1012 2953 1089 3000 οὐχι
1108 2954 1144 2989 F.
1161 2954 1293 2999 (Alex.)
1390 2965 1446 2997 24.
1463 2953 1591 2999 Ἰουδα]
1609 2952 1749 2998 Ἰσραήλ
1761 2953 1805 2987 A.
1819 2953 1930 2999 (228.)

360 2995 485 3032 Statim
502 3000 564 3043 οὐχ
582 2999 624 3033 A.
645 3000 714 3045 (97,
735 3001 833 3046 310.)
