2021 3434
126 181 151 220 i.
182 195 214 222 1.
616 187 689 226 IN
741 187 935 228 AMOS.
995 186 1144 226 TOM.
1186 186 1219 225 Ι.
1616 184 1699 222 369

125 299 151 321 “
175 294 409 355 ἀσεβείαις
445 298 553 346 υἱῶν
592 297 758 359 Ἰούδα,
802 298 876 347 καὶ
913 299 987 348 ἐπὶ
1022 301 1123 351 ταῖς
1160 296 1424 361 τέσσαρσιν
1463 294 1545 344 οὐκ
1583 295 1699 343 ἀπο-

124 380 151 402 “
176 375 518 445 στραφήσομαι
558 378 735 441 αὐτοὺς,
775 376 925 429 ἕνεκεν
964 384 1046 429 τοῦ
1084 378 1373 430 ἀπώσασθαι
1412 373 1576 429 αὐτοὺς
1615 374 1698 425 τὸν

124 463 151 485 “
178 457 320 520 νόμον
366 463 552 525 Κυριοῦ,
594 465 670 510 καὶ
710 460 769 511 τά
807 461 1158 527 προστάγματα
1203 461 1345 511 αὐτοῦ
1396 459 1478 509 οὐκ
1521 457 1697 525 ἐφυλά-

124 546 150 568 “
177 539 336 607 ξαντο.
402 543 478 592 καὶ
509 542 776 606 ἐπλάνησεν
808 544 972 596 αὐτοὺς
1005 541 1064 593 τά
1095 541 1269 606 μάταια
1295 543 1447 592 αὐτῶν
1478 538 1508 590 ἃ
1539 541 1695 604 ε’ποίη-

79 632 101 669 5
124 627 150 649 “
174 644 282 681 σαν,
315 621 382 676 οἷς
423 623 806 691 ἐξηκολούθησαν
845 628 886 674 οἱ
924 624 1117 690 πατέρες
1151 625 1302 674 αὐτῶν
1337 625 1490 674 ὀπίσω
1526 623 1695 672 αὐτῶν·

123 708 150 730 “
177 705 251 753 καὶ
289 705 541 754 ἀποστελῶ
579 711 674 771 πῦρ
712 707 785 756 ἐπὶ
811 706 1005 767 Ἰούδαν,
1039 708 1113 756 καὶ
1151 704 1471 772 καταφάγεται
1507 702 1700 764 θεμέλια

121 789 149 811 “
171 783 531 850 Ἱερουσαλήμ.”
590 785 687 837 εἶτα
725 786 904 840 τούτοις
938 787 1109 855 ἐφεξῆς
1147 795 1173 816 “
1190 787 1316 837 Τάδε
1358 786 1484 850 λε’γει
1528 785 1700 851 Κύριος

121 872 147 894 “
172 866 282 915 Ἐπὶ
327 872 427 920 ταῖς
466 869 620 933 τρισὶν
664 870 899 928 ἀσεβείαις
940 867 1157 934 Ἰσραὴλ,
1209 870 1283 918 καὶ
1321 868 1394 918 ἐπὶ
1439 872 1537 920 ταῖς
1581 867 1694 917 τέσ-

120 953 147 975 “
171 970 349 1013 σαρσιν
387 949 469 999 οὐκ
508 949 945 1017 ἀποστραφήσομαι
977 948 1162 1001 αὐτόν.”
1222 948 1614 1015 προσεπενεγκὼν
1649 947 1698 999 δὲ

57 1050 100 1074 ¹0
121 1032 201 1092 τῆς
251 1031 479 1097 ἁμαρτίας,
518 1031 626 1087 τοὺς
665 1031 879 1098 τρόπους,
921 1033 1208 1097 ἐπηπείλησε
1246 1031 1306 1082 τὰ
1343 1030 1481 1089 δεινὰ,
1523 1032 1598 1081 καὶ
1637 1033 1698 1085 ὡς

118 1113 352 1178 πλείστην
386 1112 507 1178 ὅσην
547 1116 644 1166 κατ’
684 1117 861 1184 ἀμφοῖν
900 1116 924 1165 ὁ
967 1114 1112 1180 λόγος
1150 1116 1275 1184 αὐτῷ
1317 1113 1402 1177 τὴν
1444 1113 1698 1181 ἐπίπληξιν

119 1193 225 1261 ἔχει.
304 1200 404 1249 πῶς
455 1197 535 1247 οὖν
585 1196 688 1265 ὑπὲρ
740 1197 813 1257 τῆς
858 1195 1147 1264 Ἰερουσαλὴμ
1198 1200 1480 1262 γεγενῆσθαι
1530 1195 1698 1246 λοιπὸν

120 1276 281 1328 νοοῖντ’
322 1277 378 1328 ἂν
422 1282 464 1330 οἱ
503 1281 648 1345 λόγοι,
689 1281 836 1330 καίτοι
875 1283 999 1330 Θεοῦ
1039 1278 1260 1345 λέγοντος
1299 1287 1325 1307 “
1349 1279 1696 1347 Ἐξαποστελῶ

119 1365 147 1387 “
171 1364 265 1426 πῦρ
300 1361 373 1411 ἐπὶ
410 1361 604 1424 Ἰούδαν,
644 1364 719 1412 καὶ
752 1362 1074 1431 καταφάγεται
1107 1360 1300 1425 θεμέλια
1335 1359 1694 1427 Ἱερουσαλήμ.”

55 1459 99 1498 15
119 1442 186 1494 τίς
213 1442 294 1493 οὖν
325 1442 458 1494 ἔσται
492 1447 573 1508 τῆς
608 1446 866 1510 ἀπολογίας
892 1446 917 1495 ὁ
943 1444 1128 1510 τρόπος,
1158 1444 1282 1513 φέρε,
1310 1442 1692 1511 διασκεψώμεθα.

120 1524 274 1590 φαμὲν
311 1526 391 1576 οὖν
435 1526 504 1577 ὅτι
544 1527 645 1581 ε”θος
685 1533 781 1581 τοῖς
824 1528 972 1593 ἁγίοις
1012 1526 1289 1596 προφήταις,
1332 1524 1444 1578 ποτὲ
1481 1525 1565 1588 μὲν
1600 1529 1690 1576 διε-

118 1607 395 1671 σταλμένως
419 1608 502 1663 τὰς
529 1609 611 1660 δύο
638 1609 794 1678 φυλάς
817 1609 900 1664 τάς
931 1612 978 1661 ἐν
1011 1615 1106 1664 τοῖς
1128 1608 1489 1675 Ἱεροσολύμοις,
1516 1607 1696 1658 Ἰούδαν

117 1712 166 1740 τε
204 1691 278 1740 καὶ
317 1693 535 1751 Βενιαμὶν
564 1691 763 1758 Ἰσραὴλ
795 1694 1063 1753 ἀποκαλεῖν,
1100 1690 1212 1743 ποτὲ
1250 1690 1298 1742 δὲ
1338 1690 1394 1755 δὴ
1433 1691 1491 1740 αὖ
1528 1688 1611 1744 τὰς·
1649 1693 1697 1741 ἐν

118 1776 174 1840 τῇ
207 1774 446 1842 Σαμαρείᾳ
485 1774 593 1825 δέκα
637 1773 795 1842 φυλὰς
825 1775 982 1841 ἑτέρας
1021 1775 1224 1841 Ἰσραὴλ
1262 1773 1512 1839 ὀνομάζειν,
1548 1772 1696 1838 ἤγουν

53 1879 101 1904 20
117 1854 340 1922 Ἐφραὶμ,
372 1857 683 1925 ἀδιαφοροῦσι
718 1856 766 1907 δὲ
803 1855 1095 1910 πλειστάκις.
1163 1858 1237 1907 καὶ
1275 1858 1459 1922 ἐπείπερ
1497 1857 1616 1905 εἰσὶν
1654 1858 1696 1905 οἱ

118 1936 288 1990 πάντες
321 1938 377 2006 ἐξ
403 1938 595 2002 αἵματος
629 1938 844 2006 Ἰσραήλ,
886 1939 1006 1989 οὕτω
1039 1940 1113 1989 καὶ
1156 1937 1437 2005 ὀνομάζουσι
1470 1936 1554 1991 τὰς
1592 1940 1696 1988 δυο-

119 2019 304 2070 καίδεκα
343 2021 513 2089 φυλάς.
577 2025 614 2072 εἰ
645 2021 693 2072 δὲ
731 2020 786 2085 δὴ
820 2022 1071 2080 βούλοιντο
1098 2023 1172 2071 καὶ
1200 2019 1393 2072 ἅπασαν
1420 2020 1529 2083 ἡμῖν
1556 2042 1694 2070 κατα-

119 2104 326 2165 σημῆναι
363 2102 506 2171 τυχὸν
545 2103 629 2167 τὴν
666 2108 759 2154 τῶν
795 2103 1035 2154 Ἰουδαίων
1070 2101 1375 2169 Συναγωγὴν,
1414 2102 1562 2152 οὐκέτι
1599 2105 1693 2152 διε-

120 2184 396 2247 σταλμὲνως
441 2189 507 2254 τῷ
549 2188 631 2249 τῆς
671 2184 985 2252 Ἰερουσαλὴμ
1032 2184 1223 2246 ὀνόματι
1268 2185 1574 2252 κεχρημένους
1616 2185 1691 2235 εὑ·
1713 2196 1740 2236 d

55 2291 72 2315 2
81 2289 101 2326 5
120 2265 342 2331 ρήσομεν.

195 2348 430 2415 Γεγόνασι
465 2349 521 2412 δὴ
552 2350 632 2400 οὖν
657 2353 739 2414 τῆς
769 2355 852 2400 τοῦ
879 2350 1036 2414 Ἀμὼς
1068 2350 1353 2418 προφητείας
1377 2352 1419 2399 οἱ
1445 2349 1564 2414 λόγοι
1592 2347 1696 2416 ὑπὲρ

119 2430 277 2496 πάσης
311 2435 392 2496 τῆς
426 2433 662 2483 Ἰουδαίων
698 2432 924 2496 πληθύος,
962 2435 1045 2495 τῆς
1087 2455 1135 2482 τε
1173 2433 1220 2482 ἐν
1258 2436 1352 2484 τοῖς
1384 2429 1696 2500 Ἱεροσολύμοις

122 2514 195 2563 καὶ
238 2517 320 2578 τῆς
364 2517 411 2565 ἐν
456 2515 707 2583 Σαμαρείᾳ·
748 2519 848 2568 πῶς
890 2513 928 2564 δ’
970 2512 1028 2565 ἂν
1071 2511 1158 2564 εἶεν
1202 2512 1304 2583 ὑπὲρ
1347 2514 1511 2576 αὐτῶν,
1556 2517 1696 2564 εἰπεῖν

173 2679 201 2702 1.
226 2670 285 2702 τοῦ
303 2680 365 2713 pro
381 2669 460 2703 υἱῶν
478 2668 519 2702 Β.
767 2678 844 2712 2-7.
871 2665 1165 2710 ἕνεκεν-θεμέλια
1181 2665 1421 2712 Ἰερουσαλήμ]
1440 2667 1492 2700 καὶ
1509 2666 1586 2710 ἑξῆς
1603 2666 1695 2700 Edd.

123 2725 155 2758 3.
181 2714 297 2760 νόμον]
315 2721 352 2757 -ὶ-
368 2718 428 2749 τοῦ
446 2716 488 2749 A.
507 2715 608 2759 (Vat.
614 2714 629 2759 )
647 2714 762 2747 invitis
782 2714 823 2747 B.
830 2714 875 2747 D.
1158 2714 1190 2746 8.
1218 2727 1273 2747 επι
1289 2727 1361 2748 ταις
1377 2728 1406 2747 τ.
1426 2728 1484 2747 ουκ
1501 2713 1558 2748 ἀπ.
1577 2713 1693 2759 αὐτόν]

123 2761 198 2804 ἑξῆς
216 2761 307 2796 Edd.
403 2774 482 2807 9.c1
463 2760 578 2806 αυτόν]
598 2760 718 2795 αὐτούς
737 2760 778 2793 Β.
785 2760 821 2794 F.
841 2760 917 2804 (42.
935 2759 999 2804 al.)
1121 2771 1174 2793 11.
1200 2760 1307 2794 αὐτῶν
1324 2760 1367 2793 A.
1491 2772 1544 2803 14.
1570 2762 1694 2806 καταφ.

123 2807 154 2841 θ.
171 2807 409 2854 Ἰερουσαλήμ]
429 2810 469 2842 τὰ
486 2809 563 2853 ἑξῆς
581 2807 672 2841 Edd.
842 2806 894 2840 16.
921 2805 979 2840 οὖν
995 2818 1064 2840 om.
1086 2806 1128 2840 B.
1299 2807 1351 2840 18.
1377 2806 1518 2851 Ἰσραὴλ
1538 2807 1583 2841 Ι).
1603 2807 1695 2841 Edd.

123 2853 218 2888 deest
236 2854 300 2889 hoc
318 2868 351 2890 v.
370 2856 406 2889 in
426 2855 467 2889 A.
473 2855 514 2889 Β.
581 2854 619 2897 δὴ
645 2859 865 2898 assumptum
892 2865 933 2886 ex
957 2854 1000 2886 A.
1067 2852 1192 2887 Statim
1216 2853 1317 2888 αὐτὰς
1340 2854 1399 2888 τὰς
1423 2866 1486 2898 pro
1511 2853 1552 2888 αὖ
1576 2855 1634 2889 τὰς
1650 2855 1693 2888 A.

128 2911 180 2944 19.
205 2901 324 2947 ἑτέρως
342 2901 433 2936 Edd.
577 2912 631 2934 21.
657 2901 709 2933 καὶ
727 2904 946 2944 assumptum
966 2912 1007 2933 ex
1025 2901 1067 2934 A.
1074 2900 1114 2933 B.
1121 2900 1167 2934 D.
1311 2911 1365 2942 24.
1384 2902 1441 2945 τῆς
1456 2900 1692 2946 Ἱερουσαλὴμ]

122 2950 182 2981 τοῦ
197 2916 337 2991 Ἰσραὴλ
357 2949 402 2982 D.
425 2947 652 2982 Edd.1nvitis
670 2947 712 2980 A.
718 2947 760 2981 B.
810 2947 1028 2990 κεκλημένους
1046 2959 1108 2991 pro
1126 2961 1348 2992 κεχρημενους
1365 2948 1407 2981 A.
1534 2958 1588 2993 27.
1613 2947 1696 2982 Ἰου-

123 2993 216 3029 δαίας
234 2994 324 3029 Edd.
373 2997 443 3030 τοῖς
459 3001 681 3038 assumptum
699 3005 739 3027 ex
760 2993 800 3028 B.
807 2994 853 3028 D.

180 3064 270 3091 vm..
296 3065 323 3091 1.
888 3063 911 3104 3
934 3063 957 3089 B

1761 790 1853 820 Infra

1760 835 1792 864 ii.
1810 833 1839 864 6.
