2021 3434
123 494 134 515 1
157 486 229 516 Cor.

119 540 149 559 x.
167 538 215 560 11.

122 1076 171 1108 Ib.
185 1076 251 1108 viii.

125 1130 173 1152 12.

121 1328 220 1378 .P¹’⁰V‘

120 1383 141 1403 1.
159 1381 210 1411 31.

120 1424 172 1455 Ib.
191 1433 241 1464 32.

342 211 424 251 718
728 212 778 252 B.
823 212 1104 253 CYRILLI
1154 212 1536 253 ALEXANDR.
1734 209 1917 263 vii.5‚6.

340 318 423 370 τὸν
457 318 630 370 κανόνα
664 323 746 384 τῆς
784 321 931 387 ὀργῆς
961 320 1230 389 διατρέχων,
1257 320 1338 371 τὸν
1373 322 1421 372 ἐν
1460 323 1604 389 καιρῷ
1638 325 1719 370 τοῦ
1749 323 1920 379 βουνοῦ

341 401 443 465 ἤτοι
468 404 550 465 τῆς
575 407 793 465 σκοπιᾶς,
824 403 1106 470 τετιμώρηκε
1131 402 1237 458 τοὺς
1264 402 1604 469 ἡμαρτηκότας.

414 481 559 534 Ἀλλ’
586 484 733 534 ἐκεῖνα
758 484 844 548 μὲν
868 489 964 539 τοῖς
995 485 1204 552 ἀρχαίοις
1231 492 1258 514 “
1279 485 1459 547 συνέβη
1487 488 1706 544 τυπικῶς,
1735 482 1919 549 ἐγράφη

342 571 370 594 “
396 563 446 615 δὲ
477 569 538 619 εἰς
573 568 821 617 νουθεσίαν
853 568 1024 631 ἡμῶν,”
1054 568 1128 618 ἵνα
1163 571 1259 621 τοῖς
1294 567 1415 621 ἰ’σοις
1445 569 1674 617 ε’ναλῶναι
1704 573 1920 628 πλημμε-

342 648 528 712 λήμασι
553 649 621 698 ἀεὶ
646 648 964 712 διεκνεύοντες,
985 653 1270 711 διατελῶμεν
1287 651 1335 700 ἐν
1355 649 1628 711 εὐπαθείαις,
1656 649 1818 710 εὐμενῆ
1846 649 1921 698 καὶ
1940 665 1960 702 5

343 731 489 798 φίλον
527 732 603 781 καὶ
640 731 968 797 προεστηκότα
1005 730 1088 782 τὸν
1126 736 1220 782 τῶν
1251 731 1378 782 ὅλων
1413 732 1594 798 ἔχοντες
1622 730 1759 781 Θεόν.
1831 730 1915 795 ἁρ-

294 818 321 859 b
340 811 500 874 μόσειε
540 813 577 863 δ’
608 811 666 863 ἂν
692 814 767 864 καὶ
804 814 937 876 μάλα
976 812 1162 866 εἰκότως
1200 818 1296 867 τοῖς
1320 813 1380 864 τὰ
1411 812 1529 880 ὀρθὰ
1560 811 1917 880 διαστρέφουσι,

341 897 417 944 καὶ
455 893 542 958 τὴν
579 899 674 945 τῶν
715 896 1058 961 ἁπλουστέρων
1108 897 1410 963 παραλύουσι
1453 897 1634 957 πίστιν,
1684 896 1758 945 καὶ
1802 894 1921 958 ἡμᾶς

341 975 508 1031 αὐτοὺς
557 979 619 1031 ὡς
668 981 810 1029 εἰπεῖν
851 981 970 1029 Οὐαὶ
1019 981 1108 1029 οἶκοι)
1159 985 1206 1030 αἱ
1249 976 1490 1039 {adludo-215
1540 1003 1615 1029 σου
1665 979 1817 1038 ἥκωσι,
1864 977 1922 1027 νῦν

343 1059 509 1111 ἔσονται
541 1059 761 1126 κλαυθμοὶ
791 1060 943 1113 αὐτῶν.
1006 1059 1424 1126 α’.Διμαρτοῖνονί-ες
1450 1059 1544 1126 γὰρ
1569 1063 1632 1114 εἷς
1656 1057 1762 1113 τοὺς
1786 1061 1923 1109 ἀδελ-

343 1149 370 1172 “
395 1141 514 1210 φοὺς
552 1144 626 1193 καὶ
669 1142 922 1197 τύπτοντες
965 1143 1118 1194 αὐτῶν
1168 1142 1254 1207 τὴν
1299 1143 1571 1207 συνείδησιν
1610 1144 1921 1204 ἀσθενοῦσαν,

344 1231 371 1254 “
395 1228 456 1278 εἷς
483 1224 699 1291 Χριστὸν
734 1225 1107 1291 ἁμαρτάνουσι.”
1164 1227 1240 1276 καὶ
1279 1225 1349 1277 ὅτι
1380 1225 1534 1290 πάντη
1562 1248 1610 1275 τε
1636 1227 1711 1275 καὶ
1737 1223 1923 1278 πάντως

343 1307 731 1373 ἀπολογήσονται
780 1311 847 1377 τῷ
892 1311 1057 1376 Κριτῇ,
1109 1312 1183 1359 καὶ
1235 1315 1263 1338 “
1282 1311 1363 1372 τῆς
1414 1309 1589 1359 ἑαυτῶν
1640 1307 1921 1368 δυσσεβείας

342 1396 370 1419 “
394 1389 574 1440 ε”δονται
613 1388 719 1444 τοὺς
758 1389 1008 1456 καρποὺς,”
1048 1395 1150 1445 πῶς
1188 1390 1319 1441 ἔστιν
1356 1392 1677 1459 ἀμφιβαλεῖν;
1734 1391 1920 1441 “’Ave‘

341 1478 369 1501 “
395 1469 460 1522 ὧν
497 1470 591 1538 γὰρ
635 1473 823 1536 ἠδίκουν
864 1473 1070 1535 νηπίους,
1118 1472 1505 1540 φονευθήσονται,
1543 1474 1618 1523 καὶ
1661 1471 1921 1541 ἐξετασμὸς

342 1561 370 1584 “
394 1555 583 1616 ἀσεβεῖς
620 1556 759 1618 ὀλεῖ,”
800 1553 920 1606 κατὰ
958 1554 1011 1606 τὸ
1049 1555 1390 1621 γεγραμμένον.

301 1662 323 1688 c

298 1713 412 1754 5ΛΛὲι
449 1714 780 1756 καταπιστεύετε
813 1715 856 1756 ἐν
895 1714 1051 1771 φίλοιο,
1078 1715 1185 1764 umbe:
1216 1714 1404 1772 ἐλπίζετε
1441 1713 1509 1755 ἐπὶ
1548 1713 1808 1765 ἡτουμενοιε,
1834 1713 1920 1755 ἀπὸ

296 1803 319 1838 6
405 1802 481 1840 τῆς
515 1798 734 1846 συΓκοίτου
769 1813 842 1841 σου
877 1799 1066 1855 φύλαξαι
1096 1803 1169 1841 τοῦ
1208 1800 1439 1841 ἀναθέσθαι
1465 1815 1502 1841 τι
1530 1799 1649 1857 αὐτῇ·
1690 1798 1797 1840 διότι
1831 1796 1919 1840 uide

404 1882 594 1939 ἀτιμάζει
652 1883 832 1939 Πατέρα,
880 1884 1066 1940 θυτάτΗρ
1121 1883 1465 1925 ἐπαναστήσεται
1513 1882 1583 1924 ἐπὶ
1630 1881 1707 1924 τήν
1756 1882 1918 1939 μΗτὲρα

405 1966 548 2017 αὐτῆς,
575 1967 715 2022 νύμφΗ
744 1966 813 2008 ὲΠί
839 1966 915 2008 τὴν
942 1967 1152 2023 Πενθερὰν
1181 1967 1325 2018 αὐτῆς,
1351 1966 1493 2023 ἐχθροὶ
1519 1967 1675 2008 Πάντες
1702 1963 1740 2007 οἷ
1767 1965 1918 2022 ἄνδρες

405 2048 443 2091 οἷ
470 2050 514 2091 ὲν
541 2052 601 2104 τῷ
627 2047 736 2104 οἴκῳ
754 2050 898 2092 αὐτοῦ.

414 2150 819 2212 Πλημμελοῦντες
862 2148 1178 2215 πολυτρόπως
1220 2152 1261 2200 οἱ
1301 2147 1357 2217 ἐξ
1390 2148 1606 2214 Ἰσραὴλ,
1639 2150 1714 2199 καὶ
1753 2148 1830 2199 ἐπί
1864 2171 1917 2213 γε

337 2230 512 2298 σφίσιν
540 2231 694 2283 αὐτοῖς
721 2229 1064 2296 καταθήγοντες
1089 2235 1152 2285 εἷς
1177 2230 1323 2297 ὀργὰς
1348 2230 1430 2282 τὸν
1456 2235 1550 2281 τῶν
1576 2229 1702 2281 ὅλων
1729 2230 1919 2282 Δεσπό-

337 2335 436 2377 την,
461 2310 557 2363 εἶτα
596 2312 671 2363 διὰ
711 2317 804 2364 τῶν
833 2315 981 2379 ἁγίων
1018 2312 1515 2380 προαναμανθάνοντες
1553 2317 1826 2383 προφητῶν,
1858 2315 1918 2366 ὡς

293 2395 386 2445 (Ῑέν
413 2394 637 2462 ἀφύκτοις
665 2395 852 2446 ἔσονται
884 2401 1053 2458 κακοῖς,
1080 2401 1118 2447 εἰ
1148 2395 1213 2460 μὴ
1247 2400 1347 2450 ταῖς
1382 2396 1635 2449 ἐπιεικείαις
1669 2396 1918 2465 ἐξημεροῦν

338 2478 519 2528 ἕλοιντο
550 2477 632 2528 τὸν
660 2477 933 2543 Δεσπότην,
959 2478 1063 2529 δέον
1088 2481 1281 2530 ἑλέσθαι
1308 2483 1498 2547 φρονεῖν
1525 2479 1687 2545 ὀρθῶς,
1715 2481 1789 2529 καὶ
1821 2483 1918 2531 ταῖς

338 2565 401 2615 εἷς
444 2561 498 2612 τὸ
540 2561 727 2625 ἄμεινον
767 2563 1049 2627 ἀναδρομαΐς
1093 2561 1354 2613 τιθασεύειν
1398 2562 1738 2625 λελυπημένον·
1782 2566 1919 2612 τοῦτο

389 2707 418 2729 1.
445 2700 511 2730 τῶν
528 2708 591 2741 pro
609 2697 667 2731 τὸν
685 2696 777 2731 Edd.
827 2696 878 2743 ἐν]
907 2702 941 2738 -3-
961 2699 1008 2744 τῷ
1027 2697 1069 2732 Β.
1330 2708 1361 2732 2.
1390 2697 1617 2742 σκηνοπηγίας
1634 2709 1697 2742 pro
1715 2699 1858 2733 σκοπιᾶς
1873 2697 1916 2731 Α.

340 2742 466 2776 Statim
482 2745 701 2788 τετιμώρηται
719 2746 762 2778 Α.
920 2756 954 2790 3.
981 2745 1108 2788 συνέβη
1127 2756 1196 2778 om.
1216 2745 1259 2778 A.
1403 2757 1436 2787 4.
1463 2745 1589 2779 ἁλῶναι
1608 2745 1650 2778 Β.
1806 2755 1840 2789 5.
1866 2744 1918 2778 εὐ-

338 2790 490 2825 παθείαις
502 2791 544 2823 Α.
564 2791 723 2836 εὐπαθείᾳ
741 2790 833 2825 Edd.
975 2791 1078 2826 6—16.
1096 2791 1257 2836 ἁρμόσειε
1275 2791 1302 2825 δ’
1321 2791 1362 2825 ἂν
1378 2793 1431 2826 καὶ
1448 2798 1513 2826 etc.
1532 2803 1644 2837 usque
1661 2791 1704 2825 ad
1722 2791 1781 2826 fin.
1800 2790 1918 2826 scholii

341 2836 468 2870 desunt
486 2836 520 2870 in
541 2837 581 2871 B.
804 2839 836 2872 8.
862 2838 1078 2884 παραλύουσι
1096 2841 1139 2873 Α.
1159 2838 1337 2873 διαλύουσι
1357 2838 1448 2873 Edd.
1665 2849 1697 2883 9.
1724 2839 1768 2873 ὡς
1785 2850 1855 2873 om.
1873 2838 1916 2872 A.

339 2883 414 2916 οὐαὶ
432 2891 653 2929 assumptum
671 2897 712 2919 ex
730 2885 773 2918 A.
944 2897 996 2930 13.
1021 2885 1415 2931 ἀπολογήσονται-πῶς
1432 2897 1502 2919 om.
1521 2886 1563 2919 A.
1733 2896 1787 2928 14.
1812 2885 1916 2931 ἀμφι-

339 2931 459 2969 βαλεῖν
476 2930 570 2965 ἐστιν
587 2932 658 2966 inv.
677 2931 799 2966 ordine
816 2932 859 2965 A.
1213 2942 1265 2978 17.
1292 2931 1504 2978 ἡγουμένοις]
1525 2937 1562 2973 —†-
1583 2932 1637 2966 καὶ
1655 2931 1691 2965 F.
1711 2931 1802 2967 Edd.
1822 2931 1916 2975 (Co.)

320 3013 323 3016 ,
342 2986 397 3009 20.
425 2977 558 3023 ἐχθροὶ]
579 2979 632 3012 καὶ
649 2979 765 3023 ἐχθροὶ
786 2979 827 3012 Β.
877 2979 909 3012 οἱ
927 2990 996 3013 om.
1012 2979 1054 3014 A.
1068 2979 1181 3023 (Vat.)
1194 2979 1298 3014 habet
1319 2979 1355 3013 F.
1470 2991 1524 3014 21.
1543 2980 1573 3013 οἱ
1591 2991 1660 3013 om.
1675 2979 1720 3012 A.
1734 2979 1805 3023 (86,
1824 2979 1916 3024 147.)

341 3022 450 3056 invito
470 3023 505 3056 F.
604 3036 659 3069 23.
686 3027 744 3060 τὸν
763 3025 857 3060 deest
878 3026 911 3059 in
928 3025 1018 3060 Edd.
1116 3037 1168 3070 27.
1195 3025 1429 3070 λελυπημένον
1446 3026 1489 3059 Α.
1508 3025 1761 3068 λελυπημένους
1781 3025 1870 3060 Edd.

2007 0 2021 103 3

2007 106 2021 147 33

2007 149 2021 225 {3

2007 227 2012 273 3

2006 279 2011 363 3

2007 370 2011 438 3

2006 583 2019 693 ξ,

2007 704 2010 734 3

2006 800 2010 891 3

1944 1080 1989 1106 10

2005 939 2009 974 3

2005 1064 2009 1089 3

2004 1183 2008 1222 3

2004 1229 2008 1303 3

2003 1308 2007 1404 3

2014 1355 2017 1364 ι

2011 1400 2017 1413 7
