2021 3434
99 191 153 232 ix.
178 204 212 233 1.
574 189 646 230 IN
687 189 881 230 AMOS.
942 188 1093 230 TOM.
1126 188 1204 229 IV.
1593 188 1675 228 527

97 301 203 364 γῆν.
260 297 476 367 ταύτῃτοι
509 300 756 366 μονονουχὶ
794 300 868 349 καὶ
907 298 1206 366 ἀπάρχεσθαι
1230 300 1313 362 τῆς
1339 299 1675 365 καταστροφῆς
1694 322 1716 349 e

97 385 163 450 τῷ
189 379 425 449 Προφήτῃ
455 381 749 448 προστέταχε
784 380 940 446 λέγων
968 380 1175 450 Πάταξον
1201 380 1272 431 ἐπὶ
1300 378 1347 432 τό
1372 378 1674 447 θυσιαστήριον,

99 465 173 513 καὶ
200 462 547 514 καταδονείσθω
574 464 696 530 φησὶ
727 460 787 513 v&
810 461 1092 531 προπύλαια,
1120 464 1195 512 καὶ
1225 461 1430 524 μεθυέτω
1456 459 1624 511 λοιπὸν
1651 460 1676 509 ὁ

98 543 222 607 νεὼς,
242 545 304 598 ὡς
330 544 493 595 αὐτίκα
517 543 573 608 δὴ
592 542 724 608 μάλα
749 548 1001 595 πεσεῖσθαι
1026 544 1232 607 μέλλων.
1277 539 1498 612 ὃιάκοψον
1526 541 1573 592 δὲ
1601 544 1676 592 καὶ

54 645 77 683 5
102 631 160 681 εἰς
195 625 278 679 τὰς
309 625 483 677 πάντων
519 624 749 694 κεφάλας,
776 624 1032 688 τουτέστιν,
1063 623 1281 692 ἀπάρχου
1311 628 1406 675 τῶν
1437 625 1486 674 ἐν
1519 624 1676 676 αὐτοῖς

96 708 521 778 περιφανεστέρων,
547 710 621 758 καὶ
645 709 825 771 πλῆττε
844 705 952 761 τοὺς
974 707 1280 774 προῦχοντας,
1306 705 1348 756 οἳ
1374 707 1450 756 καὶ
1476 706 1524 756 ἐν
1548 703 1678 773 τάξει

103 793 316 859 κεφαλῆς
371 790 594 841 τέθεινται
655 793 751 843 τοῖς
813 788 996 842 ἄλλοις·
1069 790 1358 839 ἀπολοῦνται
1415 786 1462 837 δὲ
1524 787 1677 839 αὐτοῖς

99 873 274 941 ἀναμὶξ
304 875 347 923 οἱ
380 870 672 934 κατάλοιποι,
706 873 780 922 καὶ
814 876 913 924 ταῖς
951 875 1045 921 τῶν
1078 867 1442 937 προεστηκότων
1480 868 1677 936 ἕψονται

99 958 383 1022 συμφοραῖς,
409 953 547 1020 ε”ργον
585 955 661 1004 καὶ
695 953 824 1004 αὐτοὶ
858 951 1102 1018 γεγονότες
1137 950 1389 1018 ῥομφαίας.
1446 949 1605 1013 ὅμοιον
1631 947 1677 999 δὲ
1697 976 1719 1000 a
1749 966 1832 1000 342
1849 966 1900 1001 A.

33 1060 80 1085 10
98 1035 248 1105 τούτῳ
283 1036 464 1104 κᾴκεῖνο
489 1033 543 1086 τὸ
565 1033 641 1086 διὰ
667 1037 826 1103 φωνῆς
851 1031 1070 1100 Ἰεζεκιὴλ
1106 1032 1226 1099 πρὸς
1264 1031 1370 1085 τοὺς
1404 1030 1461 1101 ’ἐξ
1492 1031 1676 1097 ἄνδρας,

100 1117 143 1168 οἳ
168 1117 369 1185 ἤρχοντο
393 1115 479 1180 μὲν
504 1116 597 1168 ἀπὸ
622 1119 705 1180 τῆς
729 1116 885 1181 πύλης
910 1119 992 1180 τῆς
1018 1114 1296 1179 βλεπούσης
1332 1112 1450 1180 πρὸς
1483 1114 1676 1180 βοῤῥᾶν,

98 1199 287 1266 ᾐρμένοι
321 1197 368 1249 δὲ
403 1197 510 1253 τοὺς
539 1198 747 1253 πελέκεις
781 1198 965 1250 εἵποντο
996 1202 1062 1268 τῷ
1098 1199 1230 1264 ἀνδρὶ
1270 1200 1337 1265 τῷ
1370 1195 1453 1247 τὸν
1492 1194 1676 1261 ποδήρη

99 1280 400 1350 διεζωσμένῳ,
425 1278 543 1347 πρὸς
568 1279 646 1334 οὓς
672 1280 825 1347 ε’ίρητο
850 1279 981 1347 παρὰ
1007 1284 1132 1332 Θεοῦ
1160 1286 1186 1310 “
1208 1278 1477 1346 Πορεύεσθε
1503 1281 1563 1330 εἷς
1590 1276 1677 1341 τὴν
1740 1288 1842 1320 Ezek.
1859 1289 1902 1321 ix.

98 1371 125 1392 ‘⁶
150 1362 294 1415 πόλιν
343 1362 498 1414 ὀπίσω
546 1363 701 1425 αὑτοῦ,
743 1364 818 1413 καὶ
856 1364 1050 1414 κόπτετε
1100 1363 1176 1414 καὶ
1226 1360 1291 1426 μὴ
1330 1361 1566 1429 φείσησθε
1601 1360 1677 1409 καὶ

32 1465 78 1503 15
100 1453 127 1475 ‘⁶
150 1445 215 1510 μὴ
253 1444 496 1510 ἐλεήσητε·
550 1443 875 1512 πρεσβύτερον
913 1447 988 1495 καὶ
1027 1444 1272 1496 νεανίσκον
1310 1445 1385 1494 καὶ
1420 1441 1562 1506 νήπια
1600 1443 1678 1491 καὶ

100 1535 126 1558 “
150 1533 371 1594 γυναῖκας
396 1528 696 1579 ἀποκτείνατε
729 1530 791 1581 εὶς
822 1526 1083 1596 ἐξάλειψιν,
1108 1529 1182 1578 ἐπὶ
1209 1524 1258 1578 δὲ
1288 1524 1468 1578 πάντας
1498 1524 1570 1592 ἐφ’
1599 1524 1677 1576 οὕς

98 1618 125 1641 “
150 1612 253 1662 ἐστι
290 1609 344 1661 τὸ
388 1614 583 1676 σημεῖον
621 1608 685 1674 μὴ
730 1609 966 1676 ἐγγίσητε,
1010 1611 1085 1660 καὶ
1125 1607 1219 1660 ἀπὸ
1264 1612 1359 1659 τῶν
1399 1607 1545 1673 ἁγίων
1588 1628 1678 1668 μου
1697 1616 1724 1657 b

99 1699 126 1722 ‘⁶
153 1692 408 1762 ἄρξασθε.”
485 1693 598 1761 ὁρᾷς
647 1691 773 1746 ὅπως
822 1690 1115 1758 πρωτόλειον
1165 1692 1363 1742 ἐποιεῖτο
1401 1692 1482 1753 τῆς
1533 1689 1678 1754 ὀργῆς

98 1776 206 1831 τοὺς
254 1777 561 1843 προῦχοντας,
604 1774 706 1839 ἦτοι
749 1772 856 1828 τοὺς
900 1775 1150 1827 δοκοῦντας
1199 1771 1402 1826 σεπτοῦς
1447 1769 1559 1822 εἶναι
1603 1771 1679 1820 καὶ

31 1885 80 1911 20
100 1859 272 1925 ἁγίους,
300 1857 375 1909 διὰ
410 1862 493 1909 τοῦ
531 1858 607 1907 καὶ
640 1858 849 1926 ἀνῆφθαι
888 1855 1012 1924 τάχα
1051 1879 1144 1907 που
1183 1858 1259 1906 καὶ
1299 1857 1382 1918 τῆς
1419 1853 1678 1920 ἱερουργίας

100 1940 186 2005 τὴν
236 1940 393 2009 δόξαν,
437 1940 583 2005 ἤγουν
626 1938 799 2006 ἑτέραις
849 1940 975 1989 τισὶν
1019 1937 1439 2003 ἐκλελαμπρύσθαι
1487 1939 1675 1998 τιμαῖς;

100 2026 303 2091 κεφαλαὶ
329 2021 422 2089 γὰρ
447 2021 608 2088 ὥσπερ
634 2024 675 2072 οἱ
700 2020 863 2072 τοιοίδε
888 2024 982 2071 τῶν
1008 2020 1173 2071 ἄλλων
1199 2020 1306 2071 εἶσί.

174 2103 451 2169 Συμβέβηκε
492 2102 540 2154 δὲ
577 2108 715 2154 τοῦτο
754 2103 976 2169 γενέσθαι
1020 2103 1096 2152 καὶ
1147 2106 1242 2155 τοῖς
1286 2097 1678 2169 πεπαρῳνηκόσιν

101 2191 164 2240 εἷς
193 2187 275 2238 τὸν
304 2187 479 2253 Κύριον
509 2185 641 2250 ἡμῶν
666 2185 855 2250 Ἰησοῦν
885 2183 967 2235 τὸν
1005 2182 1235 2250 Χριστόν.
1315 2180 1470 2245 ἐπειδὴ
1501 2180 1595 2247 γὰρ
1633 2184 1677 2231 οἱ

31 2284 79 2322 25
101 2269 290 2320 δείλαιοι
329 2270 404 2319 καὶ
448 2267 590 2331 νόμου
629 2269 704 2318 καὶ
743 2270 1002 2334 προφητῶν
1040 2265 1184 2331 ὀλίγα
1225 2262 1586 2333 πεφροντικότες
1625 2263 1677 2314 οὐ

100 2351 417 2420 παρεδέξαντο
451 2349 533 2401 τὸν
559 2348 794 2416 Χριστὸν,
824 2348 960 2403 τέλος
986 2347 1099 2399 ὄντα
1130 2346 1273 2411 νόμου
1298 2348 1372 2396 καὶ
1402 2348 1674 2414 προφητῶν,
1694 2372 1716 2398 0

100 2433 245 2497 ἀλλὰ,
280 2433 428 2484 καίτοι
461 2435 632 2501 σαφῶς
670 2429 837 2485 εἰδότες
872 2432 933 2485 ὡς
971 2429 1109 2484 αὐτός
1141 2430 1271 2480 ἐστιν
1307 2429 1331 2479 ὁ
1372 2426 1675 2494 κληρονόμος,
1737 2416 1898 2500 {3123

1739 2513 1789 2546 39·

152 2627 182 2650 Ι.
208 2613 436 2659 κατάρχεσθαι
453 2612 545 2647 Edd.
562 2612 681 2647 invitis
699 2612 790 2646 Α.Β.
1064 2621 1097 2656 3.
1124 2608 1372 2644 καταδονείσθω
1392 2607 1505 2654 [ἡσθω
1524 2607 1604 2651 (Sic)
1622 2605 1675 2652 b.]

101 2662 191 2707 φησὶ
209 2661 338 2696 A.B.b.
357 2658 664 2703 κατασεισθὴσεται
683 2658 774 2693 Edd.
838 2659 998 2703 πρόπυλα
1014 2657 1074 2691 iid.
1092 2657 1210 2691 invitis
1227 2655 1357 2690 A.B.b.
1423 2654 1571 2697 μεθυέτω
1595 2654 1678 2688 A.b.

100 2708 240 2753 μεθιέτω
260 2707 352 2742 Edd.
495 2717 528 2752 5.
554 2705 629 2752 τας]
646 2711 683 2746 -Ι-
697 2708 763 2740 τῶν
780 2705 839 2739 iid.
854 2705 970 2738 invitis
988 2704 1118 2737 A.B.b.
1261 2702 1293 2736 6.
1319 2700 1624 2746 προυφανεστέρων
1643 2701 1678 2734 b.

101 2756 211 2789 invito
228 2757 272 2789 A.
418 2764 471 2789 12.
498 2751 590 2788 εἶπον
608 2752 689 2796 (Sic)
707 2757 747 2786 A.
900 2763 952 2796 13.
979 2751 1154 2795 ἐζωσμένῳ
1173 2749 1264 2784 Edd.
1283 2749 1392 2782 invito
1409 2749 1453 2782 A.
1503 2746 1615 2791 ε’ίρητο
1636 2748 1677 2782 Β.

102 2801 228 2847 εἴρηται
244 2800 335 2835 Edd.
482 2811 534 2843 14.
555 2799 727 2844 φείσησθε
741 2799 784 2833 A.
798 2798 929 2841 (Alex.)
943 2798 1107 2843 φείδεσθε
1127 2796 1214 2830 Edd.
1226 2796 1340 2840 (Vat.)
1461 2795 1513 2829 18.
1532 2794 1621 2829 ὅπως
1634 2795 1678 2828 Α.

102 2849 154 2883 ὅτι
175 2848 266 2883 Edd.
315 2848 418 2893 ὀργῆς
434 2849 480 2881 A.
497 2847 604 2891 ἀρχῆς
621 2846 680 2880 iid.
804 2856 859 2879 20.
885 2845 938 2878 καὶ
955 2845 1012 2878 alt.
1032 2850 1255 2888 assumptum
1272 2855 1313 2877 ex
1330 2842 1375 2876 A.
1500 2852 1554 2875 22.
1574 2843 1678 2886 κεφα-

101 2897 160 2930 λαὶ
178 2896 269 2929 Α.Β.
289 2896 475 2940 κεφάλαιον
491 2893 551 2928 iid.
742 2903 796 2937 23.
822 2891 981 2936 γενέσθαι
998 2903 1068 2925 om.
1089 2891 1129 2925 B.
1328 2901 1382 2934 23,
1403 2899 1458 2931 24.
1487 2889 1680 2932 Assumpta

103 2943 156 2977 καὶ
173 2955 213 2977 ex
235 2943 276 2977 B.
295 2941 386 2987 ἡμῶν
402 2940 537 2984 Ἰησοῦν
554 2940 611 2974 τὸν
631 2939 706 2986 [τὸν
723 2951 792 2974 om.
812 2937 873 2983 A.]
893 2939 1043 2983 Χριστόν
1060 2950 1100 2972 ex
1119 2937 1209 2972 A.B.
1348 2947 1403 2981 25.
1429 2937 1680 2981 πεφρονηκότες

104 2989 196 3025 Edd.
388 2987 443 3023 26.
469 2986 566 3033 ὄντα]
590 2991 627 3029 -}-
649 2987 701 3022 καὶ
719 2986 777 3021 iid.
795 2985 911 3020 invitis
929 2984 1019 3020 A.B.
