2021 3434
83 373 187 404 Exod.

82 417 192 447 xxxiv.
201 415 248 447 16.

299 177 382 216 346
680 178 730 217 Β.
772 177 1045 217 CYRILLI
1085 177 1461 218 ALEXANDR.
1690 174 1748 214 iii.
1776 185 1868 227 1-3.

302 291 395 337 τῶν
429 286 503 337 διὰ
532 287 776 341 Μωυσέως
809 288 1191 352 τεθεσπισμένων
1221 290 1507 352 ἐπιτηδευταὶ
1539 289 1613 338 καὶ
1647 285 1868 354 φύλακες.

303 367 664 436 ἀποφάσκοντος
712 368 805 435 γὰρ
844 375 926 420 τοῦ
971 368 1113 433 νόμου
1157 369 1211 421 τὸ
1261 369 1432 436 χρῆναί
1474 391 1601 422 τινας
1639 371 1737 420 ταῖς
1777 370 1872 417 τῶν

84 465 163 498 233
183 464 232 498 A.
263 449 597 518 αάλλοφύλων
646 450 909 518 θυγατράσι
959 450 1427 518 συγκατευνάζεσθαι,
1479 451 1620 516 ὀλίγα
1673 448 1867 515 φροντί·

126 710 144 740 3
158 702 252 732 Esdr.

125 745 192 776 viii.
212 744 265 776 68.

302 554 470 584 σαντες
520 536 613 583 τῶν
663 531 821 584 θεόθεν
872 534 1025 587 αὐτοῖς
1074 532 1549 603 κεχρησμῳδημένων,
1600 530 1872 596 ἀλλοτρίαις

301 613 513 682 γυναιξὶν
548 615 872 680 ἐπεμίσγοντο.
936 617 1011 667 καὶ
1048 614 1165 681 πρὸς
1202 621 1339 666 τοῦτο
1373 616 1480 665 λίαν
1512 609 1871 679 δεδυσφορηκὼς
1892 632 1914 671 5

293 692 521 762 “Εσδρας,
555 695 914 763 περιερῥήγνυτο
953 697 1036 760 μὲν
1075 697 1160 762 τὴν
1198 699 1387 761 ἐσθῆτα,
1426 694 1787 763 κατωλοφύρετο
1826 692 1873 743 δὲ

302 775 409 830 τοὺς
441 776 498 846 ἐξ
527 776 740 844 Ἰσραὴλ,
780 780 855 829 καὶ
893 783 987 830 τῶν
1025 779 1320 847 ἀλλοφύλων
1357 782 1586 844 γυναικῶν
1624 775 1874 828 ἀπαλλάτ-

303 862 468 909 τεσθαι
505 859 773 925 παρεκάλει.
842 864 884 911 οἱ
922 860 971 912 δὲ
1007 867 1144 912 τοῦτο
1182 864 1297 927 δρᾶν
1334 860 1642 921 ἀνεπείθοντο,
1681 856 1875 911 δεδιότες

304 939 427 1008 τάχα
465 963 556 992 που
598 940 657 992 τὰ
698 942 754 1010 ἐξ
792 943 948 1008 ὀργῆς,
993 945 1068 994 καὶ
1110 947 1203 994 τῶν
1252 942 1487 1006 ἐσομένων
1530 942 1695 1003 αὐτοῖς,
1734 943 1771 990 εἰ
1809 939 1874 1003 μὴ

305 1022 485 1072 ἕλοιντο
529 1028 667 1085 τιμᾶν
715 1024 797 1075 τὸν
848 1024 1003 1089 νόμον,
1045 1030 1138 1076 τῶν
1185 1023 1541 1092 προγεγονότων
1587 1022 1672 1087 τὴν
1712 1027 1875 1088 πεῖραν

304 1105 542 1155 ἐποιοῦντο
573 1104 871 1159 διδάσκαλον.
937 1106 1091 1171 ἐπειδὴ
1126 1107 1173 1158 δὲ
1207 1106 1507 1170 ἀπεβέβλητο
1538 1107 1613 1156 καὶ
1645 1105 1876 1172 ἀπεφοίτα

260 1188 400 1236 ὺτῶν
447 1186 791 1252 Ἱεροσολύμων
840 1189 868 1253 ἡ
917 1193 1011 1239 τῶν
1066 1188 1358 1257 ἀλλοφύλων
1412 1188 1613 1253 γυναίων
1672 1184 1874 1250 πληθὺς,

306 1266 474 1318 λοιπὸν
509 1269 769 1333 ἀναγκαίως
804 1272 1208 1338 κατεπικραίνοντο
1244 1270 1360 1337 πρὸς
1399 1268 1543 1336 ὀργὰς
1577 1272 1620 1320 οἱ
1656 1268 1878 1335 περίοικοι

305 1353 400 1399 τῶν
424 1350 581 1412 ἐθνῶν,
609 1349 688 1401 ἅτε
719 1351 775 1415 δὴ
809 1354 883 1403 καὶ
916 1352 991 1403 διὰ
1029 1352 1204 1404 τούτων
1235 1354 1288 1403 οὐ
1317 1353 1511 1418 μετρίως
1536 1350 1876 1420 ἐξυβρισμένοι,

306 1433 382 1482 καὶ
418 1430 536 1497 πρός
565 1455 618 1498 γε
652 1432 708 1497 δὴ
739 1434 887 1504 τούτῳ
925 1436 1106 1486 κάκεῖνο
1139 1458 1231 1486 που
1263 1434 1385 1502 τάχα
1422 1433 1729 1500 διελογίζοντο
1759 1432 1877 1484 κατὰ

306 1517 438 1581 σφᾶς
472 1513 652 1568 αὐτούς.
718 1515 872 1580 ἐπειδὴ
911 1515 1003 1583 γὰρ
1037 1516 1122 1580 τὴν
1145 1516 1460 1583 Ἰερουσαλὴμ
1485 1514 1756 1583 ἀνετείχιζον
1780 1514 1878 1579 μὲν,

307 1594 596 1662 ἐσπούδαζον
629 1595 678 1648 δὲ
715 1599 790 1648 καὶ
824 1597 965 1649 αὑτὸν
1001 1597 1083 1650 τὸν
1124 1602 1244 1649 θεῖον
1279 1599 1468 1665 ἐγείρειν
1506 1596 1630 1660 ναὸν,
1664 1602 1759 1651 τοῖς
1796 1602 1879 1648 τοῦ

309 1675 488 1746 φθόνου
537 1677 735 1738 βέλεσιν
781 1680 1046 1731 ἀνεκαίοντο
1094 1678 1212 1747 πρὸς
1262 1678 1418 1746 ὀργὰς,
1470 1682 1545 1730 καὶ
1608 1677 1880 1730 διακωλύειν

308 1760 587 1827 ἐπεχείρουν,
628 1762 770 1812 ἐκεῖνο
808 1761 1191 1825 διενθυμούμενοι,
1233 1760 1352 1812 κατά
1389 1785 1443 1827 γε
1486 1761 1539 1812 τὸ
1573 1761 1703 1825 εἰκὸς,
1739 1764 1801 1816 ὡς
1842 1765 1880 1812 εἰ

271 1840 488 1907 ογένοιτο
528 1841 676 1894 πάλιν
716 1844 741 1893 ὃ
781 1842 980 1909 Ἰσραὴλ
1022 1845 1070 1894 ἐν
1120 1845 1409 1898 δυναστείαις
1452 1849 1550 1898 ταῖς
1591 1844 1767 1910 πρώην,
1806 1846 1880 1896 καὶ

308 1922 650 1991 τετειχισμένας
682 1924 766 1988 μὲν
800 1924 896 1993 ε”χοι
933 1925 1015 1980 τὰς
1051 1924 1226 1988 πόλεις,
1257 1926 1549 1988 ἐπαμύνοντα
1587 1925 1634 1977 δὲ
1671 1925 1753 1978 τὸν
1787 1930 1881 1978 τῶν

311 2004 437 2056 ὅλων
480 2004 616 2069 Θεὸν,
658 2004 738 2057 ἅτε
776 2005 832 2071 δὴ
875 2012 969 2061 τοῖς
1010 2009 1217 2076 ἀρχαίοις
1260 2008 1386 2058 ἔθεσι
1430 2006 1796 2075 θεραπευόμενον
1833 2010 1882 2060 ἐν

312 2090 421 2155 ναῷ,
458 2086 604 2139 πάλιν
649 2088 990 2154 κατακρατήσει
1031 2093 1105 2140 καὶ
1148 2089 1383 2157 ἀφόρητος
1423 2090 1556 2141 ἔσται
1595 2095 1690 2145 τοῖς
1734 2091 1882 2142 ἁπαν-

310 2175 469 2236 ταχοῦ,
512 2172 587 2221 καὶ
627 2170 836 2234 δασμοὺς
872 2173 1091 2233 ἐπιβαλεῖ
1125 2176 1220 2223 τῶν
1263 2171 1445 2239 ὁμόρων
1487 2173 1597 2236 τισὶ,
1637 2175 1712 2224 καὶ
1756 2173 1883 2224 ἁλώ-

311 2273 478 2302 σονται
521 2252 720 2315 πάντως,
760 2252 1139 2321 καταδῃουμένων
1183 2255 1335 2308 αὐτοῖς
1377 2259 1471 2305 τῶν
1514 2259 1700 2322 χωρῶν,
1744 2259 1782 2306 εὶ
1825 2254 1882 2320 δή

312 2357 430 2388 τινες
457 2335 636 2386 ἕλοιντο
663 2334 750 2386 κάν
773 2341 887 2401 γοῦν
912 2335 1004 2403 ὀψὲ
1030 2336 1316 2405 ἀντιβλέψαι
1340 2335 1495 2400 μόνον.
1559 2338 1728 2402 ταύτης
1754 2337 1884 2388 ἕνεκα

314 2418 397 2479 τῆς
430 2418 577 2471 αἰτίας
609 2416 955 2484 παρεσκεύαζον
984 2418 1068 2481 μέν
1100 2441 1227 2472 τινας
1261 2419 1495 2485 ἀπείργειν
1530 2419 1694 2473 αὐτοὺς
1719 2424 1813 2471 τῶν
1835 2443 1885 2472 τε

314 2499 382 2548 ἐπ’
411 2499 535 2568 αὐτῷ
560 2501 625 2569 τῷ
651 2503 759 2569 ναῷ,
786 2502 860 2551 καὶ
887 2505 981 2553 τοῖς
1006 2501 1180 2568 τείχεσι
1204 2501 1678 2564 κατασκευασμάτων.
1731 2501 1885 2567 ἐπειδὴ

272 2579 363 2630 ᾶδὲ
398 2581 551 2635 αὐτοῖς
585 2580 806 2646 ἀνόνητος
842 2581 898 2646 ἧν
933 2583 961 2646 ἡ
998 2582 1198 2647 σπουδὴ,
1238 2587 1361 2634 Θεοῦ
1399 2582 1754 2649 κατευρύνοντος
1790 2589 1885 2638 τοῖς

317 2662 372 2730 ἐξ
393 2662 594 2729 Ἰσραὴλ
625 2664 709 2728 τὴν
742 2669 836 2715 τῶν
870 2663 1241 2729 ἐπιτηδευμάτων
1276 2665 1395 2728 ὁδὸν,
1429 2666 1686 2733 ὡπλίζοντο
1717 2665 1885 2718 λοιπὸν

318 2745 392 2794 καὶ
429 2746 818 2812 καταστρατεύειν
861 2747 1048 2811 ἤθελον·
1097 2748 1206 2798 ἀλλ’
1242 2747 1440 2812 ἥλωσαν
1487 2749 1561 2798 καὶ
1608 2748 1885 2799 πεπτώκασι

365 2887 395 2911 2.
414 2878 451 2911 τὸ
469 2885 689 2924 assumptum
705 2891 747 2914 ex
765 2880 807 2915 B.
855 2884 921 2915 τῶν
937 2879 1146 2924 ἀλλοφύλων
1162 2887 1240 2925 post
1257 2881 1443 2927 θυγατράσι
1461 2886 1592 2925 transp.
1612 2880 1702 2915 Edd.
1778 2892 1830 2915 11.
1845 2880 1882 2914 δέ

317 2931 537 2968 assumptum
555 2938 596 2959 ex
615 2926 657 2961 B.
909 2927 963 2962 26.
989 2927 1057 2972 ὀψὲ
1076 2939 1144 2962 om.
1166 2928 1206 2962 B.
1457 2930 1512 2963 28.
1539 2926 1880 2972 κατασκευασμάτων]

317 2973 639 3015 παρεσκευασμένων
657 2972 747 3007 Edd.

1898 1045 1945 1070 10

1901 1867 1951 1891 20

1904 2692 2013 2742 30]
