2021 3434
320 211 403 249 580
720 212 768 251 B.
811 210 1089 251 CYRILLI
1127 211 1506 252 ALEXANDR.
1722 212 1763 254 ii.
1791 225 1826 262 2,
1847 225 1886 266 3.

321 328 347 350 “
372 322 723 384 ἀπολλύμεθα.”
789 323 814 372 ὁ
863 322 912 373 δὲ
955 325 1217 388 διεγερθεὶς,
1263 324 1426 390 φησιν,
1468 324 1659 384 ἐπετίμα
1709 321 1793 383 μὲν
1837 325 1895 388 τῇ

97 401 252 432 S.Mare.

97 445 140 475 iv.
158 454 210 486 39.
319 401 550 471 θαλάσσῃ
612 404 665 454 τό
715 412 741 433 “
763 404 941 466 Σιώπα,
996 404 1279 473 πεφίμωσο”
1330 406 1426 468 μετ’
1479 405 1695 473 ἐξουσίας
1741 403 1896 466 εἰπὼν,

318 485 504 552 διέσωζε
549 485 596 536 δὲ
641 486 746 540 τοὺς
786 486 1010 550 μαθητάς.
1074 486 1217 540 τύπος
1260 487 1306 538 δὲ
1349 487 1439 552 ἄρα
1476 486 1530 537 τὸ
1569 486 1803 553 δρώμενον
1839 483 1898 549 ἧν

317 572 412 618 τῶν
455 572 513 636 τῇ
557 569 822 636 ἀνθρωπεία
866 569 1010 636 φύσει
1053 568 1440 633 συμβεβηκότων.
1505 569 1559 619 δι’
1605 569 1746 620 αὐτοῦ
1789 566 1896 634 γὰρ,

279 675 300 700 ς
320 653 382 705 ὡς
419 651 552 719 ἔφην,
587 651 937 716 ἀπηλλάγμεθα
975 653 1049 701 καὶ
1088 650 1289 702 θανάτου
1324 653 1397 702 καὶ
1435 656 1615 720 φθορᾶς
1642 653 1716 701 καὶ
1749 651 1897 715 ἁμαρ·
1917 664 1938 702 5

318 733 418 786 τιάς
457 735 531 783 καὶ
565 737 745 794 παθῶν,
785 734 859 784 καὶ
898 734 922 783 ὁ
960 733 1110 784 πάλαι
1147 732 1318 800 χειμὼν
1357 733 1666 797 ἀπελήλαται,
1707 754 1897 795 μετακε-

319 815 499 882 χώρηκε
526 814 574 866 δὲ
597 814 714 882 πρὸς
741 814 955 880 γαλήνην
981 815 1040 865 τὰ
1066 817 1170 867 καθ’
1199 816 1331 879 ἡμᾶς.

279 1056 297 1079 2
324 1051 398 1092 Καὶ
440 1053 711 1107 ΠροσΗύΞατο
747 1051 900 1092 Ἰωνᾶς
949 1051 1056 1108 Πρὸς
1107 1051 1255 1108 Κύριον
1298 1052 1370 1092 τὸν
1414 1051 1522 1093 Θεὸν
1571 1051 1700 1091 αὐτοῦ
1735 1050 1783 1091 ὲκ
1825 1054 1898 1091 τῆς

279 1138 300 1173 3
389 1135 551 1175 κοιλίας
590 1137 662 1176 τοῦ
704 1135 868 1185 κύτους,
910 1136 978 1175 καὶ
1017 1131 1134 1176 εἶπεν
1164 1134 1354 1185 ἘβόΗοα
1403 1134 1447 1176 ὲν
1491 1134 1632 1184 Θλίψει
1669 1148 1748 1182 μου
1791 1133 1898 1187 Πρὸς

391 1218 539 1275 Κύριον
582 1218 654 1260 τὸν
704 1218 811 1261 Θεόν
860 1234 953 1268 μου,
997 1220 1065 1259 καὶ
1108 1217 1329 1261 εἰσήκουσέ
1369 1233 1459 1266 μου·
1505 1219 1551 1258 ἐκ
1592 1217 1755 1258 κοιλίας
1793 1215 1898 1274 ᾅδου
1924 1224 1969 1250 10
2011 1212 2021 1281 ¹÷

389 1307 568 1358 κραυΓίις
606 1318 684 1351 μου
724 1303 908 1344 ἤκουσας
946 1307 1094 1358 φωνῆς
1131 1317 1224 1350 μου.

394 1430 653 1492 Ἀδικηθεῖς
678 1428 762 1491 μὲν
787 1427 931 1490 οὐδὲν,
957 1428 1066 1496 οἴκῳ
1094 1428 1140 1478 δὲ
1165 1426 1326 1494 ὥσπερ
1350 1429 1416 1497 τῷ
1441 1426 1564 1492 κήτει
1592 1425 1901 1494 χρησάμενος,

277 1518 303 1558 d
323 1512 477 1564 ε”ννους
511 1534 560 1562 τε
595 1511 833 1578 ὑπάρχων,
865 1513 940 1561 καὶ
975 1509 1072 1560 κατ’
1101 1509 1262 1560 οὐδένα
1299 1509 1474 1576 τρόπον
1512 1508 1541 1574 ὴ
1580 1514 1722 1572 σῶμα
1758 1508 1902 1576 τυχὸν

322 1592 350 1657 ἢ
380 1593 552 1661 φρένας
586 1593 930 1657 λελωβημένος,
957 1592 1227 1642 αἰσθάνεται
1252 1594 1333 1655 τῆς
1356 1592 1628 1657 ἐπικουρίας.
1696 1589 1788 1642 οἶδε
1826 1614 1903 1656 γε-

321 1675 496 1741 γονότα
520 1675 602 1726 τὸν
628 1675 750 1726 Θεὸν
777 1676 956 1739 εὐμενῆ·
999 1675 1082 1725 οὐκ
1108 1672 1346 1740 ἠγνοηκὼς
1373 1673 1420 1724 δὲ
1446 1672 1499 1724 τὸ
1525 1671 1720 1735 συμβὰν
1745 1675 1795 1724 ἐκ
1820 1678 1902 1724 τοῦ
1925 1687 1970 1726 15
2011 1660 2021 1726 Ι,

324 1761 611 1822 κατοκνῆσαι
636 1757 722 1822 τὴν
743 1758 990 1820 διακονίαν,
1019 1755 1231 1822 τρέπεται
1257 1756 1375 1822 πρὸς
1400 1755 1552 1823 εὐχὴν,
1574 1757 1648 1806 καὶ
1671 1778 1901 1823 χαριστη-
2010 1743 2013 1756 ¹

321 1842 446 1907 ριόυς
484 1839 569 1904 μὲν
603 1841 825 1891 ἀνατείνει
861 1838 1009 1903 λιτὰς,
1036 1841 1151 1903 ὁμοῦ
1186 1839 1234 1889 δὲ
1267 1838 1353 1902 τὴν
1388 1838 1531 1907 δόξαν
1566 1839 1794 1902 ὁμολογεῖ
1821 1843 1904 1888 τοῦ

323 1923 569 1990 σώζοντος,
603 1925 677 1974 καὶ
711 1921 1049 1989 καταθαυμάζει
1086 1921 1171 1985 τὴν
1218 1921 1453 1990 ἐξουσίαν,
1492 1923 1566 1971 καὶ
1604 1919 1905 1987 ἀνακηρύττει

323 2005 408 2070 τὴν
442 2005 719 2071 ἡμερότητα.
788 2008 1006 2072 δεχθῆναι
1036 2003 1129 2070 γὰρ
1167 2003 1258 2071 ἔφη
1296 2001 1382 2066 τὴν
1419 2003 1582 2053 ἑαυτοῦ
1619 2002 1904 2070 προσευχὴν,

324 2091 400 2139 καὶ
436 2093 574 2138 τοῦτο
608 2085 733 2151 οἶμαι
762 2110 855 2138 που
886 2090 1164 2155 προφητικῷ
1196 2086 1421 2147 πνεύματι
1452 2085 1636 2138 συνιείς.
1701 2083 1755 2136 τὸ
1782 2084 1831 2135 δὲ
1855 2086 1904 2136 ἐκ
1926 2104 1972 2129 20
2009 2075 2013 2108 ¹

286 2192 307 2217 e
329 2173 505 2225 κοιλίας
529 2167 647 2241 ᾅδου,
671 2169 725 2220 τὸ
758 2168 855 2220 οἷον
886 2170 935 2219 ἐκ
967 2171 1049 2233 τῆς
1085 2173 1167 2218 τοῦ
1193 2168 1358 2232 κήτους
1389 2166 1599 2233 γαστρός
1626 2172 1789 2235 φησιν,
1816 2165 1905 2236 ᾅδῃ
2009 2164 2012 2169 ⁴

326 2254 400 2303 καὶ
451 2251 636 2322 θανάτῳ
682 2250 969 2318 παρεικάζων
1021 2251 1202 2318 εὐφυῶς
1250 2248 1304 2300 τὸ
1353 2250 1530 2316 θηρίον·
1595 2246 1675 2300 ἅτε
1724 2247 1781 2313 δὴ
1831 2251 1906 2300 καὶ

327 2334 537 2405 φονεύειν
563 2332 692 2396 εἶδος,
719 2336 794 2384 καὶ
821 2334 1121 2401 καταῤῥοφᾶν
1144 2331 1314 2398 ἀγρίως
1341 2331 1422 2382 τὸν
1449 2330 1774 2395 ἁλισκομένου.

286 2548 586 2606 4Ἀττέῤῥιψάς
623 2564 673 2597 με
706 2546 766 2589 εἰς
797 2549 901 2597 βάθΗ
941 2546 1116 2604 καρδίας
1151 2547 1378 2595 θαλάσσΗς,
1406 2544 1473 2585 καὶ
1503 2543 1687 2592 Ποταμοί
1717 2543 1906 2584 ἐκύκλω-

395 2633 472 2674 σαν
509 2647 573 2683 με,
610 2633 766 2673 Πάντες
806 2629 845 2672 οἰ
884 2629 1170 2687 μετεωρισμοί
1210 2643 1284 2670 σου
1328 2628 1396 2669 καὶ
1435 2628 1485 2668 τὰ
1525 2627 1687 2675 κύματά
1727 2642 1801 2668 σου
1838 2626 1897 2667 ἐπ’
1926 2636 1971 2671 20
2007 2633 2021 2657 u*

289 2724 309 2761 5
395 2715 470 2764 ἐμὲ
497 2715 685 2757 διῆλθον.
746 2714 863 2762 ndu-<¹0
889 2709 1008 2755 εἶπον
1029 2713 1256 2761 Ἀπώσμαι
1281 2712 1326 2755 ἐξ
1352 2710 1591 2767 ὀφθαλμῶν
1619 2725 1706 2752 σου.

380 2893 411 2916 2.
437 2885 476 2917 τό
493 2894 562 2917 om.
583 2883 625 2917 B.
837 2893 870 2928 5.
897 2883 950 2916 καὶ
967 2893 1035 2916 sec.
1055 2881 1152 2916 deest
1170 2881 1206 2915 in
1225 2880 1318 2915 Edd.
1532 2878 1565 2913 6.
1592 2878 1645 2912 καὶ
1663 2878 1758 2922 prius
1775 2889 1845 2911 om.
1865 2876 1907 2911 B.

333 2929 365 2961 8.
392 2929 605 2973 προσ-εὔξατο
622 2929 681 2964 iid.
732 2929 855 2974 Κύριον
872 2941 941 2963 om.
961 2929 999 2963 F.
1017 2928 1077 2963 iid.
1125 2929 1184 2972 τῆς
1200 2940 1270 2962 om.
1290 2927 1332 2961 B.
1532 2937 1584 2960 12.
1608 2925 1670 2969 μὲν
1686 2930 1907 2968 assumptum

333 2986 373 3008 ex
395 2975 435 3009 B.
644 2987 695 3022 13.
723 2979 835 3012 εὔνους
854 2975 946 3010 Edd.
1164 2986 1217 3017 14.
1243 2975 1353 3019 φρένα
1369 2973 1430 3009 iid.
1656 2971 1709 3005 16.
1731 2970 1833 3014 εὐχὰς
1845 2968 1905 3004 iid.

337 3022 388 3055 18.
408 3022 565 3066 θαυμάζει
585 3023 626 3057 Β.
771 3034 825 3058 21.
844 3024 955 3068 φησιν
971 3027 1192 3067 assumptum
1210 3033 1250 3056 ex
1272 3021 1313 3056 B.
1459 3031 1513 3064 23.
1531 3017 1757 3063 καταῤῥοφεῐν
1774 3015 1866 3051 Edd.
