<?xml version="1.0" encoding="UTF-8"?>
<!DOCTYPE html PUBLIC "-//W3C//DTD XHTML 1.0 Transitional//EN"
    "http://www.w3.org/TR/xhtml1/DTD/xhtml1-transitional.dtd">
<html xmlns="http://www.w3.org/1999/xhtml" xml:lang="en" lang="en">
 <head>
  <title>
</title>
<meta http-equiv="Content-Type" content="text/html;charset=utf-8" />
  <meta name='ocr-system' content='tesseract 3.04.00' />
  <meta name='ocr-capabilities' content='ocr_page ocr_carea ocr_par ocr_line ocrx_word'/>
</head>
<body>
  <div class='ocr_page' id='page_1' title='image "./operacyrilli01cyriuoft/operacyrilli01cyriuoft_0314.png"; bbox 0 0 2021 3434; ppageno 0'>
   <div class='ocr_carea' id='block_1_1' title="bbox 314 145 1891 205">
    <p class='ocr_par' dir='ltr' id='par_1_1' title="bbox 314 145 1891 205">
     <span class='ocr_line' id='line_1_1' title="bbox 314 145 1891 205; baseline 0.002 -21"><span class='ocrx_word' id='word_1_1' title='bbox 314 145 397 185; x_wconf 82' lang='lat'>272</span> <span class='ocrx_word' id='word_1_2' title='bbox 704 148 754 187; x_wconf 90' lang='lat' dir='ltr'>B.</span> <span class='ocrx_word' id='word_1_3' title='bbox 797 148 1074 189; x_wconf 88' lang='lat' dir='ltr'>CYRILLI</span> <span class='ocrx_word' id='word_1_4' title='bbox 1115 149 1497 205; x_wconf 87' lang='lat' dir='ltr'><strong>ALEXANDR.</strong></span> <span class='ocrx_word' id='word_1_5' title='bbox 1715 149 1800 189; x_wconf 75' lang='lat' dir='ltr'><strong>xiii.</strong></span> <span class='ocrx_word' id='word_1_6' title='bbox 1828 161 1891 199; x_wconf 86' lang='lat'>14.</span> 
     </span>
    </p>
   </div>
   <div class='ocr_carea' id='block_1_2' title="bbox 90 255 1964 1147">
    <p class='ocr_par' dir='ltr' id='par_1_2' title="bbox 90 255 1964 1147">
     <span class='ocr_line' id='line_1_2' title="bbox 313 255 1893 329; baseline 0.003 -23"><span class='ocrx_word' id='word_1_7' title='bbox 313 255 515 319; x_wconf 84' lang='grc' dir='ltr'>ἐσόμενα</span> <span class='ocrx_word' id='word_1_8' title='bbox 548 259 969 324; x_wconf 81' lang='grc' dir='ltr'>προαπηγγελκὼς,</span> <span class='ocrx_word' id='word_1_9' title='bbox 1007 262 1348 329; x_wconf 86' lang='grc' dir='ltr'>ἀναπεφοίτηκε</span> <span class='ocrx_word' id='word_1_10' title='bbox 1377 259 1524 312; x_wconf 81' lang='grc' dir='ltr'>πάλιν</span> <span class='ocrx_word' id='word_1_11' title='bbox 1561 263 1623 314; x_wconf 77' lang='grc' dir='ltr'>εἰς</span> <span class='ocrx_word' id='word_1_12' title='bbox 1661 263 1893 325; x_wconf 84' lang='grc' dir='ltr'>θεοπρεπῆ</span> 
     </span>
     <span class='ocr_line' id='line_1_3' title="bbox 313 337 1894 408; baseline 0.003 -21"><span class='ocrx_word' id='word_1_13' title='bbox 313 360 363 388; x_wconf 91' lang='grc' dir='ltr'>τε</span> <span class='ocrx_word' id='word_1_14' title='bbox 388 337 664 404; x_wconf 82' lang='grc' dir='ltr'>ἡμερότητα,</span> <span class='ocrx_word' id='word_1_15' title='bbox 689 341 765 390; x_wconf 85' lang='grc' dir='ltr'>καὶ</span> <span class='ocrx_word' id='word_1_16' title='bbox 803 341 874 392; x_wconf 80' lang='grc' dir='ltr'>ὅτι</span> <span class='ocrx_word' id='word_1_17' title='bbox 911 341 976 407; x_wconf 86' lang='grc' dir='ltr'>μὴ</span> <span class='ocrx_word' id='word_1_18' title='bbox 1014 342 1215 394; x_wconf 77' lang='grc' dir='ltr'>εἷσάπαν</span> <span class='ocrx_word' id='word_1_19' title='bbox 1248 342 1302 394; x_wconf 80' lang='grc' dir='ltr'>τὸ</span> <span class='ocrx_word' id='word_1_20' title='bbox 1340 344 1415 394; x_wconf 83' lang='grc' dir='ltr'>ἐπὶ</span> <span class='ocrx_word' id='word_1_21' title='bbox 1449 345 1536 408; x_wconf 79' lang='grc' dir='ltr'>γῆς</span> <span class='ocrx_word' id='word_1_22' title='bbox 1568 341 1894 406; x_wconf 81' lang='grc' dir='ltr'>ἀπέστραπται</span> 
     </span>
     <span class='ocr_line' id='line_1_4' title="bbox 312 417 1894 493; baseline 0.003 -25"><span class='ocrx_word' id='word_1_23' title='bbox 312 417 460 484; x_wconf 83' lang='grc' dir='ltr'>γένος,</span> <span class='ocrx_word' id='word_1_24' title='bbox 503 419 619 484; x_wconf 86' lang='grc' dir='ltr'>μήτε</span> <span class='ocrx_word' id='word_1_25' title='bbox 657 420 751 485; x_wconf 87' lang='grc' dir='ltr'>μὴν</span> <span class='ocrx_word' id='word_1_26' title='bbox 799 424 965 487; x_wconf 81' lang='grc' dir='ltr'>ἀνῆκεν</span> <span class='ocrx_word' id='word_1_27' title='bbox 1009 426 1072 478; x_wconf 79' lang='grc' dir='ltr'>εἷς</span> <span class='ocrx_word' id='word_1_28' title='bbox 1123 423 1428 493; x_wconf 78' lang='grc' dir='ltr'>καταφθορὰν</span> <span class='ocrx_word' id='word_1_29' title='bbox 1467 421 1692 491; x_wconf 85' lang='grc' dir='ltr'>ἀχάλινόν</span> <span class='ocrx_word' id='word_1_30' title='bbox 1731 445 1781 473; x_wconf 93' lang='grc' dir='ltr'>τε</span> <span class='ocrx_word' id='word_1_31' title='bbox 1819 425 1894 473; x_wconf 82' lang='grc' dir='ltr'>καὶ</span> 
     </span>
     <span class='ocr_line' id='line_1_5' title="bbox 311 500 1891 573; baseline 0.003 -23"><span class='ocrx_word' id='word_1_32' title='bbox 311 500 633 565; x_wconf 84' lang='grc' dir='ltr'>ἀτελεύτητον,</span> <span class='ocrx_word' id='word_1_33' title='bbox 672 504 781 554; x_wconf 85' lang='grc' dir='ltr'>ἀλλ’</span> <span class='ocrx_word' id='word_1_34' title='bbox 818 504 952 555; x_wconf 75' lang='grc' dir='ltr'>ἔσται</span> <span class='ocrx_word' id='word_1_35' title='bbox 990 528 1060 560; x_wconf 90' lang='grc' dir='ltr'>τις</span> <span class='ocrx_word' id='word_1_36' title='bbox 1097 504 1216 556; x_wconf 79' lang='grc' dir='ltr'>κατὰ</span> <span class='ocrx_word' id='word_1_37' title='bbox 1253 505 1438 572; x_wconf 74' lang='grc' dir='ltr'>καιροὺς</span> <span class='ocrx_word' id='word_1_38' title='bbox 1479 503 1624 573; x_wconf 80' lang='grc' dir='ltr'>φειδὼ</span> <span class='ocrx_word' id='word_1_39' title='bbox 1662 505 1738 555; x_wconf 78' lang='grc' dir='ltr'>καὶ</span> <span class='ocrx_word' id='word_1_40' title='bbox 1775 502 1891 554; x_wconf 80' lang='grc' dir='ltr'>ἀνά-</span> 
     </span>
     <span class='ocr_line' id='line_1_6' title="bbox 311 582 1935 657; baseline 0.002 -25"><span class='ocrx_word' id='word_1_41' title='bbox 311 587 483 646; x_wconf 87' lang='grc' dir='ltr'>κλησις</span> <span class='ocrx_word' id='word_1_42' title='bbox 521 587 583 637; x_wconf 80' lang='grc' dir='ltr'>εἷς</span> <span class='ocrx_word' id='word_1_43' title='bbox 621 582 675 635; x_wconf 79' lang='grc' dir='ltr'>τὸ</span> <span class='ocrx_word' id='word_1_44' title='bbox 711 585 790 636; x_wconf 87' lang='grc' dir='ltr'>ἀπ’</span> <span class='ocrx_word' id='word_1_45' title='bbox 819 588 964 654; x_wconf 82' lang='grc' dir='ltr'>ἀρχῆς</span> <span class='ocrx_word' id='word_1_46' title='bbox 995 589 1043 638; x_wconf 89' lang='grc' dir='ltr'>ἐν</span> <span class='ocrx_word' id='word_1_47' title='bbox 1068 591 1282 657; x_wconf 72' lang='grc' dir='ltr'>Χριστῷ,</span> <span class='ocrx_word' id='word_1_48' title='bbox 1308 586 1657 651; x_wconf 81' lang='grc' dir='ltr'>καταμεμήνυκε</span> <span class='ocrx_word' id='word_1_49' title='bbox 1695 608 1893 651; x_wconf 89' lang='grc' dir='ltr'>προστι-</span> <span class='ocrx_word' id='word_1_50' title='bbox 1913 598 1935 637; x_wconf 87' lang='grc'>5</span> 
     </span>
     <span class='ocr_line' id='line_1_7' title="bbox 274 664 1894 740; baseline 0.002 -25"><span class='ocrx_word' id='word_1_51' title='bbox 274 683 296 710; x_wconf 81' lang='lat'>0</span> <span class='ocrx_word' id='word_1_52' title='bbox 313 665 417 727; x_wconf 77' lang='grc' dir='ltr'>θεὶς,</span> <span class='ocrx_word' id='word_1_53' title='bbox 443 666 505 719; x_wconf 88' lang='grc' dir='ltr'>ὡς</span> <span class='ocrx_word' id='word_1_54' title='bbox 533 664 704 734; x_wconf 68' lang='grc' dir='ltr'>ῥύσεται</span> <span class='ocrx_word' id='word_1_55' title='bbox 730 666 814 731; x_wconf 79' lang='grc' dir='ltr'>μὲν</span> <span class='ocrx_word' id='word_1_56' title='bbox 838 671 888 720; x_wconf 81' lang='grc' dir='ltr'>ἑκ</span> <span class='ocrx_word' id='word_1_57' title='bbox 912 669 1055 739; x_wconf 64' lang='grc' dir='ltr'>χειρος</span> <span class='ocrx_word' id='word_1_58' title='bbox 1081 666 1201 740; x_wconf 55' lang='grc' dir='ltr'>ᾅδου,</span> <span class='ocrx_word' id='word_1_59' title='bbox 1228 671 1303 720; x_wconf 76' lang='grc' dir='ltr'>καὶ</span> <span class='ocrx_word' id='word_1_60' title='bbox 1329 670 1380 721; x_wconf 82' lang='grc' dir='ltr'>ἐκ</span> <span class='ocrx_word' id='word_1_61' title='bbox 1405 668 1587 720; x_wconf 63' lang='grc' dir='ltr'>θανάτου</span> <span class='ocrx_word' id='word_1_62' title='bbox 1611 668 1894 736; x_wconf 73' lang='grc' dir='ltr'>λυτρῶσετοιι,</span> 
     </span>
     <span class='ocr_line' id='line_1_8' title="bbox 313 745 1896 817; baseline 0.003 -22"><span class='ocrx_word' id='word_1_63' title='bbox 313 747 460 810; x_wconf 83' lang='grc' dir='ltr'>δῆλον</span> <span class='ocrx_word' id='word_1_64' title='bbox 494 745 557 810; x_wconf 79' lang='grc' dir='ltr'>δὲ,</span> <span class='ocrx_word' id='word_1_65' title='bbox 590 747 660 799; x_wconf 79' lang='grc' dir='ltr'>ὅτι</span> <span class='ocrx_word' id='word_1_66' title='bbox 694 747 801 803; x_wconf 77' lang='grc' dir='ltr'>τοῦς</span> <span class='ocrx_word' id='word_1_67' title='bbox 837 751 910 801; x_wconf 86' lang='grc' dir='ltr'>ὑπ’</span> <span class='ocrx_word' id='word_1_68' title='bbox 939 750 1080 802; x_wconf 76' lang='grc' dir='ltr'>αὐτὸν</span> <span class='ocrx_word' id='word_1_69' title='bbox 1111 750 1378 817; x_wconf 81' lang='grc' dir='ltr'>γεγονότας,</span> <span class='ocrx_word' id='word_1_70' title='bbox 1403 750 1479 802; x_wconf 80' lang='grc' dir='ltr'>διὰ</span> <span class='ocrx_word' id='word_1_71' title='bbox 1509 750 1594 815; x_wconf 85' lang='grc' dir='ltr'>τὴν</span> <span class='ocrx_word' id='word_1_72' title='bbox 1625 750 1896 814; x_wconf 77' lang='grc' dir='ltr'>εἰσποιητὸν</span> 
     </span>
     <span class='ocr_line' id='line_1_9' title="bbox 311 828 1895 900; baseline 0.003 -23"><span class='ocrx_word' id='word_1_73' title='bbox 311 828 555 895; x_wconf 85' lang='grc' dir='ltr'>ἁμαρτίαν,</span> <span class='ocrx_word' id='word_1_74' title='bbox 583 832 656 881; x_wconf 77' lang='grc' dir='ltr'>καὶ</span> <span class='ocrx_word' id='word_1_75' title='bbox 692 829 777 895; x_wconf 86' lang='grc' dir='ltr'>τὴν</span> <span class='ocrx_word' id='word_1_76' title='bbox 808 833 856 882; x_wconf 89' lang='grc' dir='ltr'>ἐν</span> <span class='ocrx_word' id='word_1_77' title='bbox 890 834 1055 900; x_wconf 83' lang='grc' dir='ltr'>ἀρχαῖς</span> <span class='ocrx_word' id='word_1_78' title='bbox 1082 839 1165 884; x_wconf 92' lang='grc' dir='ltr'>τοῦ</span> <span class='ocrx_word' id='word_1_79' title='bbox 1190 834 1347 896; x_wconf 83' lang='grc' dir='ltr'>Ἀδὰμ</span> <span class='ocrx_word' id='word_1_80' title='bbox 1369 832 1661 899; x_wconf 81' lang='grc' dir='ltr'>παράβασιν.</span> <span class='ocrx_word' id='word_1_81' title='bbox 1702 832 1895 895; x_wconf 88' lang='grc' dir='ltr'>πεποίη-</span> 
     </span>
     <span class='ocr_line' id='line_1_10' title="bbox 309 909 1893 984; baseline 0.003 -25"><span class='ocrx_word' id='word_1_82' title='bbox 309 931 387 960; x_wconf 89' lang='grc' dir='ltr'>ται</span> <span class='ocrx_word' id='word_1_83' title='bbox 423 909 516 978; x_wconf 83' lang='grc' dir='ltr'>γὰρ</span> <span class='ocrx_word' id='word_1_84' title='bbox 553 911 580 975; x_wconf 84' lang='grc' dir='ltr'>ἡ</span> <span class='ocrx_word' id='word_1_85' title='bbox 614 912 765 964; x_wconf 81' lang='grc' dir='ltr'>τοιάδε</span> <span class='ocrx_word' id='word_1_86' title='bbox 800 913 947 965; x_wconf 81' lang='grc' dir='ltr'>πάλιν</span> <span class='ocrx_word' id='word_1_87' title='bbox 982 915 1256 983; x_wconf 81' lang='grc' dir='ltr'>ὑπόσχεσις,</span> <span class='ocrx_word' id='word_1_88' title='bbox 1283 916 1385 982; x_wconf 77' lang='grc' dir='ltr'>οὐχὶ</span> <span class='ocrx_word' id='word_1_89' title='bbox 1420 913 1547 984; x_wconf 79' lang='grc' dir='ltr'>μόνῳ</span> <span class='ocrx_word' id='word_1_90' title='bbox 1579 917 1645 983; x_wconf 73' lang='grc' dir='ltr'>τῷ</span> <span class='ocrx_word' id='word_1_91' title='bbox 1668 912 1893 981; x_wconf 75' lang='grc' dir='ltr'>Ἐφραῒμ,</span> 
     </span>
     <span class='ocr_line' id='line_1_11' title="bbox 309 991 1964 1063; baseline 0.001 -20"><span class='ocrx_word' id='word_1_92' title='bbox 309 991 457 1057; x_wconf 71' lang='grc' dir='ltr'>ἤγουν</span> <span class='ocrx_word' id='word_1_93' title='bbox 489 998 585 1047; x_wconf 90' lang='grc' dir='ltr'>τοῖς</span> <span class='ocrx_word' id='word_1_94' title='bbox 621 995 677 1063; x_wconf 76' lang='grc' dir='ltr'>ἐξ</span> <span class='ocrx_word' id='word_1_95' title='bbox 711 996 904 1059; x_wconf 82' lang='grc' dir='ltr'>αἵματος</span> <span class='ocrx_word' id='word_1_96' title='bbox 939 996 1156 1063; x_wconf 84' lang='grc' dir='ltr'>Ἰσραὴλ,</span> <span class='ocrx_word' id='word_1_97' title='bbox 1188 995 1340 1049; x_wconf 84' lang='grc' dir='ltr'>ἅπασι</span> <span class='ocrx_word' id='word_1_98' title='bbox 1378 997 1426 1048; x_wconf 84' lang='grc' dir='ltr'>δὲ</span> <span class='ocrx_word' id='word_1_99' title='bbox 1464 1001 1654 1062; x_wconf 82' lang='grc' dir='ltr'>μᾶλλον</span> <span class='ocrx_word' id='word_1_100' title='bbox 1693 1000 1787 1048; x_wconf 90' lang='grc' dir='ltr'>τοῖς</span> <span class='ocrx_word' id='word_1_101' title='bbox 1821 997 1894 1046; x_wconf 79' lang='grc' dir='ltr'>ἐπὶ</span> <span class='ocrx_word' id='word_1_102' title='bbox 1917 1015 1964 1040; x_wconf 85' lang='lat'>10</span> 
     </span>
     <span class='ocr_line' id='line_1_12' title="bbox 90 1077 1891 1147; baseline -0.001 -19"><span class='ocrx_word' id='word_1_103' title='bbox 90 1088 250 1121; x_wconf 78' lang='lat' dir='ltr'>Rom-iii·</span> <span class='ocrx_word' id='word_1_104' title='bbox 309 1077 393 1138; x_wconf 80' lang='grc' dir='ltr'>Τῆς</span> <span class='ocrx_word' id='word_1_105' title='bbox 435 1078 534 1140; x_wconf 82' lang='grc' dir='ltr'>γῆς.</span> <span class='ocrx_word' id='word_1_106' title='bbox 600 1078 662 1130; x_wconf 88' lang='grc' dir='ltr'>ὡς</span> <span class='ocrx_word' id='word_1_107' title='bbox 695 1077 787 1144; x_wconf 78' lang='grc' dir='ltr'>γὰρ</span> <span class='ocrx_word' id='word_1_108' title='bbox 826 1079 850 1129; x_wconf 86' lang='grc' dir='ltr'>ὁ</span> <span class='ocrx_word' id='word_1_109' title='bbox 890 1079 1144 1133; x_wconf 80' lang='grc' dir='ltr'>θεσπέσιος</span> <span class='ocrx_word' id='word_1_110' title='bbox 1175 1078 1349 1147; x_wconf 82' lang='grc' dir='ltr'>γράφει</span> <span class='ocrx_word' id='word_1_111' title='bbox 1376 1083 1572 1132; x_wconf 86' lang='grc' dir='ltr'>Παῦλος</span> <span class='ocrx_word' id='word_1_112' title='bbox 1598 1085 1625 1108; x_wconf 72' lang='lat'>‘⁵</span> <span class='ocrx_word' id='word_1_113' title='bbox 1645 1078 1749 1129; x_wconf 86' lang='grc' dir='ltr'>Οὐκ</span> <span class='ocrx_word' id='word_1_114' title='bbox 1773 1077 1891 1128; x_wconf 91' lang='grc' dir='ltr'>Ἰου-</span> 
     </span>
    </p>
   </div>
   <div class='ocr_carea' id='block_1_3' title="bbox 88 1141 1962 1666">
    <p class='ocr_par' dir='ltr' id='par_1_3' title="bbox 88 1141 1962 1666">
     <span class='ocr_line' id='line_1_13' title="bbox 90 1141 1894 1259; baseline 0.003 -55"><span class='ocrx_word' id='word_1_115' title='bbox 90 1141 142 1174; x_wconf 75' lang='lat'>29,</span> <span class='ocrx_word' id='word_1_116' title='bbox 163 1141 214 1172; x_wconf 68' lang='lat'>3⁰⁰</span> <span class='ocrx_word' id='word_1_117' title='bbox 310 1162 338 1185; x_wconf 76' lang='lat'>‘⁴</span> <span class='ocrx_word' id='word_1_118' title='bbox 365 1157 506 1207; x_wconf 86' lang='grc' dir='ltr'>δαίων</span> <span class='ocrx_word' id='word_1_119' title='bbox 550 1159 574 1209; x_wconf 86' lang='grc' dir='ltr'>ὁ</span> <span class='ocrx_word' id='word_1_120' title='bbox 620 1158 742 1213; x_wconf 69' lang='lat' dir='ltr'>Osos·</span> <span class='ocrx_word' id='word_1_121' title='bbox 785 1159 945 1224; x_wconf 87' lang='grc' dir='ltr'>μόνον,</span> <span class='ocrx_word' id='word_1_122' title='bbox 994 1161 1124 1212; x_wconf 80' lang='grc' dir='ltr'>ἀλλὰ</span> <span class='ocrx_word' id='word_1_123' title='bbox 1162 1184 1238 1212; x_wconf 90' lang='grc' dir='ltr'>και</span> <span class='ocrx_word' id='word_1_124' title='bbox 1275 1164 1434 1213; x_wconf 79' lang='grc' dir='ltr'>ἐθνῶν.</span> <span class='ocrx_word' id='word_1_125' title='bbox 1502 1160 1763 1212; x_wconf 86' lang='grc' dir='ltr'>δεδικαίωκε</span> <span class='ocrx_word' id='word_1_126' title='bbox 1800 1158 1894 1259; x_wconf 77' lang='grc' dir='ltr'>γὰρ</span> 
     </span>
     <span class='ocr_line' id='line_1_14' title="bbox 309 1239 1876 1311; baseline 0.005 -22.255"><span class='ocrx_word' id='word_1_127' title='bbox 309 1239 617 1306; x_wconf 83' lang='grc' dir='ltr'>“περιτομὴν</span> <span class='ocrx_word' id='word_1_128' title='bbox 647 1243 697 1292; x_wconf 89' lang='grc' dir='ltr'>ἐκ</span> <span class='ocrx_word' id='word_1_129' title='bbox 731 1243 949 1306; x_wconf 86' lang='grc' dir='ltr'>πίστεως,</span> <span class='ocrx_word' id='word_1_130' title='bbox 975 1266 1050 1294; x_wconf 90' lang='grc' dir='ltr'>και</span> <span class='ocrx_word' id='word_1_131' title='bbox 1084 1245 1405 1311; x_wconf 79' lang='grc' dir='ltr'>ἀκροβυστίαν</span> <span class='ocrx_word' id='word_1_132' title='bbox 1432 1243 1507 1295; x_wconf 87' lang='grc' dir='ltr'>δια</span> <span class='ocrx_word' id='word_1_133' title='bbox 1538 1246 1620 1307; x_wconf 84' lang='grc' dir='ltr'>τῆς</span> <span class='ocrx_word' id='word_1_134' title='bbox 1643 1242 1876 1296; x_wconf 52' lang='grc' dir='ltr'>πίστεωςῖ</span> 
     </span>
     <span class='ocr_line' id='line_1_15' title="bbox 265 1319 1893 1398; baseline 0.003 -28"><span class='ocrx_word' id='word_1_135' title='bbox 265 1319 600 1388; x_wconf 71' lang='grc' dir='ltr'>ἀλελύτρωται</span> <span class='ocrx_word' id='word_1_136' title='bbox 633 1322 726 1390; x_wconf 78' lang='grc' dir='ltr'>γὰρ</span> <span class='ocrx_word' id='word_1_137' title='bbox 760 1324 882 1388; x_wconf 83' lang='grc' dir='ltr'>ἡμᾶς</span> <span class='ocrx_word' id='word_1_138' title='bbox 919 1326 969 1377; x_wconf 83' lang='grc' dir='ltr'>ἐκ</span> <span class='ocrx_word' id='word_1_139' title='bbox 1005 1349 1147 1397; x_wconf 81' lang='grc' dir='ltr'>χειρος</span> <span class='ocrx_word' id='word_1_140' title='bbox 1181 1323 1302 1398; x_wconf 50' lang='grc' dir='ltr'>ᾅδου,</span> <span class='ocrx_word' id='word_1_141' title='bbox 1332 1349 1587 1388; x_wconf 88' lang='grc' dir='ltr'>τουτεστιν,</span> <span class='ocrx_word' id='word_1_142' title='bbox 1616 1326 1665 1376; x_wconf 88' lang='grc' dir='ltr'>ἐκ</span> <span class='ocrx_word' id='word_1_143' title='bbox 1699 1327 1781 1388; x_wconf 85' lang='grc' dir='ltr'>τῆς</span> <span class='ocrx_word' id='word_1_144' title='bbox 1809 1329 1893 1375; x_wconf 87' lang='grc' dir='ltr'>τοῦ</span> 
     </span>
     <span class='ocr_line' id='line_1_16' title="bbox 310 1402 1962 1475; baseline 0.006 -23"><span class='ocrx_word' id='word_1_145' title='bbox 310 1402 514 1454; x_wconf 80' lang='grc' dir='ltr'>θανάτου</span> <span class='ocrx_word' id='word_1_146' title='bbox 556 1408 964 1471; x_wconf 89' lang='grc' dir='ltr'>καταδυναστείας,</span> <span class='ocrx_word' id='word_1_147' title='bbox 1010 1410 1086 1459; x_wconf 84' lang='grc' dir='ltr'>καὶ</span> <span class='ocrx_word' id='word_1_148' title='bbox 1129 1409 1154 1458; x_wconf 86' lang='grc' dir='ltr'><em>ὁ</em></span> <span class='ocrx_word' id='word_1_149' title='bbox 1204 1411 1287 1472; x_wconf 85' lang='grc' dir='ltr'>τῆς</span> <span class='ocrx_word' id='word_1_150' title='bbox 1331 1408 1611 1475; x_wconf 84' lang='grc' dir='ltr'>λυτρώσεως</span> <span class='ocrx_word' id='word_1_151' title='bbox 1652 1406 1826 1473; x_wconf 87' lang='grc' dir='ltr'>τρόπος</span> <span class='ocrx_word' id='word_1_152' title='bbox 1868 1407 1962 1462; x_wconf 78' lang='grc'>615</span> 
     </span>
     <span class='ocr_line' id='line_1_17' title="bbox 309 1487 1894 1557; baseline 0.003 -23"><span class='ocrx_word' id='word_1_153' title='bbox 309 1487 526 1551; x_wconf 85' lang='grc' dir='ltr'>Χριστοῦ</span> <span class='ocrx_word' id='word_1_154' title='bbox 553 1491 723 1538; x_wconf 88' lang='grc' dir='ltr'>νοεῖται</span> <span class='ocrx_word' id='word_1_155' title='bbox 747 1488 961 1543; x_wconf 83' lang='grc' dir='ltr'>θάνατος.</span> <span class='ocrx_word' id='word_1_156' title='bbox 1030 1489 1203 1554; x_wconf 79' lang='grc' dir='ltr'>ἀνέτλη</span> <span class='ocrx_word' id='word_1_157' title='bbox 1228 1489 1322 1557; x_wconf 78' lang='grc' dir='ltr'>γὰρ</span> <span class='ocrx_word' id='word_1_158' title='bbox 1356 1489 1473 1542; x_wconf 84' lang='grc' dir='ltr'>ἑκὼν</span> <span class='ocrx_word' id='word_1_159' title='bbox 1503 1489 1589 1554; x_wconf 87' lang='grc' dir='ltr'>τὴν</span> <span class='ocrx_word' id='word_1_160' title='bbox 1623 1487 1737 1555; x_wconf 77' lang='grc' dir='ltr'>ὑπὲρ</span> <span class='ocrx_word' id='word_1_161' title='bbox 1762 1488 1894 1552; x_wconf 80' lang='grc' dir='ltr'>ἡμῶν</span> 
     </span>
     <span class='ocr_line' id='line_1_18' title="bbox 88 1567 1893 1666; baseline 0.006 -52"><span class='ocrx_word' id='word_1_162' title='bbox 88 1581 209 1666; x_wconf 56' lang='lat'><strong>?01.151</strong></span> <span class='ocrx_word' id='word_1_163' title='bbox 309 1568 383 1618; x_wconf 81' lang='grc' dir='ltr'>ἐπὶ</span> <span class='ocrx_word' id='word_1_164' title='bbox 421 1567 569 1636; x_wconf 76' lang='grc' dir='ltr'>ξύλου</span> <span class='ocrx_word' id='word_1_165' title='bbox 606 1568 821 1638; x_wconf 86' lang='grc' dir='ltr'>σφαγὴν,</span> <span class='ocrx_word' id='word_1_166' title='bbox 858 1573 933 1622; x_wconf 79' lang='grc' dir='ltr'>καὶ</span> <span class='ocrx_word' id='word_1_167' title='bbox 965 1570 1325 1638; x_wconf 80' lang='grc' dir='ltr'>τεθριάμβευκεν</span> <span class='ocrx_word' id='word_1_168' title='bbox 1363 1571 1512 1640; x_wconf 80' lang='grc' dir='ltr'>ἀρχὰς</span> <span class='ocrx_word' id='word_1_169' title='bbox 1550 1573 1625 1622; x_wconf 77' lang='grc' dir='ltr'>καὶ</span> <span class='ocrx_word' id='word_1_170' title='bbox 1662 1569 1893 1639; x_wconf 80' lang='grc' dir='ltr'>ἐξουσίας,</span> 
     </span>
     <span class='ocr_line' id='line_1_19' title="bbox 110 1636 210 1666; baseline 0.01 -9"><span class='ocrx_word' id='word_1_171' title='bbox 110 1636 141 1666; x_wconf 84' lang='lat'>4,</span> <span class='ocrx_word' id='word_1_172' title='bbox 160 1636 172 1657; x_wconf 92' lang='lat'>1</span> <span class='ocrx_word' id='word_1_173' title='bbox 202 1650 210 1658; x_wconf 90' lang='lat'><strong>.</strong></span> 
     </span>
    </p>
   </div>
   <div class='ocr_carea' id='block_1_4' title="bbox 84 1649 1962 2130">
    <p class='ocr_par' dir='ltr' id='par_1_4' title="bbox 84 1649 1962 2130">
     <span class='ocr_line' id='line_1_20' title="bbox 307 1649 1893 1723; baseline 0.002 -24"><span class='ocrx_word' id='word_1_174' title='bbox 307 1649 638 1715; x_wconf 84' lang='grc' dir='ltr'>προσηλώσας</span> <span class='ocrx_word' id='word_1_175' title='bbox 674 1652 799 1722; x_wconf 74' lang='grc' dir='ltr'>αὐτῷ</span> <span class='ocrx_word' id='word_1_176' title='bbox 836 1651 891 1703; x_wconf 80' lang='grc' dir='ltr'>τὸ</span> <span class='ocrx_word' id='word_1_177' title='bbox 935 1654 1042 1704; x_wconf 87' lang='grc' dir='ltr'>καθ’</span> <span class='ocrx_word' id='word_1_178' title='bbox 1089 1654 1220 1718; x_wconf 84' lang='grc' dir='ltr'>ἡμῶν</span> <span class='ocrx_word' id='word_1_179' title='bbox 1263 1653 1592 1723; x_wconf 87' lang='grc' dir='ltr'>χειρόγραφον.</span> <span class='ocrx_word' id='word_1_180' title='bbox 1657 1652 1761 1704; x_wconf 84' lang='grc' dir='ltr'>τότε</span> <span class='ocrx_word' id='word_1_181' title='bbox 1800 1651 1893 1718; x_wconf 81' lang='grc' dir='ltr'>γὰρ</span> 
     </span>
     <span class='ocr_line' id='line_1_21' title="bbox 84 1728 1891 1818; baseline 0.012 -54"><span class='ocrx_word' id='word_1_182' title='bbox 84 1734 142 1818; x_wconf 52' lang='lat' dir='ltr'>Es.</span> <span class='ocrx_word' id='word_1_183' title='bbox 161 1736 223 1768; x_wconf 74' lang='lat' dir='ltr'><strong>cvi.</strong></span> <span class='ocrx_word' id='word_1_184' title='bbox 307 1728 412 1782; x_wconf 91' lang='grc' dir='ltr'>τότε</span> <span class='ocrx_word' id='word_1_185' title='bbox 453 1737 481 1761; x_wconf 78' lang='grc'><strong><em>“</em></strong></span> <span class='ocrx_word' id='word_1_186' title='bbox 500 1734 575 1783; x_wconf 82' lang='grc' dir='ltr'>καὶ</span> <span class='ocrx_word' id='word_1_187' title='bbox 617 1737 754 1784; x_wconf 82' lang='grc' dir='ltr'>πᾶσα</span> <span class='ocrx_word' id='word_1_188' title='bbox 793 1733 878 1798; x_wconf 80' lang='grc' dir='ltr'>μὲν</span> <span class='ocrx_word' id='word_1_189' title='bbox 922 1736 1089 1799; x_wconf 88' lang='grc' dir='ltr'>ἀνομία</span> <span class='ocrx_word' id='word_1_190' title='bbox 1129 1734 1183 1786; x_wconf 81' lang='grc' dir='ltr'>τὸ</span> <span class='ocrx_word' id='word_1_191' title='bbox 1225 1736 1389 1800; x_wconf 84' lang='grc' dir='ltr'>ἑαυτῆς</span> <span class='ocrx_word' id='word_1_192' title='bbox 1425 1734 1652 1804; x_wconf 77' lang='grc' dir='ltr'>ἐνέφραξε</span> <span class='ocrx_word' id='word_1_193' title='bbox 1692 1732 1891 1798; x_wconf 88' lang='grc' dir='ltr'>στόμα·”</span> 
     </span>
     <span class='ocr_line' id='line_1_22' title="bbox 132 1803 1962 1887; baseline 0.004 -25"><span class='ocrx_word' id='word_1_194' title='bbox 132 1803 139 1810; x_wconf 46' lang='grc'><strong><em>’</em></strong></span> <span class='ocrx_word' id='word_1_195' title='bbox 307 1811 594 1879; x_wconf 86' lang='grc' dir='ltr'>κατήργηται</span> <span class='ocrx_word' id='word_1_196' title='bbox 629 1815 678 1866; x_wconf 79' lang='grc' dir='ltr'>δὲ</span> <span class='ocrx_word' id='word_1_197' title='bbox 711 1817 788 1867; x_wconf 83' lang='grc' dir='ltr'>καὶ</span> <span class='ocrx_word' id='word_1_198' title='bbox 824 1814 879 1868; x_wconf 79' lang='grc' dir='ltr'>τὸ</span> <span class='ocrx_word' id='word_1_199' title='bbox 917 1823 1000 1868; x_wconf 87' lang='grc' dir='ltr'>τοῦ</span> <span class='ocrx_word' id='word_1_200' title='bbox 1038 1817 1242 1869; x_wconf 79' lang='grc' dir='ltr'>θανάτου</span> <span class='ocrx_word' id='word_1_201' title='bbox 1279 1818 1460 1884; x_wconf 82' lang='grc' dir='ltr'>κράτος,</span> <span class='ocrx_word' id='word_1_202' title='bbox 1492 1816 1774 1887; x_wconf 78' lang='grc' dir='ltr'>ἐξῃρημένης</span> <span class='ocrx_word' id='word_1_203' title='bbox 1810 1819 1893 1881; x_wconf 77' lang='grc' dir='ltr'>τῆς</span> <span class='ocrx_word' id='word_1_204' title='bbox 1913 1836 1962 1862; x_wconf 90' lang='lat'>20</span> 
     </span>
     <span class='ocr_line' id='line_1_23' title="bbox 307 1895 1893 1967; baseline 0.004 -23"><span class='ocrx_word' id='word_1_205' title='bbox 307 1895 551 1961; x_wconf 83' lang='grc' dir='ltr'>ἁμαρτίας·</span> <span class='ocrx_word' id='word_1_206' title='bbox 594 1897 711 1962; x_wconf 82' lang='grc' dir='ltr'>αὕτη</span> <span class='ocrx_word' id='word_1_207' title='bbox 743 1897 837 1965; x_wconf 82' lang='grc' dir='ltr'>γάρ</span> <span class='ocrx_word' id='word_1_208' title='bbox 869 1901 1001 1950; x_wconf 89' lang='grc' dir='ltr'>ἐστιν</span> <span class='ocrx_word' id='word_1_209' title='bbox 1033 1900 1062 1964; x_wconf 87' lang='grc' dir='ltr'><strong><em>ἡ</em></strong></span> <span class='ocrx_word' id='word_1_210' title='bbox 1095 1906 1179 1951; x_wconf 91' lang='grc' dir='ltr'>τοῦ</span> <span class='ocrx_word' id='word_1_211' title='bbox 1206 1899 1386 1953; x_wconf 79' lang='grc' dir='ltr'>θοινοίτου</span> <span class='ocrx_word' id='word_1_212' title='bbox 1420 1903 1523 1963; x_wconf 77' lang='grc' dir='ltr'>νίκη,</span> <span class='ocrx_word' id='word_1_213' title='bbox 1550 1898 1704 1950; x_wconf 80' lang='grc' dir='ltr'>καὶτὸ</span> <span class='ocrx_word' id='word_1_214' title='bbox 1735 1897 1893 1967; x_wconf 77' lang='grc' dir='ltr'>κέντρον</span> 
     </span>
     <span class='ocr_line' id='line_1_24' title="bbox 307 1974 1892 2082; baseline 0.003 -54"><span class='ocrx_word' id='word_1_215' title='bbox 307 1982 390 2028; x_wconf 90' lang='grc' dir='ltr'>τοῦ</span> <span class='ocrx_word' id='word_1_216' title='bbox 415 1974 537 2048; x_wconf 58' lang='grc' dir='ltr'>ᾅδου.</span> <span class='ocrx_word' id='word_1_217' title='bbox 605 1980 726 2030; x_wconf 80' lang='grc' dir='ltr'>οὕτω</span> <span class='ocrx_word' id='word_1_218' title='bbox 761 2003 836 2031; x_wconf 90' lang='grc' dir='ltr'>και</span> <span class='ocrx_word' id='word_1_219' title='bbox 870 1982 895 2031; x_wconf 85' lang='grc' dir='ltr'>ὁ</span> <span class='ocrx_word' id='word_1_220' title='bbox 928 1979 1084 2051; x_wconf 91' lang='grc' dir='ltr'>σοφος</span> <span class='ocrx_word' id='word_1_221' title='bbox 1116 1982 1226 2047; x_wconf 84' lang='grc' dir='ltr'>ἡμῖν</span> <span class='ocrx_word' id='word_1_222' title='bbox 1249 1981 1511 2049; x_wconf 84' lang='grc' dir='ltr'>ἡρμήνευσε</span> <span class='ocrx_word' id='word_1_223' title='bbox 1539 1985 1748 2035; x_wconf 87' lang='grc' dir='ltr'>Παῦλος.</span> <span class='ocrx_word' id='word_1_224' title='bbox 1782 1981 1892 2082; x_wconf 81' lang='grc' dir='ltr'>ε”φη</span> 
     </span>
     <span class='ocr_line' id='line_1_25' title="bbox 89 2057 1892 2130; baseline 0.003 -22"><span class='ocrx_word' id='word_1_225' title='bbox 89 2074 102 2095; x_wconf 92' lang='lat'>1</span> <span class='ocrx_word' id='word_1_226' title='bbox 123 2066 200 2098; x_wconf 81' lang='lat' dir='ltr'><strong>Cor.</strong></span> <span class='ocrx_word' id='word_1_227' title='bbox 270 2057 416 2126; x_wconf 69' lang='grc' dir='ltr'>Θγόιρ,</span> <span class='ocrx_word' id='word_1_228' title='bbox 441 2083 513 2111; x_wconf 91' lang='grc' dir='ltr'>οτι</span> <span class='ocrx_word' id='word_1_229' title='bbox 552 2067 579 2090; x_wconf 85' lang='grc'><strong>“</strong></span> <span class='ocrx_word' id='word_1_230' title='bbox 598 2060 670 2112; x_wconf 86' lang='grc' dir='ltr'>Τὸ</span> <span class='ocrx_word' id='word_1_231' title='bbox 709 2060 758 2112; x_wconf 83' lang='grc' dir='ltr'>δε</span> <span class='ocrx_word' id='word_1_232' title='bbox 792 2062 981 2130; x_wconf 83' lang='grc' dir='ltr'>κέντρον</span> <span class='ocrx_word' id='word_1_233' title='bbox 1018 2069 1101 2115; x_wconf 91' lang='grc' dir='ltr'>τοῦ</span> <span class='ocrx_word' id='word_1_234' title='bbox 1140 2063 1343 2116; x_wconf 81' lang='grc' dir='ltr'>θανάτου</span> <span class='ocrx_word' id='word_1_235' title='bbox 1380 2067 1511 2115; x_wconf 82' lang='grc' dir='ltr'>ἐστὶν</span> <span class='ocrx_word' id='word_1_236' title='bbox 1548 2064 1576 2128; x_wconf 86' lang='grc' dir='ltr'>ἡ</span> <span class='ocrx_word' id='word_1_237' title='bbox 1615 2062 1832 2130; x_wconf 83' lang='grc' dir='ltr'>ἁμαρτια,</span> <span class='ocrx_word' id='word_1_238' title='bbox 1863 2063 1892 2127; x_wconf 85' lang='grc' dir='ltr'>ἡ</span> 
     </span>
    </p>
   </div>
   <div class='ocr_carea' id='block_1_5' title="bbox 84 2110 1893 2211">
    <p class='ocr_par' dir='ltr' id='par_1_5' title="bbox 84 2110 1893 2211">
     <span class='ocr_line' id='line_1_26' title="bbox 84 2110 1893 2211; baseline 0.004 -20"><span class='ocrx_word' id='word_1_239' title='bbox 84 2110 208 2151; x_wconf 79' lang='lat' dir='ltr'><strong>xv.56</strong></span> <span class='ocrx_word' id='word_1_240' title='bbox 310 2147 338 2170; x_wconf 74' lang='lat'>‘⁶</span> <span class='ocrx_word' id='word_1_241' title='bbox 361 2140 411 2192; x_wconf 81' lang='grc' dir='ltr'>δὲ</span> <span class='ocrx_word' id='word_1_242' title='bbox 449 2141 640 2207; x_wconf 80' lang='grc' dir='ltr'>δύναμις</span> <span class='ocrx_word' id='word_1_243' title='bbox 677 2146 760 2208; x_wconf 83' lang='grc' dir='ltr'>τῆς</span> <span class='ocrx_word' id='word_1_244' title='bbox 797 2145 1025 2211; x_wconf 83' lang='grc' dir='ltr'>ἁμαρτίας</span> <span class='ocrx_word' id='word_1_245' title='bbox 1056 2146 1081 2196; x_wconf 83' lang='grc' dir='ltr'>ὁ</span> <span class='ocrx_word' id='word_1_246' title='bbox 1108 2146 1287 2210; x_wconf 82' lang='grc' dir='ltr'>νόμος.”</span> <span class='ocrx_word' id='word_1_247' title='bbox 1353 2147 1519 2197; x_wconf 83' lang='grc' dir='ltr'>οὐκοῦν</span> <span class='ocrx_word' id='word_1_248' title='bbox 1551 2148 1634 2210; x_wconf 84' lang='grc' dir='ltr'>τῆς</span> <span class='ocrx_word' id='word_1_249' title='bbox 1671 2144 1893 2198; x_wconf 76' lang='grc' dir='ltr'>ἁπάντων</span> 
     </span>
    </p>
   </div>
   <div class='ocr_carea' id='block_1_6' title="bbox 2013 229 2021 1951">
    <p class='ocr_par' dir='ltr' id='par_1_6' title="bbox 2013 229 2021 1951">
     <span class='ocr_line' id='line_1_27' title="bbox 2013 229 2021 1951; textangle 90"><span class='ocrx_word' id='word_1_250' title='bbox 2013 1939 2016 1951; x_wconf 83' lang='grc'>-</span> <span class='ocrx_word' id='word_1_251' title='bbox 2013 1921 2015 1932; x_wconf 29' lang='grc' dir='ltr'>μ</span> <span class='ocrx_word' id='word_1_252' title='bbox 2013 1902 2016 1906; x_wconf 77' lang='grc'>.</span> <span class='ocrx_word' id='word_1_253' title='bbox 2013 1870 2016 1886; x_wconf 55' lang='lat'>&lt;-</span> <span class='ocrx_word' id='word_1_254' title='bbox 2013 1827 2016 1861; x_wconf 74' lang='lat'>-.</span> <span class='ocrx_word' id='word_1_255' title='bbox 2013 1677 2017 1820; x_wconf 37' lang='lat' dir='ltr'>⁴—A&lt;---</span> <span class='ocrx_word' id='word_1_256' title='bbox 2013 1072 2021 1668; x_wconf 53' lang='lat' dir='ltr'>——v—*wwmffl</span> <span class='ocrx_word' id='word_1_257' title='bbox 2014 934 2021 1064; x_wconf 49' lang='lat' dir='ltr'>..1-m‘2-</span> <span class='ocrx_word' id='word_1_258' title='bbox 2015 918 2021 926; x_wconf 56' lang='lat'><em>2</em></span> <span class='ocrx_word' id='word_1_259' title='bbox 2014 851 2021 909; x_wconf 46' lang='grc' dir='ltr'>,ιε</span> <span class='ocrx_word' id='word_1_260' title='bbox 2015 811 2021 843; x_wconf 53' lang='grc' dir='ltr'>,Δ</span> <span class='ocrx_word' id='word_1_261' title='bbox 2014 717 2021 803; x_wconf 43' lang='grc' dir='ltr'>’,αι-ι</span> <span class='ocrx_word' id='word_1_262' title='bbox 2014 242 2021 709; x_wconf 48' lang='grc' dir='ltr'>.Λυ-ι“ιι-μ“ε-»ΔΜ</span> <span class='ocrx_word' id='word_1_263' title='bbox 2020 229 2021 233; x_wconf 32' lang='grc' dir='ltr'><em>Α</em></span> 
     </span>
    </p>
   </div>
   <div class='ocr_carea' id='block_1_7' title="bbox 310 2225 1960 2298">
    <p class='ocr_par' dir='ltr' id='par_1_7' title="bbox 310 2225 2014 2307">
     <span class='ocr_line' id='line_1_28' title="bbox 310 2225 1960 2298; baseline 0.003 -24"><span class='ocrx_word' id='word_1_264' title='bbox 310 2225 539 2292; x_wconf 83' lang='grc' dir='ltr'>ἁμαρτίας</span> <span class='ocrx_word' id='word_1_265' title='bbox 576 2227 864 2295; x_wconf 79' lang='grc' dir='ltr'>ἀνῃρημένης</span> <span class='ocrx_word' id='word_1_266' title='bbox 903 2229 952 2278; x_wconf 88' lang='grc' dir='ltr'>ἐν</span> <span class='ocrx_word' id='word_1_267' title='bbox 995 2232 1207 2298; x_wconf 72' lang='grc' dir='ltr'>Χριστῷ,</span> <span class='ocrx_word' id='word_1_268' title='bbox 1253 2229 1456 2298; x_wconf 87' lang='grc' dir='ltr'>φαίημεν</span> <span class='ocrx_word' id='word_1_269' title='bbox 1496 2227 1554 2279; x_wconf 81' lang='grc' dir='ltr'>ἂν</span> <span class='ocrx_word' id='word_1_270' title='bbox 1593 2227 1779 2282; x_wconf 75' lang='grc' dir='ltr'>εἰκότως</span> <span class='ocrx_word' id='word_1_271' title='bbox 1816 2230 1891 2279; x_wconf 78' lang='grc' dir='ltr'>καὶ</span> <span class='ocrx_word' id='word_1_272' title='bbox 1911 2246 1960 2285; x_wconf 87' lang='lat'>25</span> 
     </span>
    </p>
   </div>
   <div class='ocr_carea' id='block_1_8' title="bbox 309 2307 1888 2382">
    <p class='ocr_par' dir='ltr' id='par_1_8' title="bbox 309 2307 1888 2382">
     <span class='ocr_line' id='line_1_29' title="bbox 309 2307 1888 2382; baseline 0.003 -25"><span class='ocrx_word' id='word_1_273' title='bbox 309 2307 439 2371; x_wconf 82' lang='grc' dir='ltr'>ἡμεῖς</span> <span class='ocrx_word' id='word_1_274' title='bbox 469 2308 602 2359; x_wconf 81' lang='grc' dir='ltr'>αὐτοί</span> <span class='ocrx_word' id='word_1_275' title='bbox 629 2311 720 2360; x_wconf 73' lang='grc' dir='ltr'>Ποῦ</span> <span class='ocrx_word' id='word_1_276' title='bbox 750 2311 772 2370; x_wconf 80' lang='grc' dir='ltr'><em>ἦ</em></span> <span class='ocrx_word' id='word_1_277' title='bbox 803 2311 892 2370; x_wconf 83' lang='grc' dir='ltr'>νίκη</span> <span class='ocrx_word' id='word_1_278' title='bbox 927 2334 1003 2361; x_wconf 80' lang='grc' dir='ltr'>σου</span> <span class='ocrx_word' id='word_1_279' title='bbox 1041 2309 1227 2372; x_wconf 59' lang='lat' dir='ltr'>Ocima-23</span> <span class='ocrx_word' id='word_1_280' title='bbox 1267 2336 1354 2364; x_wconf 84' lang='grc' dir='ltr'>που</span> <span class='ocrx_word' id='word_1_281' title='bbox 1386 2312 1432 2363; x_wconf 70' lang='grc' dir='ltr'>τὶ</span> <span class='ocrx_word' id='word_1_282' title='bbox 1473 2310 1628 2380; x_wconf 67' lang='grc' dir='ltr'>κέντρον</span> <span class='ocrx_word' id='word_1_283' title='bbox 1662 2335 1738 2362; x_wconf 78' lang='grc' dir='ltr'>σου</span> <span class='ocrx_word' id='word_1_284' title='bbox 1776 2308 1888 2382; x_wconf 64' lang='grc' dir='ltr'>ᾅδης</span> 
     </span>
    </p>
   </div>
   <div class='ocr_carea' id='block_1_9' title="bbox 86 2388 1959 2950">
    <p class='ocr_par' dir='ltr' id='par_1_9' title="bbox 86 2388 1890 2477">
     <span class='ocr_line' id='line_1_30' title="bbox 86 2388 1890 2477; baseline 0.003 -39"><span class='ocrx_word' id='word_1_285' title='bbox 86 2393 190 2477; x_wconf 45' lang='lat'>{3123</span> <span class='ocrx_word' id='word_1_286' title='bbox 311 2395 338 2418; x_wconf 77' lang='lat'>‘⁶</span> <span class='ocrx_word' id='word_1_287' title='bbox 355 2388 475 2444; x_wconf 81' lang='grc' dir='ltr'>Θεὸς</span> <span class='ocrx_word' id='word_1_288' title='bbox 504 2389 598 2456; x_wconf 78' lang='grc' dir='ltr'>γὰρ</span> <span class='ocrx_word' id='word_1_289' title='bbox 624 2391 650 2441; x_wconf 84' lang='grc' dir='ltr'><strong>ὁ</strong></span> <span class='ocrx_word' id='word_1_290' title='bbox 681 2394 880 2454; x_wconf 82' lang='grc' dir='ltr'>δικαιῶν,</span> <span class='ocrx_word' id='word_1_291' title='bbox 911 2393 980 2446; x_wconf 88' lang='grc' dir='ltr'>τίς</span> <span class='ocrx_word' id='word_1_292' title='bbox 1006 2394 1031 2443; x_wconf 83' lang='grc' dir='ltr'>ὁ</span> <span class='ocrx_word' id='word_1_293' title='bbox 1056 2393 1344 2459; x_wconf 88' lang='grc' dir='ltr'>κατακρίνων</span> <span class='ocrx_word' id='word_1_294' title='bbox 1359 2415 1372 2456; x_wconf 84' lang='lat'>3</span> <span class='ocrx_word' id='word_1_295' title='bbox 1415 2391 1628 2459; x_wconf 77' lang='grc' dir='ltr'>Χριστὸς</span> <span class='ocrx_word' id='word_1_296' title='bbox 1652 2391 1839 2458; x_wconf 85' lang='grc' dir='ltr'>Ἰησοῦς</span> <span class='ocrx_word' id='word_1_297' title='bbox 1864 2393 1890 2443; x_wconf 84' lang='grc' dir='ltr'>ὁ</span> 
     </span>
    </p>

    <p class='ocr_par' dir='ltr' id='par_1_10' title="bbox 89 2448 1891 2554">
     <span class='ocr_line' id='line_1_31' title="bbox 89 2448 1891 2554; baseline 0.002 -33"><span class='ocrx_word' id='word_1_298' title='bbox 89 2488 157 2554; x_wconf 43' lang='lat'>{41</span> <span class='ocrx_word' id='word_1_299' title='bbox 195 2448 224 2478; x_wconf 68' lang='grc'>3</span> <span class='ocrx_word' id='word_1_300' title='bbox 310 2477 338 2500; x_wconf 89' lang='grc'><strong>“</strong></span> <span class='ocrx_word' id='word_1_301' title='bbox 354 2471 629 2524; x_wconf 80' lang='grc' dir='ltr'>ἀποθανὼν”</span> <span class='ocrx_word' id='word_1_302' title='bbox 659 2471 775 2540; x_wconf 75' lang='grc' dir='ltr'>ὑπὲρ</span> <span class='ocrx_word' id='word_1_303' title='bbox 800 2474 943 2538; x_wconf 80' lang='grc' dir='ltr'>ἡμῶν,</span> <span class='ocrx_word' id='word_1_304' title='bbox 969 2479 1160 2539; x_wconf 81' lang='grc' dir='ltr'>μᾶλλον</span> <span class='ocrx_word' id='word_1_305' title='bbox 1180 2475 1228 2527; x_wconf 82' lang='grc' dir='ltr'>δὲ</span> <span class='ocrx_word' id='word_1_306' title='bbox 1250 2483 1276 2505; x_wconf 86' lang='grc'><strong>“</strong></span> <span class='ocrx_word' id='word_1_307' title='bbox 1293 2475 1400 2530; x_wconf 74' lang='grc' dir='ltr'>δοὺς</span> <span class='ocrx_word' id='word_1_308' title='bbox 1426 2474 1590 2527; x_wconf 82' lang='grc' dir='ltr'>ἑαυτὸν</span> <span class='ocrx_word' id='word_1_309' title='bbox 1614 2475 1891 2540; x_wconf 88' lang='grc' dir='ltr'>ἀντίλυτρον</span> 
     </span>
    </p>

    <p class='ocr_par' dir='ltr' id='par_1_11' title="bbox 87 2536 1959 2710">
     <span class='ocr_line' id='line_1_32' title="bbox 87 2536 1890 2627; baseline 0.006 -30"><span class='ocrx_word' id='word_1_310' title='bbox 87 2566 122 2598; x_wconf 78' lang='lat' dir='ltr'>ii.</span> <span class='ocrx_word' id='word_1_311' title='bbox 140 2536 204 2599; x_wconf 81' lang='lat' dir='ltr'>6lm</span> <span class='ocrx_word' id='word_1_312' title='bbox 309 2559 338 2583; x_wconf 72' lang='lat'>‘⁶</span> <span class='ocrx_word' id='word_1_313' title='bbox 354 2554 468 2621; x_wconf 82' lang='grc' dir='ltr'>ὑπὲρ</span> <span class='ocrx_word' id='word_1_314' title='bbox 502 2554 733 2620; x_wconf 82' lang='grc' dir='ltr'>πάντων,”</span> <span class='ocrx_word' id='word_1_315' title='bbox 770 2555 833 2610; x_wconf 75' lang='grc' dir='ltr'>εἷς</span> <span class='ocrx_word' id='word_1_316' title='bbox 871 2558 896 2608; x_wconf 85' lang='grc' dir='ltr'><em>ὁ</em></span> <span class='ocrx_word' id='word_1_317' title='bbox 930 2557 1121 2609; x_wconf 83' lang='grc' dir='ltr'>πάντων</span> <span class='ocrx_word' id='word_1_318' title='bbox 1158 2558 1419 2627; x_wconf 78' lang='grc' dir='ltr'>ἀξιώτερος,</span> <span class='ocrx_word' id='word_1_319' title='bbox 1459 2557 1513 2609; x_wconf 86' lang='grc' dir='ltr'>δι’</span> <span class='ocrx_word' id='word_1_320' title='bbox 1551 2557 1604 2609; x_wconf 79' lang='grc' dir='ltr'>οὗ</span> <span class='ocrx_word' id='word_1_321' title='bbox 1650 2558 1724 2608; x_wconf 76' lang='grc' dir='ltr'>καὶ</span> <span class='ocrx_word' id='word_1_322' title='bbox 1765 2558 1814 2608; x_wconf 87' lang='grc' dir='ltr'>ἐν</span> <span class='ocrx_word' id='word_1_323' title='bbox 1851 2554 1890 2626; x_wconf 77' lang='grc' dir='ltr'><em>ᾧ</em></span> 
     </span>
     <span class='ocr_line' id='line_1_33' title="bbox 309 2637 1959 2710; baseline 0.002 -23"><span class='ocrx_word' id='word_1_324' title='bbox 309 2637 698 2702; x_wconf 89' lang='grc' dir='ltr'>πεπλουτήκαμεν</span> <span class='ocrx_word' id='word_1_325' title='bbox 726 2637 780 2689; x_wconf 85' lang='grc' dir='ltr'>τὸ</span> <span class='ocrx_word' id='word_1_326' title='bbox 811 2640 1129 2708; x_wconf 86' lang='grc' dir='ltr'>ἀναφοιτῆσαι</span> <span class='ocrx_word' id='word_1_327' title='bbox 1159 2641 1307 2692; x_wconf 85' lang='grc' dir='ltr'>πάλιν</span> <span class='ocrx_word' id='word_1_328' title='bbox 1340 2644 1402 2694; x_wconf 82' lang='grc' dir='ltr'>εἷς</span> <span class='ocrx_word' id='word_1_329' title='bbox 1433 2640 1721 2710; x_wconf 84' lang='grc' dir='ltr'>ἀφθαρσίαν.</span> <span class='ocrx_word' id='word_1_330' title='bbox 1908 2653 1959 2690; x_wconf 83' lang='grc'>30</span> 
     </span>
    </p>

    <p class='ocr_par' dir='ltr' id='par_1_12' title="bbox 357 2759 1885 2853">
     <span class='ocr_line' id='line_1_34' title="bbox 357 2759 1885 2853; baseline 0.005 -61"><span class='ocrx_word' id='word_1_331' title='bbox 357 2770 389 2803; x_wconf 84' lang='grc'>3.</span> <span class='ocrx_word' id='word_1_332' title='bbox 415 2759 467 2805; x_wconf 85' lang='grc' dir='ltr'>τε]</span> <span class='ocrx_word' id='word_1_333' title='bbox 487 2776 519 2795; x_wconf 89' lang='grc' dir='ltr'>τι</span> <span class='ocrx_word' id='word_1_334' title='bbox 537 2762 629 2797; x_wconf 86' lang='lat' dir='ltr'><strong>Edd.</strong></span> <span class='ocrx_word' id='word_1_335' title='bbox 850 2772 902 2853; x_wconf 63' lang='lat'>714.</span> <span class='ocrx_word' id='word_1_336' title='bbox 909 2763 1120 2810; x_wconf 82' lang='grc' dir='ltr'>εἷσποίητον]</span> <span class='ocrx_word' id='word_1_337' title='bbox 1142 2764 1188 2800; x_wconf 83' lang='grc' dir='ltr'>εἷς</span> <span class='ocrx_word' id='word_1_338' title='bbox 1204 2765 1343 2809; x_wconf 85' lang='grc' dir='ltr'>ποιητὴν</span> <span class='ocrx_word' id='word_1_339' title='bbox 1360 2764 1419 2800; x_wconf 84' lang='lat' dir='ltr'><strong>iid.</strong></span> <span class='ocrx_word' id='word_1_340' title='bbox 1654 2776 1706 2799; x_wconf 89' lang='lat'>12.</span> <span class='ocrx_word' id='word_1_341' title='bbox 1731 2767 1834 2809; x_wconf 86' lang='grc' dir='ltr'>μόνον</span> <span class='ocrx_word' id='word_1_342' title='bbox 1850 2765 1885 2800; x_wconf 92' lang='lat' dir='ltr'>b.</span> 
     </span>
    </p>

    <p class='ocr_par' dir='ltr' id='par_1_13' title="bbox 309 2806 1885 2855">
     <span class='ocr_line' id='line_1_35' title="bbox 309 2806 1885 2855; baseline 0.005 -17"><span class='ocrx_word' id='word_1_343' title='bbox 309 2806 418 2848; x_wconf 89' lang='grc' dir='ltr'>μόνων</span> <span class='ocrx_word' id='word_1_344' title='bbox 437 2807 482 2840; x_wconf 86' lang='lat' dir='ltr'>D.</span> <span class='ocrx_word' id='word_1_345' title='bbox 502 2808 593 2842; x_wconf 91' lang='lat' dir='ltr'><strong>Edd.</strong></span> <span class='ocrx_word' id='word_1_346' title='bbox 884 2823 917 2853; x_wconf 99' lang='lat'>4.</span> <span class='ocrx_word' id='word_1_347' title='bbox 942 2811 1008 2855; x_wconf 85' lang='grc' dir='ltr'>γὰρ</span> <span class='ocrx_word' id='word_1_348' title='bbox 1026 2811 1073 2844; x_wconf 92' lang='lat' dir='ltr'>D.</span> <span class='ocrx_word' id='word_1_349' title='bbox 1085 2810 1121 2845; x_wconf 90' lang='lat' dir='ltr'>b.</span> <span class='ocrx_word' id='word_1_350' title='bbox 1141 2811 1176 2845; x_wconf 79' lang='grc' dir='ltr'>δὲ</span> <span class='ocrx_word' id='word_1_351' title='bbox 1195 2811 1287 2845; x_wconf 87' lang='lat' dir='ltr'><strong>Edd.</strong></span> <span class='ocrx_word' id='word_1_352' title='bbox 1557 2820 1611 2854; x_wconf 85' lang='lat'>15.</span> <span class='ocrx_word' id='word_1_353' title='bbox 1637 2812 1834 2848; x_wconf 82' lang='grc' dir='ltr'>δυναστείας</span> <span class='ocrx_word' id='word_1_354' title='bbox 1852 2812 1885 2846; x_wconf 90' lang='lat' dir='ltr'>b.</span> 
     </span>
    </p>

    <p class='ocr_par' dir='ltr' id='par_1_14' title="bbox 313 2851 1887 2904">
     <span class='ocr_line' id='line_1_36' title="bbox 313 2851 1887 2904; baseline 0.006 -21"><span class='ocrx_word' id='word_1_355' title='bbox 313 2860 365 2895; x_wconf 92' lang='lat'>17.</span> <span class='ocrx_word' id='word_1_356' title='bbox 392 2851 512 2904; x_wconf 78' lang='grc' dir='ltr'>ξύλου]</span> <span class='ocrx_word' id='word_1_357' title='bbox 533 2855 656 2897; x_wconf 80' lang='grc' dir='ltr'>ξύλους</span> <span class='ocrx_word' id='word_1_358' title='bbox 674 2855 764 2891; x_wconf 89' lang='lat' dir='ltr'><strong>Edd.</strong></span> <span class='ocrx_word' id='word_1_359' title='bbox 935 2868 987 2902; x_wconf 92' lang='lat'>19.</span> <span class='ocrx_word' id='word_1_360' title='bbox 1014 2857 1147 2903; x_wconf 82' lang='grc' dir='ltr'>ἑαυτῆς]</span> <span class='ocrx_word' id='word_1_361' title='bbox 1168 2858 1206 2901; x_wconf 77' lang='grc' dir='ltr'>ἐξ</span> <span class='ocrx_word' id='word_1_362' title='bbox 1223 2859 1323 2902; x_wconf 82' lang='grc' dir='ltr'>αὐτῆς</span> <span class='ocrx_word' id='word_1_363' title='bbox 1340 2858 1400 2894; x_wconf 78' lang='lat' dir='ltr'><strong>iid.</strong></span> <span class='ocrx_word' id='word_1_364' title='bbox 1568 2869 1623 2892; x_wconf 92' lang='lat'>21.</span> <span class='ocrx_word' id='word_1_365' title='bbox 1650 2857 1737 2904; x_wconf 87' lang='grc' dir='ltr'>νίκη]</span> <span class='ocrx_word' id='word_1_366' title='bbox 1758 2857 1830 2902; x_wconf 86' lang='grc' dir='ltr'>δίκη</span> <span class='ocrx_word' id='word_1_367' title='bbox 1847 2864 1887 2893; x_wconf 82' lang='lat' dir='ltr'>ut</span> 
     </span>
    </p>

    <p class='ocr_par' dir='ltr' id='par_1_15' title="bbox 309 2903 1884 2950">
     <span class='ocr_line' id='line_1_37' title="bbox 309 2903 1884 2950; baseline 0.006 -20"><span class='ocrx_word' id='word_1_368' title='bbox 309 2908 415 2941; x_wconf 85' lang='lat' dir='ltr'>supra</span> <span class='ocrx_word' id='word_1_369' title='bbox 432 2910 467 2932; x_wconf 87' lang='lat' dir='ltr'>m</span> <span class='ocrx_word' id='word_1_370' title='bbox 484 2906 582 2935; x_wconf 85' lang='lat' dir='ltr'>textu</span> <span class='ocrx_word' id='word_1_371' title='bbox 602 2903 648 2936; x_wconf 95' lang='lat' dir='ltr'>D.</span> <span class='ocrx_word' id='word_1_372' title='bbox 857 2915 913 2948; x_wconf 82' lang='lat'>23.</span> <span class='ocrx_word' id='word_1_373' title='bbox 938 2906 976 2938; x_wconf 89' lang='grc' dir='ltr'>τὸ</span> <span class='ocrx_word' id='word_1_374' title='bbox 994 2903 1047 2950; x_wconf 77' lang='grc' dir='ltr'>δέ]</span> <span class='ocrx_word' id='word_1_375' title='bbox 1067 2905 1144 2939; x_wconf 86' lang='grc' dir='ltr'>τόδε</span> <span class='ocrx_word' id='word_1_376' title='bbox 1162 2905 1351 2941; x_wconf 80' lang='lat' dir='ltr'><strong>Aubertus.</strong></span> <span class='ocrx_word' id='word_1_377' title='bbox 1558 2905 1613 2940; x_wconf 89' lang='lat'>26.</span> <span class='ocrx_word' id='word_1_378' title='bbox 1639 2905 1727 2949; x_wconf 84' lang='grc' dir='ltr'>νίκη]</span> <span class='ocrx_word' id='word_1_379' title='bbox 1746 2905 1818 2948; x_wconf 85' lang='grc' dir='ltr'>δίκη</span> <span class='ocrx_word' id='word_1_380' title='bbox 1837 2905 1884 2940; x_wconf 85' lang='lat' dir='ltr'>D.</span> 
     </span>
    </p>
   </div>
   <div class='ocr_carea' id='block_1_10' title="bbox 310 2946 940 2995">
    <p class='ocr_par' dir='ltr' id='par_1_16' title="bbox 310 2946 940 2995">
     <span class='ocr_line' id='line_1_38' title="bbox 310 2946 940 2995; baseline 0.013 -18"><span class='ocrx_word' id='word_1_381' title='bbox 310 2953 368 2989; x_wconf 88' lang='lat'>27</span> <span class='ocrx_word' id='word_1_382' title='bbox 394 2946 412 2978; x_wconf 94' lang='grc' dir='ltr'>ὁ</span> <span class='ocrx_word' id='word_1_383' title='bbox 429 2946 582 2990; x_wconf 86' lang='lat' dir='ltr'>primum</span> <span class='ocrx_word' id='word_1_384' title='bbox 600 2955 821 2995; x_wconf 85' lang='lat' dir='ltr'><strong>assumptum</strong></span> <span class='ocrx_word' id='word_1_385' title='bbox 838 2962 879 2985; x_wconf 86' lang='lat' dir='ltr'>ex</span> <span class='ocrx_word' id='word_1_386' title='bbox 894 2951 940 2985; x_wconf 91' lang='lat' dir='ltr'>D.</span> 
     </span>
    </p>
   </div>
  </div>
 </body>
</html>
