2021 3434
95 207 153 232 m
177 206 215 246 9.
530 194 602 234 IN
644 194 923 235 JOELEM.
983 192 1132 233 TOM.
1178 192 1238 233 Π.
1585 192 1667 230 353

95 299 231 352 Θεός.
298 302 371 351 καὶ
409 307 524 367 γοῦν
549 302 638 371 ἐφη
662 300 873 369 Χριστός
900 309 926 331 “
941 303 1002 352 Ὁ
1034 299 1226 367 οὐρανὸς
1263 301 1339 350 καὶ
1375 299 1404 363 ἡ
1442 301 1503 365 γῆ
1540 321 1665 365 παρ·
1728 310 1888 341 SMatth-

96 388 122 411 “
147 380 399 433 ελεύσεται
441 387 481 433 οἱ
507 384 555 434 δὲ
581 384 718 450 λόγοι
743 407 832 447 μου
858 385 910 434 οὗ
934 381 997 446 μὴ
1023 382 1312 448 παρελθωσι.
1315 380 1339 396 ”
1730 355 1816 384 mv
1835 362 1888 392 3⁵·

170 465 263 514 Καὶ
291 467 421 515 ταυτὶ
457 464 539 527 μὲν
564 469 823 532 ὶστορικῶς·
867 469 902 516 εἰ
935 465 982 515 δὲ
1015 464 1070 528 δή
1109 487 1176 518 τις
1217 462 1370 514 ἕλοιτο
1407 466 1707 528 περιαθρεΐνε

93 543 153 595 τὰ
189 546 491 609 πνευματικὰ,
520 550 595 598 καὶ
632 553 726 599 τῶν
760 547 1082 614 κεκρυμμένων
1121 547 1517 610 ἀναπίμπλασθαι
1557 568 1664 608 νοη-

55 649 76 686 5
94 628 269 692 μάτων,
309 630 518 695 ἐννοήσει
558 635 717 694 πάλιν,
760 631 830 682 ὅτι
880 632 954 681 καὶ
999 628 1249 693 Ἑλλήνων
1288 631 1448 682 παῖδες
1489 632 1529 678 οἱ
1571 632 1671 682 ταῖς

95 709 502 780 δοκη[σι]σοφίαις
535 713 903 782 ἐξωφρυωμένοι,
935 715 1010 762 καὶ
1038 710 1132 775 μὴν
1164 713 1239 760 καὶ
1277 711 1491 775 αἱρετικοὶ
1518 715 1667 761 πολυ-

93 793 287 847 πλόκοις
326 793 506 857 ἀπάτης
541 793 770 860 εὑρήμασι
808 793 861 844 τὸ
901 796 1048 843 δοκεῖν
1081 815 1124 843 τι
1163 793 1337 859 σφισιν
1367 792 1520 844 αὐτοῖς
1554 793 1671 842 ἀπο-

95 875 322 939 νέμοντες,
346 876 641 945 ἀποφέρουσι
678 880 772 927 τῶν
810 873 1148 941 ἁπλουστέρων
1178 872 1305 926 τινὰς
1339 875 1421 936 τῆς
1458 874 1598 938 ὀρθῆς
1624 896 1672 923 τε

95 959 169 1007 καὶ
206 955 458 1020 ἀμωμήτου
498 959 715 1020 πίστεως,
750 958 805 1022 ἧς
843 955 900 1007 ἂν
940 956 1085 1023 ἔχοιεν
1122 954 1251 1020 παρὰ
1291 957 1428 1017 Θεοῦ,
1467 956 1541 1005 καὶ
1580 958 1673 1008 τοῖς

31 1061 78 1086 10
94 1036 286 1105 βρόχοις
317 1041 398 1102 τῆς
433 1040 613 1105 ἀποίτης
647 1040 873 1092 ἐνδέοντες
906 1039 1168 1105 μονονουχὶ,
1195 1039 1271 1087 καὶ
1309 1038 1356 1086 ἐν
1394 1036 1675 1102 δορικτήτων

94 1122 234 1190 μοίρᾳ
276 1121 518 1184 λαβόντες,
558 1121 891 1188 ἀποκομίζουσι
933 1125 1027 1171 τῶν
1069 1123 1150 1183 τῆς
1197 1119 1415 1183 ἀληθείας
1454 1119 1575 1185 ὅρων
1614 1122 1713 1174 ὡςει
1740 1135 1822 1168 238
1843 1133 1894 1167 A.

97 1203 331 1256 ἀποτάτω.
415 1207 526 1256 ἀλλ’
572 1205 597 1257 ὅ
647 1229 700 1272 γε
751 1211 845 1257 τῶν
896 1205 1022 1257 ὅλων
1066 1203 1186 1258 Θεὸς
1231 1204 1471 1270 ἄπρακτον
1523 1204 1676 1257 αὐτοῖς

96 1289 345 1356 ἀποφαίνει
370 1287 455 1352 τὴν
481 1290 775 1356 κακουργίαν,
802 1291 877 1340 καὶ
909 1287 1068 1352 ἀνίησι
1097 1285 1182 1350 μὲν
1207 1285 1313 1340 τοὺς
1343 1287 1675 1350 ἠπατημένους,

97 1368 202 1424 τοὺς
229 1370 276 1421 δε
303 1374 396 1421 τῶν
422 1371 767 1436 ἀπατησάντων
794 1370 911 1422 κατὰ
942 1371 1150 1435 μάθησιν
1177 1367 1286 1424 υἱοὺς
1319 1368 1552 1434 προσάγει
1582 1374 1678 1422 τοῖς

33 1471 79 1510 15
98 1452 154 1521 εξ
175 1450 330 1504 Ἰουδοι
372 1457 574 1517 νοηθεῖεν
609 1455 646 1505 δ’
684 1452 741 1504 ἀν
768 1454 892 1504 οῦτοι
923 1451 1070 1505 πάλιν
1108 1475 1149 1502 οι
1191 1451 1436 1503 θεσπεσιοι
1460 1454 1677 1515 μαθηται,

98 1537 172 1586 καὶ
200 1558 306 1586 οσοι
336 1534 390 1586 τὸ
417 1539 631 1603 Χριστοῦ
658 1542 866 1587 λαλοῦσι
897 1534 1171 1601 μυστήριον
1214 1537 1255 1584 οἱ
1295 1532 1343 1584 δὲ
1381 1536 1462 1597 τῆς
1497 1534 1678 1583 ἐκείνων

98 1617 281 1682 πλάνης
318 1617 713 1681 ἀπαλλάττοντες,
747 1622 809 1672 εἷς
846 1617 997 1682 καλήν
1035 1640 1083 1668 τε
1123 1620 1197 1668 καὶ
1236 1615 1516 1685 ἀξιέραστον
1553 1617 1675 1666 ἀπο-

100 1698 298 1767 φέρουσι
346 1701 573 1763 δουλείαν,
624 1700 709 1765 τὴν
760 1700 849 1752 ὑπὸ
898 1701 1096 1769 Χριστῷ
1160 1697 1392 1763 δηλονότι,
1445 1699 1519 1748 καὶ
1582 1696 1678 1747 οἷον

100 1782 426 1849 αἰχμαλώτους
469 1781 742 1849 ἁρπάζουσι,
780 1782 1098 1847 μετατιθέντες
1143 1783 1204 1834 εἰς
1244 1779 1330 1843 τὴν
1366 1780 1540 1831 ἑαυτῶν
1581 1777 1722 1849 ἕξινῖ)

34 1890 82 1915 20
100 1887 149 1915 τε
192 1866 267 1914 καὶ
311 1864 515 1930 γνώμην,
551 1863 580 1929 ἢ
620 1867 702 1929 τῆς
742 1865 923 1916 ἐκείνων
962 1865 1091 1914 ἐστὶν
1129 1862 1362 1914 ἀποτάτω.
1425 1860 1550 1913 πολῦ
1585 1863 1678 1927 γὰρ

99 1944 153 1997 τὸ
178 1946 356 2015 μεταξὺ
389 1949 471 2010 τῆς
504 1947 692 2013 γνώμης
727 1970 775 1998 τε
809 1951 903 1998 τῶν
937 1947 1096 2011 ἁγίων,
1124 1947 1197 1996 καὶ
1229 1947 1309 2008 τῆς
1341 1948 1434 1994 τῶν
1459 1943 1679 1994 τοιούτων

102 2030 279 2095 ὁρᾶται.
344 2028 532 2094 λέγεται
566 2028 614 2079 δὲ
648 2031 722 2079 καὶ
753 2030 778 2079 ὁ
809 2027 1021 2095 Χριστὸς
1056 2026 1161 2081 τοὺς
1199 2028 1247 2077 ἐκ
1284 2029 1366 2090 τῆς
1395 2027 1679 2089 Ἑλληνικῆς

101 2109 284 2174 ἀπάτης
322 2113 384 2164 εἷς
419 2109 503 2174 τὴν
529 2111 785 2177 ἐπίγνωσιν
820 2116 902 2161 τοῦ
936 2108 1055 2161 κατὰ
1082 2108 1229 2177 φύσιν
1257 2112 1380 2159 Θεοῦ
1405 2130 1671 2172 μετενηνεγ-

102 2192 266 2257 μένους
302 2195 362 2246 ὡς
403 2193 735 2261 αἰχμαλώτους
775 2195 912 2244 ἑλεῖν.
969 2192 1059 2261 ἔφη
1086 2190 1179 2257 γὰρ
1205 2192 1229 2241 ὁ
1255 2189 1478 2256 μακάριος
1506 2190 1680 2240 Δαυείδ

1740 2271 1795 2302 Ps.
1808 2271 1896 2301 lxvii.

104 2282 130 2304 <a
152 2274 363 2336 Ἀναβὰς
414 2279 475 2328 εἰς
521 2275 643 2344 ὕψος
693 2275 1071 2343 ᾑχμαλώτευσας
1114 2272 1460 2341 αἰχμαλωσίαν,
1512 2271 1680 2331 ἔλαβες
1745 2325 1793 2357 19-

103 2364 130 2387 ιι
197 2356 207 2370 ’
381 2358 390 2372 ’
463 2359 473 2373 ’
589 2357 600 2372 ’
731 2358 754 2373 ”

156 2359 336 2421 δοματα
368 2380 416 2408 εν
448 2361 725 2423 ανθρωποις.

106 2574 320 2631 ΚΗρύὲατε
356 2578 484 2617 ταῦτα
525 2576 569 2616 ὲν
612 2573 700 2617 τοῖς
739 2576 913 2626 ἔθνεσιν,
950 2575 1151 2622 ‹is-[dome
1201 2574 1402 2623 Πόλεμον,
1439 2572 1720 2654 ἐξετείρατε9

167 2660 266 2700 τοὺς
313 2660 516 2715 μαχΗτὰε,
564 2661 852 2717 ΠροσαΓάΓετε
907 2660 975 2699 καὶ
1022 2658 1270 2708 ἀναβαίνετε
1319 2658 1473 2698 Πάντες
1527 2657 1719 2714 ἅνδρεοο

153 2819 184 2849 1,
198 2819 228 2842 2.
249 2809 380 2843 Haec‘
365 2824 382 2842 ο
399 2809 550 2860 οὐρανὸς.
557 2809 609 2842 καὶ
627 2808 645 2851 ἡ
663 2810 705 2853 γῆ
723 2807 969 2853 παρελεύσεται
989 2814 1021 2841 et
1039 2807 1075 2841 δὲ
1092 2812 1312 2841 accesserunt
1329 2818 1369 2840 ex
1383 2805 1425 2839 Β.
1522 2806 1554 2839 6.
1583 2806 1680 2849 δοκη-

103 2854 326 2900 [σι]σοφιάις]
348 2855 403 2889 Sic
422 2855 554 2890 correxi
572 2862 650 2901 post
664 2855 797 2912 Migne.
817 2854 1040 2899 δοκησοφίαις
1057 2854 1104 2888 D.
1119 2853 1210 2888 Edd.
1289 2864 1342 2887 10.
1362 2851 1570 2897 δορυκτὴτων
1588 2853 1679 2887 Edd.

108 2913 161 2936 12.
187 2902 295 2936 αὐτῶν
312 2901 370 2935 iid.
593 2913 648 2936 20.
673 2900 691 2945 ἣ
711 2901 825 2947 τῆς]”
804 2916 875 2946 ητις
892 2901 948 2935 iid.
1182 2911 1235 2952 ²3:
1261 2901 1320 2944 τὴν
1337 2906 1558 2944 assumptum
1576 2912 1616 2934 ex
1636 2900 1679 2934 B.

107 2959 162 2991 24.
187 2949 347 2993 μακάριος
363 2949 507 2983 accessit
523 2960 564 2983 ex
583 2948 626 2983 B.
851 2959 906 2991 25.
932 2947 1220 2993 ᾐχμαλώτευσεν
1214 2947 1272 2982 lid.
1321 2945 1462 2992 ἔλαβες]
1481 2947 1603 2981 δεδωκε
1619 2947 1679 2981 ud.

108 2994 162 3029 26.
189 2997 259 3031 τοῖς
276 3007 339 3040 pro
357 2995 391 3030 ἐν
408 2995 467 3031 iid.

163 3062 254 3090 VOL.
277 3063 304 3090 Ι.
859 3063 880 3089 Ζ
901 3065 921 3089 Ζ
