2021 3434
117 183 142 224 i.
170 196 202 223 1.
603 185 677 226 IN
717 185 914 226 AMOS.
975 185 1127 225 TOM.
1171 185 1206 224 I.
1608 182 1690 221 373

116 297 268 348 αὐτοῖς
297 298 523 361 ἀτονῆσαι
551 304 695 365 χεῖρα,
723 299 797 348 καὶ
828 300 910 361 τῆς
944 303 1026 348 τοῦ
1053 300 1178 348 Θεοῦ
1209 295 1350 364 δόξης
1375 289 1692 343 κατανεανιεύ-

114 381 250 428 εσθαι
275 377 614 445 τεθαρσήκασι.
681 382 756 431 καὶ
789 384 904 446 γοῦν
937 377 1243 443 ἠσθενηκότες
1273 380 1314 427 οἱ
1347 374 1507 440 Σύροι,
1536 371 1693 440 βραχὺ

112 466 475 525 πολιορκοῦντος
519 461 785 526 Σαμάρειαν
832 467 915 512 τοῦ
948 461 1111 527 ”Αδερ,
1155 458 1401 527 πρόφασιν
1451 460 1691 508 ἐποιοῦντο

1754 535 1872 574 3Reg.

1754 579 1819 609 xxi.
1842 587 1891 615 23.

114 543 197 604 τῆς
239 543 516 610 κακανδριάς
565 545 647 594 οῦκ
688 546 842 607 ἀληθῆ
893 542 1109 609 λε’γοντες
1160 549 1187 571 ‘⁶
1208 540 1328 594 Θεὸς
1378 539 1521 607 ὀρέων
1572 536 1692 591 Θεὸς

71 629 143 677 5“
168 622 367 689 Ἰσραὴλ
402 627 476 675 καὶ
514 627 615 691 οὐχὶ
655 624 774 678 Θεὸς
812 623 1089 675 κοιλάδων.”
1152 621 1299 691 ᾤοντο
1333 621 1426 688 γὰρ
1462 620 1532 671 ὅτι
1570 641 1689 670 νενι-
1711 637 1732 663 0

115 705 315 767 κήκασιν
350 708 390 755 οἱ
425 706 477 774 ἐξ
500 705 719 771 Ἰσραὴλ,
760 708 808 756 ἐν
838 704 994 770 μόνοις
1026 710 1121 758 τοῖς
1159 702 1370 771 ὅρεσινῆ
1402 705 1476 753 καὶ
1515 704 1562 752 ἐν
1599 705 1695 754 τοῖς

116 792 301 847 βουνοῖς
339 788 592 850 δυναμένου
632 787 798 853 σώζειν
840 792 980 839 Θεοῦ.
1046 787 1282 851 ἡττήμεθα
1320 785 1376 848 δὴ
1415 785 1495 834 οὖν
1531 785 1696 851 φασιν,

117 868 186 919 ὅτι
222 867 342 921 Θεὸς
377 869 521 934 ὀρέων
556 869 676 923 Θεὸς
707 869 924 937 Ἰσραήλ·
967 874 1002 920 εἷ
1047 869 1095 919 δὲ
1138 868 1195 932 δὴ
1234 867 1414 933 γε’νοιτο
1452 869 1698 916 συνελθεῖν

117 954 180 1004 εἷς
211 949 368 1018 μοῖχην
402 954 449 1002 ἐν
482 954 654 1006 πεδίοις
690 952 1012 1020 ἐψιλωμένοις,
1038 949 1350 1016 περιεσόμεθα
1386 947 1572 1001 πάντως
1611 948 1694 998 αὑ-

52 1055 99 1079 10
117 1037 225 1095 τῶν,
262 1035 536 1088 ἀτονοῦντος
574 1037 622 1085 ἐν
662 1034 853 1085 κοιλάσι
889 1039 971 1084 τοῦ
1011 1037 1136 1084 Θεοῦ
1161 1032 1374 1098 Ἰσραήλ·
1414 1031 1701 1095 Ἑλληνικῆς

119 1113 167 1165 δὲ
204 1121 352 1165 ταῦτα
395 1117 770 1183 φρενοβλαβείας
811 1115 1099 1181 ἐγκλήματα,
1144 1117 1219 1165 καὶ
1262 1118 1356 1165 τῶν
1395 1113 1476 1163 οὐκ
1515 1112 1702 1163 εἰδότων

119 1199 201 1250 τὸν
252 1201 407 1265 ἀληθῆ
457 1204 531 1251 καὶ
581 1200 725 1269 φύσει
774 1200 898 1252 Θεὸν
948 1199 1270 1267 ἁθυροστομιά
1318 1197 1454 1262 δεινή.
1537 1198 1702 1247 οὐκοῦν

119 1282 368 1347 ἠγανάκτει
414 1283 533 1333 κατὰ
576 1288 669 1334 τῶν
714 1283 1022 1351 ἀλλοφύλων,
1066 1283 1142 1333 καὶ
1190 1280 1382 1350 σφόδρα
1433 1280 1630 1342 εἰκότως,
1676 1281 1746 1329 ὀᾶ

118 1364 273 1416 πάντα
300 1365 478 1433 ἰσχύων
504 1365 637 1428 Θεὸς,
663 1366 733 1417 ὅτι
767 1368 842 1416 καὶ
875 1369 1101 1428 νικῶντες,
1128 1367 1188 1419 ὡς
1222 1365 1353 1432 ἔφην,
1379 1362 1461 1414 τὸν
1486 1361 1700 1427 Ἰσραὴλ,

56 1461 101 1500 15
120 1452 215 1501 τοῖς
267 1448 394 1501 ἰδίοις
445 1442 563 1502 θεοῖς
613 1450 822 1512 ἀνῆπτον
873 1447 931 1498 τὰ
983 1446 1279 1516 χαριστήρια,
1329 1448 1403 1496 καὶ
1451 1449 1702 1511 ληροῦντες

120 1529 267 1599 ᾤοντο
298 1533 372 1581 καὶ
411 1532 552 1582 αὐτοῦ
588 1533 821 1596 κρατῆσαι
860 1534 996 1582 Θεοῦ.
1058 1528 1302 1596 προϊόντος
1337 1527 1385 1578 δὲ
1420 1533 1502 1578 τοῦ
1541 1533 1701 1593 καιροῦ

120 1611 236 1674 μετὰ
262 1611 346 1676 τὴν
371 1619 454 1663 τοῦ
479 1612 671 1680 Ἀχαάβ
695 1613 963 1674 βασιλείαν,
991 1614 1065 1663 καὶ
1097 1612 1263 1678 ἑτέρων
1289 1614 1427 1661 τινῶν
1452 1609 1527 1660 διὰ
1552 1609 1701 1673 μέσου

121 1697 195 1744 καὶ
229 1695 440 1764 καθεξῆς,
479 1696 796 1746 ἀναδείκνυται
831 1693 1061 1756 βασιλεὺς
1094 1696 1167 1745 ἐπὶ
1205 1692 1288 1744 τὸν
1317 1691 1519 1759 Ἰσραὴλ
1556 1694 1603 1742 ἐν
1641 1695 1699 1760 τῇ

123 1779 360 1847 Σαμαρείᾳ
385 1776 630 1843 Ἱεροβοὰμ
661 1778 812 1844 ἕτερος
843 1776 972 1844 παρὰ
997 1777 1078 1828 τὸν
1104 1780 1305 1843 πρῶτον,
1334 1774 1382 1829 ὸς
1407 1773 1464 1839 ἧν
1488 1780 1571 1825 τοῦ
1599 1777 1701 1825 Να-

0 1902 2 1906 ,
56 1878 103 1903 20
121 1860 228 1922 βὰτ,
252 1857 382 1924 πλὴν
406 1860 648 1924 ὁμώνυμος
673 1861 826 1930 ἐκείνῳ
853 1862 928 1910 καὶ
954 1858 1242 1925 ὁμογνώμων
1266 1859 1341 1908 καὶ
1366 1855 1623 1921 δυσσεβής.

194 1943 334 1993 Ἀλλ’
368 1945 414 1993 ἐν
450 1948 544 1997 τοῖς
582 1942 766 2010 χρόνοις
800 1945 882 2006 τῆς
918 1943 1059 1992 αὐτοῦ
1093 1940 1342 2002 βασιλείας
1375 1939 1500 2004 ἠλέει
1532 1936 1701 1990 λοιπὸν

123 2025 148 2074 ὁ
197 2025 535 2092 φιλοικτίρμων
585 2024 706 2078 Θεὸς
756 2023 981 2094 ἀφορήτῳ
1031 2024 1326 2092 ταλαιπωρίᾳ
1376 2021 1695 2089 κατηχθισμέ-
1718 2045 1739 2071 e

124 2129 202 2157 νον
251 2105 333 2157 τὸν
382 2106 597 2174 Ἰσραὴλ,
648 2107 898 2174 ἠλευθέρου
953 2129 1003 2157 τε
1061 2110 1155 2156 τῶν
1206 2105 1363 2156 πόνων
1414 2103 1488 2154 διὰ
1549 2103 1702 2170 χειρὸς

122 2188 368 2254 Ἱεροβοάμ
404 2190 551 2240 καίτοι
584 2195 791 2256 πονηροῦ
831 2188 905 2240 καὶ
943 2187 1217 2240 ἀποστάτου
1256 2187 1365 2237 λίαν
1396 2185 1700 2253 ὑπάρχοντος.

57 2286 104 2324 25
124 2272 464 2338 κατηνδρίσατο
508 2271 600 2338 γὰρ
651 2273 771 2322 οὕτω
822 2276 916 2322 τῶν
959 2270 1269 2338 ἀλλοφύλων,
1314 2271 1376 2322 ὡς
1420 2269 1495 2318 καὶ
1541 2266 1704 2322 πόλεις·

123 2355 230 2419 παρ’
258 2353 440 2404 ἐκείνων
471 2353 843 2416 ἀπεσπασμένας
875 2355 923 2403 ἐν
956 2357 1129 2418 καιροῖς
1160 2351 1402 2413 βασιλέων
1427 2354 1520 2400 τῶν
1543 2372 1702 2420 παρῳ-

125 2435 336 2503 χηκότων
388 2437 769 2498 ἀνακομίσασθαι
818 2435 978 2496 πάλιν,
1028 2436 1103 2485 καὶ
1155 2437 1250 2486 τοῖς
1300 2432 1427 2485 ἰδίοις
1467 2433 1702 2483 ὑποθεῖναι

172 2595 205 2629 3.
229 2582 506 2628 πολιορκοῦντος]
527 2584 788 2626 πολεμοῦντος”
771 2598 818 2616 ετι
835 2584 894 2626 τὴν
911 2583 954 2616 A.
1327 2594 1361 2623 4.
1388 2582 1473 2616 Θεὸς
1489 2582 1547 2615 alt.
1567 2593 1637 2616 om.
1656 2582 1700 2616 A.

125 2640 159 2675 5.
185 2630 393 2674 νενικήκασιν
409 2630 453 2664 A.
473 2630 549 2664 Cat.
569 2630 606 2663 in
623 2642 644 2672 4
663 2629 764 2664 Libb.
786 2629 834 2663 Re
819 2642 896 2674 0gg.
915 2630 1071 2673 ἐνίκησαν
1089 2629 1181 2663 Edd.
1350 2628 1383 2661 6.
1410 2629 1462 2662 καὶ
1480 2635 1701 2673 assumptum

125 2689 167 2710 ex
185 2678 228 2711 A.
235 2677 276 2710 Β
297 2677 373 2710 Cat.
507 2677 540 2709 8.
567 2675 634 2721 ὅτι]
653 2680 690 2716 -ξ-
705 2677 744 2719 δὴ
763 2676 854 2710 Edd.
869 2677 987 2710 invitis
1006 2676 1181 2710 omnibus.
1231 2674 1351 2720 ὀρέων]
1377 2680 1414 2715 -ξ-
1435 2677 1452 2708 ὁ
1472 2674 1563 2709 Edd.
1581 2676 1700 2710 invitis

128 2723 170 2758 B.
190 2724 266 2757 Cat.
455 2734 488 2766 9.
514 2723 622 2756 αὐτῶν
638 2729 858 2767 assumptum
876 2735 917 2756 ex
937 2724 978 2757 A.
1170 2733 1222 2756 12.
1253 2721 1376 2767 φυσει]
1397 2722 1478 2755 κατὰ
1496 2721 1604 2766 φύσιν
1622 2721 1699 2757 Cat.

125 2771 208 2804 κατὰ
225 2769 331 2826 φύσει
349 2769 437 2814 (sic)
458 2769 544 2803 Cod.
565 2768 646 2803 Cois
650 2770 671 2803 l.
690 2781 759 2803 vul.
780 2769 855 2803 Cat.
874 2769 1018 2803 eandem
1037 2770 1229 2802 continens.
1404 2780 1457 2813 13.
1483 2767 1699 2813 ἦγανάκτηκε,

125 2818 167 2850 τὰ
184 2828 246 2861 pro
265 2815 438 2861 ἠγανάκτει
456 2816 536 2849 κατὰ
553 2816 597 2849 A.
791 2827 842 2860 19.
867 2815 1061 2861 Ἱεροβοὰμ]
1085 2820 1122 2856 -Ι-
1143 2818 1160 2849 ὁ
1178 2818 1237 2849 τοῦ
1252 2815 1346 2850 Ἰωὰς
1363 2815 1454 2849 Edd.
1473 2815 1590 2850 Invitis
1607 2818 1650 2850 A.
1656 2816 1699 2850 B.

127 2865 292 2906 πρότερον
310 2874 372 2907 pro
387 2866 521 2907 πρῶτον
538 2862 572 2896 b.
957 2874 1010 2897 22.
1038 2860 1320 2908 κατηχθισμὲνον]
1341 2862 1589 2917 κατηχθημένον
1607 2863 1699 2897 Edd.

130 2921 184 2953 25.
212 2910 453 2953 κατηνδρίσατο
471 2911 513 2942 A.
533 2909 794 2952 κατηνδρίσαντο
813 2909 903 2944 Edd.
1234 2909 1288 2943 26.
1313 2911 1414 2956 καιρῷ
1434 2921 1496 2954 pro
1514 2911 1638 2954 καιροῖς
1658 2910 1699 2944 Β.

131 2956 253 2990 Statim
271 2957 450 2996 βασιλείας
466 2967 529 3001 pro
544 2957 720 2995 βασιλέων
737 2957 779 2990 A.
1063 2967 1116 3001 27.
1142 2955 1329 3001 ἱποθεῖναι]
1348 2944 1405 2990 Sic
1425 2956 1465 2991 B.
1485 2962 1517 2990 et
1534 2957 1637 3000 (corr.
1660 2969 1701 2991 ex

131 3003 236 3046 ἱνποθη
249 3030 255 3037 .
271 3031 277 3038 .
292 3004 357 3045 ναι)
376 3003 418 3036 A.
438 3003 634 3046 ι”ποτεθῆναι
653 3002 743 3037 Edd.
