<?xml version="1.0" encoding="UTF-8"?>
<!DOCTYPE html PUBLIC "-//W3C//DTD XHTML 1.0 Transitional//EN"
    "http://www.w3.org/TR/xhtml1/DTD/xhtml1-transitional.dtd">
<html xmlns="http://www.w3.org/1999/xhtml" xml:lang="en" lang="en">
 <head>
  <title>
</title>
<meta http-equiv="Content-Type" content="text/html;charset=utf-8" />
  <meta name='ocr-system' content='tesseract 3.04.00' />
  <meta name='ocr-capabilities' content='ocr_page ocr_carea ocr_par ocr_line ocrx_word'/>
</head>
<body>
  <div class='ocr_page' id='page_1' title='image "./operacyrilli01cyriuoft/operacyrilli01cyriuoft_0653.png"; bbox 0 0 2021 3434; ppageno 0'>
   <div class='ocr_carea' id='block_1_1' title="bbox 119 212 1692 273">
    <p class='ocr_par' dir='ltr' id='par_1_1' title="bbox 119 212 1692 273">
     <span class='ocr_line' id='line_1_1' title="bbox 119 212 1692 273; baseline 0.013 -21"><span class='ocrx_word' id='word_1_1' title='bbox 119 212 144 252; x_wconf 90' lang='lat' dir='ltr'>i.</span> <span class='ocrx_word' id='word_1_2' title='bbox 169 226 206 255; x_wconf 86' lang='lat'>2.</span> <span class='ocrx_word' id='word_1_3' title='bbox 518 218 592 260; x_wconf 95' lang='lat' dir='ltr'>IN</span> <span class='ocrx_word' id='word_1_4' title='bbox 634 221 1021 267; x_wconf 88' lang='lat' dir='ltr'><strong>MICHAEAM.</strong></span> <span class='ocrx_word' id='word_1_5' title='bbox 1082 227 1231 269; x_wconf 88' lang='grc' dir='ltr'>ΤΟΜ.</span> <span class='ocrx_word' id='word_1_6' title='bbox 1267 229 1302 269; x_wconf 88' lang='grc' dir='ltr'>Ι.</span> <span class='ocrx_word' id='word_1_7' title='bbox 1611 233 1692 273; x_wconf 90' lang='lat'>603</span> 
     </span>
    </p>
   </div>
   <div class='ocr_carea' id='block_1_2' title="bbox 113 322 1692 489">
    <p class='ocr_par' dir='ltr' id='par_1_2' title="bbox 113 322 1692 489">
     <span class='ocr_line' id='line_1_2' title="bbox 116 322 1692 403; baseline 0.013 -32"><span class='ocrx_word' id='word_1_8' title='bbox 116 322 164 372; x_wconf 86' lang='grc' dir='ltr'>ἐν</span> <span class='ocrx_word' id='word_1_9' title='bbox 203 322 398 389; x_wconf 79' lang='grc' dir='ltr'>ὁράματι</span> <span class='ocrx_word' id='word_1_10' title='bbox 439 329 578 393; x_wconf 78' lang='grc' dir='ltr'>λέγω,</span> <span class='ocrx_word' id='word_1_11' title='bbox 619 331 776 386; x_wconf 83' lang='grc' dir='ltr'>δεδιὼς</span> <span class='ocrx_word' id='word_1_12' title='bbox 815 333 899 398; x_wconf 88' lang='grc' dir='ltr'>τὴν</span> <span class='ocrx_word' id='word_1_13' title='bbox 938 335 1148 399; x_wconf 76' lang='grc' dir='ltr'>ἔκβασιν,</span> <span class='ocrx_word' id='word_1_14' title='bbox 1192 339 1453 403; x_wconf 78' lang='grc' dir='ltr'>ἀναγκαίως</span> <span class='ocrx_word' id='word_1_15' title='bbox 1496 345 1692 391; x_wconf 83' lang='grc' dir='ltr'>ποιεῖται</span> 
     </span>
     <span class='ocr_line' id='line_1_3' title="bbox 113 403 1539 489; baseline 0.013 -35"><span class='ocrx_word' id='word_1_16' title='bbox 113 403 219 458; x_wconf 74' lang='grc' dir='ltr'>τοὺς</span> <span class='ocrx_word' id='word_1_17' title='bbox 245 405 416 473; x_wconf 79' lang='grc' dir='ltr'>λόγους</span> <span class='ocrx_word' id='word_1_18' title='bbox 441 414 542 481; x_wconf 80' lang='grc' dir='ltr'>περί</span> <span class='ocrx_word' id='word_1_19' title='bbox 564 434 611 462; x_wconf 91' lang='grc' dir='ltr'>τε</span> <span class='ocrx_word' id='word_1_20' title='bbox 638 416 719 476; x_wconf 88' lang='grc' dir='ltr'>τῆς</span> <span class='ocrx_word' id='word_1_21' title='bbox 745 418 1006 484; x_wconf 76' lang='grc' dir='ltr'>Σαμαρείας</span> <span class='ocrx_word' id='word_1_22' title='bbox 1036 423 1112 469; x_wconf 68' lang='grc' dir='ltr'>καὶ</span> <span class='ocrx_word' id='word_1_23' title='bbox 1140 418 1215 478; x_wconf 63' lang='grc' dir='ltr'>τῆς</span> <span class='ocrx_word' id='word_1_24' title='bbox 1240 419 1539 489; x_wconf 77' lang='grc' dir='ltr'>Ἰερουσαλήμ.</span> 
     </span>
    </p>
   </div>
   <div class='ocr_carea' id='block_1_3' title="bbox 105 663 1724 822">
    <p class='ocr_par' dir='ltr' id='par_1_3' title="bbox 105 663 1724 822">
     <span class='ocr_line' id='line_1_4' title="bbox 105 663 1724 734; baseline 0.013 -31"><span class='ocrx_word' id='word_1_25' title='bbox 105 663 339 708; x_wconf 81' lang='grc' dir='ltr'>Ἀκούσατε</span> <span class='ocrx_word' id='word_1_26' title='bbox 375 671 472 710; x_wconf 73' lang='grc' dir='ltr'>λαοὶ</span> <span class='ocrx_word' id='word_1_27' title='bbox 508 672 664 714; x_wconf 70' lang='grc' dir='ltr'>Πάντες</span> <span class='ocrx_word' id='word_1_28' title='bbox 701 675 864 727; x_wconf 64' lang='grc' dir='ltr'>λοι-ους,</span> <span class='ocrx_word' id='word_1_29' title='bbox 898 678 965 718; x_wconf 72' lang='grc' dir='ltr'>καὶ</span> <span class='ocrx_word' id='word_1_30' title='bbox 1002 682 1247 734; x_wconf 79' lang='grc' dir='ltr'>Προσεχέτω</span> <span class='ocrx_word' id='word_1_31' title='bbox 1284 681 1307 720; x_wconf 62' lang='grc' dir='ltr'><em>ἡ</em></span> <span class='ocrx_word' id='word_1_32' title='bbox 1349 685 1395 727; x_wconf 60' lang='lat' dir='ltr'>UT*</span> <span class='ocrx_word' id='word_1_33' title='bbox 1432 681 1499 722; x_wconf 74' lang='grc' dir='ltr'>καὶ</span> <span class='ocrx_word' id='word_1_34' title='bbox 1530 684 1684 724; x_wconf 71' lang='grc' dir='ltr'>πάντες</span> <span class='ocrx_word' id='word_1_35' title='bbox 1706 701 1724 724; x_wconf 90' lang='lat'><strong>2</strong></span> 
     </span>
     <span class='ocr_line' id='line_1_5' title="bbox 176 746 1685 822; baseline 0.013 -34"><span class='ocrx_word' id='word_1_36' title='bbox 176 746 214 788; x_wconf 75' lang='lat' dir='ltr'>oi</span> <span class='ocrx_word' id='word_1_37' title='bbox 251 749 295 790; x_wconf 83' lang='grc' dir='ltr'>ἐν</span> <span class='ocrx_word' id='word_1_38' title='bbox 333 752 453 809; x_wconf 60' lang='grc' dir='ltr'>αὐτῷ,</span> <span class='ocrx_word' id='word_1_39' title='bbox 487 753 555 794; x_wconf 77' lang='grc' dir='ltr'>καὶ</span> <span class='ocrx_word' id='word_1_40' title='bbox 592 756 708 797; x_wconf 76' lang='grc' dir='ltr'>ἔσται</span> <span class='ocrx_word' id='word_1_41' title='bbox 748 758 896 814; x_wconf 73' lang='grc' dir='ltr'>Κύριος</span> <span class='ocrx_word' id='word_1_42' title='bbox 929 761 950 801; x_wconf 86' lang='grc' dir='ltr'>ὁ</span> <span class='ocrx_word' id='word_1_43' title='bbox 984 760 1091 802; x_wconf 72' lang='grc' dir='ltr'>Θεὸς</span> <span class='ocrx_word' id='word_1_44' title='bbox 1128 762 1173 803; x_wconf 80' lang='grc' dir='ltr'>ἐν</span> <span class='ocrx_word' id='word_1_45' title='bbox 1211 760 1304 811; x_wconf 76' lang='grc' dir='ltr'>ὑμῖν</span> <span class='ocrx_word' id='word_1_46' title='bbox 1344 762 1403 804; x_wconf 75' lang='lat' dir='ltr'>cic</span> <span class='ocrx_word' id='word_1_47' title='bbox 1439 766 1685 822; x_wconf 80' lang='grc' dir='ltr'>μαρτύριον,</span> 
     </span>
    </p>
   </div>
   <div class='ocr_carea' id='block_1_4' title="bbox 68 829 891 888">
    <p class='ocr_par' dir='ltr' id='par_1_4' title="bbox 68 829 891 888">
     <span class='ocr_line' id='line_1_6' title="bbox 68 829 891 888; baseline 0.015 -17"><span class='ocrx_word' id='word_1_48' title='bbox 68 833 90 871; x_wconf 91' lang='grc'>5</span> <span class='ocrx_word' id='word_1_49' title='bbox 179 829 326 888; x_wconf 71' lang='grc' dir='ltr'>Κύριος</span> <span class='ocrx_word' id='word_1_50' title='bbox 357 833 401 877; x_wconf 72' lang='grc' dir='ltr'>ἐξ</span> <span class='ocrx_word' id='word_1_51' title='bbox 440 833 559 877; x_wconf 81' lang='grc' dir='ltr'>οῖ’κου</span> <span class='ocrx_word' id='word_1_52' title='bbox 596 839 714 886; x_wconf 65' lang='grc' dir='ltr'>ἀπίου</span> <span class='ocrx_word' id='word_1_53' title='bbox 753 842 891 883; x_wconf 81' lang='grc' dir='ltr'>αὐτοῦ.</span> 
     </span>
    </p>
   </div>
   <div class='ocr_carea' id='block_1_5' title="bbox 105 966 1721 1132">
    <p class='ocr_par' dir='ltr' id='par_1_5' title="bbox 105 966 1721 1132">
     <span class='ocr_line' id='line_1_7' title="bbox 178 966 1683 1054; baseline 0.014 -38.24"><span class='ocrx_word' id='word_1_54' title='bbox 178 966 535 1036; x_wconf 74' lang='grc' dir='ltr'>Ετοιμάζεσθαι</span> <span class='ocrx_word' id='word_1_55' title='bbox 584 975 756 1026; x_wconf 83' lang='grc' dir='ltr'>κελεύει</span> <span class='ocrx_word' id='word_1_56' title='bbox 800 977 918 1043; x_wconf 84' lang='grc' dir='ltr'>πρὸς</span> <span class='ocrx_word' id='word_1_57' title='bbox 967 979 1020 1029; x_wconf 83' lang='grc' dir='ltr'>τὸ</span> <span class='ocrx_word' id='word_1_58' title='bbox 1071 979 1259 1044; x_wconf 78' lang='grc' dir='ltr'>εὐήνιον,</span> <span class='ocrx_word' id='word_1_59' title='bbox 1312 1005 1387 1033; x_wconf 88' lang='grc' dir='ltr'>και</span> <span class='ocrx_word' id='word_1_60' title='bbox 1434 1007 1683 1054; x_wconf 85' lang='grc' dir='ltr'>μονονουχι</span> 
     </span>
     <span class='ocr_line' id='line_1_8' title="bbox 105 1050 1721 1132; baseline 0.014 -35"><span class='ocrx_word' id='word_1_61' title='bbox 105 1050 468 1107; x_wconf 81' lang='grc' dir='ltr'>κατακλίνοντας</span> <span class='ocrx_word' id='word_1_62' title='bbox 498 1054 550 1105; x_wconf 81' lang='grc' dir='ltr'>τὸ</span> <span class='ocrx_word' id='word_1_63' title='bbox 584 1058 720 1108; x_wconf 85' lang='grc' dir='ltr'>ὠτίον</span> <span class='ocrx_word' id='word_1_64' title='bbox 754 1059 957 1111; x_wconf 77' lang='grc' dir='ltr'>συνιέναι</span> <span class='ocrx_word' id='word_1_65' title='bbox 991 1067 1175 1116; x_wconf 82' lang='grc' dir='ltr'>λεπτῶς</span> <span class='ocrx_word' id='word_1_66' title='bbox 1214 1069 1307 1113; x_wconf 83' lang='grc' dir='ltr'>τῶν</span> <span class='ocrx_word' id='word_1_67' title='bbox 1338 1065 1472 1116; x_wconf 83' lang='grc' dir='ltr'>θείων</span> <span class='ocrx_word' id='word_1_68' title='bbox 1506 1069 1721 1132; x_wconf 73' lang='grc' dir='ltr'>λογίωνθ</span> 
     </span>
    </p>
   </div>
   <div class='ocr_carea' id='block_1_6' title="bbox 28 1127 1892 2362">
    <p class='ocr_par' dir='ltr' id='par_1_6' title="bbox 28 1127 1892 2362">
     <span class='ocr_line' id='line_1_9' title="bbox 103 1127 1681 1212; baseline 0.014 -33"><span class='ocrx_word' id='word_1_69' title='bbox 103 1127 188 1192; x_wconf 84' lang='grc' dir='ltr'>τὴν</span> <span class='ocrx_word' id='word_1_70' title='bbox 229 1131 434 1195; x_wconf 80' lang='grc' dir='ltr'>δύναμιν.</span> <span class='ocrx_word' id='word_1_71' title='bbox 505 1136 575 1187; x_wconf 80' lang='grc' dir='ltr'>ὅτι</span> <span class='ocrx_word' id='word_1_72' title='bbox 621 1137 669 1188; x_wconf 77' lang='grc' dir='ltr'>δὲ</span> <span class='ocrx_word' id='word_1_73' title='bbox 720 1141 801 1190; x_wconf 80' lang='grc' dir='ltr'>οὐκ</span> <span class='ocrx_word' id='word_1_74' title='bbox 850 1142 943 1192; x_wconf 84' lang='grc' dir='ltr'>ἀπὸ</span> <span class='ocrx_word' id='word_1_75' title='bbox 985 1143 1173 1208; x_wconf 82' lang='grc' dir='ltr'>γνώμης</span> <span class='ocrx_word' id='word_1_76' title='bbox 1217 1145 1363 1210; x_wconf 86' lang='grc' dir='ltr'>ἠγουν</span> <span class='ocrx_word' id='word_1_77' title='bbox 1404 1148 1681 1212; x_wconf 91' lang='grc' dir='ltr'>θεληματων</span> 
     </span>
     <span class='ocr_line' id='line_1_10' title="bbox 103 1212 1680 1290; baseline 0.015 -30"><span class='ocrx_word' id='word_1_78' title='bbox 103 1212 461 1277; x_wconf 48' lang='grc' dir='ltr'>ἀνθρωπιΗνων</span> <span class='ocrx_word' id='word_1_79' title='bbox 435 1240 463 1281; x_wconf 90' lang='grc' dir='ltr'>η</span> <span class='ocrx_word' id='word_1_80' title='bbox 502 1218 757 1286; x_wconf 84' lang='grc' dir='ltr'>ἀφήγησις,</span> <span class='ocrx_word' id='word_1_81' title='bbox 802 1224 932 1273; x_wconf 81' lang='grc' dir='ltr'>ἀλλὰ</span> <span class='ocrx_word' id='word_1_82' title='bbox 975 1226 1083 1290; x_wconf 91' lang='grc' dir='ltr'>παρ’</span> <span class='ocrx_word' id='word_1_83' title='bbox 1124 1227 1265 1277; x_wconf 80' lang='grc' dir='ltr'>αὐτοῦ</span> <span class='ocrx_word' id='word_1_84' title='bbox 1301 1234 1383 1278; x_wconf 89' lang='grc' dir='ltr'>τοῦ</span> <span class='ocrx_word' id='word_1_85' title='bbox 1421 1233 1515 1279; x_wconf 79' lang='grc' dir='ltr'>τῶν</span> <span class='ocrx_word' id='word_1_86' title='bbox 1553 1230 1680 1283; x_wconf 86' lang='grc' dir='ltr'>όλων</span> 
     </span>
     <span class='ocr_line' id='line_1_11' title="bbox 40 1300 1679 1381; baseline 0.013 -38"><span class='ocrx_word' id='word_1_87' title='bbox 40 1319 86 1344; x_wconf 93' lang='lat'>10</span> <span class='ocrx_word' id='word_1_88' title='bbox 104 1300 380 1358; x_wconf 86' lang='grc' dir='ltr'>κρατοῦντος</span> <span class='ocrx_word' id='word_1_89' title='bbox 406 1301 530 1350; x_wconf 77' lang='grc' dir='ltr'>Θεοῦ</span> <span class='ocrx_word' id='word_1_90' title='bbox 563 1308 860 1369; x_wconf 83' lang='grc' dir='ltr'>πληροφορεῖ</span> <span class='ocrx_word' id='word_1_91' title='bbox 888 1307 1221 1370; x_wconf 64' lang='grc' dir='ltr'>προστιθεις,”’</span> <span class='ocrx_word' id='word_1_92' title='bbox 1197 1332 1267 1359; x_wconf 94' lang='grc' dir='ltr'>οτι</span> <span class='ocrx_word' id='word_1_93' title='bbox 1299 1310 1424 1361; x_wconf 77' lang='grc' dir='ltr'>ἔσται</span> <span class='ocrx_word' id='word_1_94' title='bbox 1460 1310 1608 1381; x_wconf 72' lang='grc' dir='ltr'>Κύριος</span> <span class='ocrx_word' id='word_1_95' title='bbox 1641 1337 1679 1364; x_wconf 82' lang='grc' dir='ltr'>εν</span> 
     </span>
     <span class='ocr_line' id='line_1_12' title="bbox 102 1378 1678 1487; baseline 0.013 -62"><span class='ocrx_word' id='word_1_96' title='bbox 102 1378 198 1441; x_wconf 77' lang='grc' dir='ltr'>ὑμιν</span> <span class='ocrx_word' id='word_1_97' title='bbox 248 1382 307 1432; x_wconf 76' lang='grc' dir='ltr'>εἷς</span> <span class='ocrx_word' id='word_1_98' title='bbox 348 1402 584 1450; x_wconf 79' lang='grc' dir='ltr'>μαρτυρισν.</span> <span class='ocrx_word' id='word_1_99' title='bbox 649 1388 896 1453; x_wconf 83' lang='grc' dir='ltr'>μονονουχὶ</span> <span class='ocrx_word' id='word_1_100' title='bbox 945 1387 1038 1453; x_wconf 85' lang='grc' dir='ltr'>γάρ</span> <span class='ocrx_word' id='word_1_101' title='bbox 1083 1394 1213 1487; x_wconf 48' lang='grc' dir='ltr'>’φησι</span> <span class='ocrx_word' id='word_1_102' title='bbox 1257 1389 1364 1441; x_wconf 77' lang='grc' dir='ltr'>Κᾶν</span> <span class='ocrx_word' id='word_1_103' title='bbox 1408 1415 1544 1446; x_wconf 89' lang='grc' dir='ltr'>αυτος</span> <span class='ocrx_word' id='word_1_104' title='bbox 1586 1394 1678 1460; x_wconf 81' lang='grc' dir='ltr'>ἐγὼ</span> 
     </span>
     <span class='ocr_line' id='line_1_13' title="bbox 103 1458 1677 1543; baseline 0.015 -37"><span class='ocrx_word' id='word_1_105' title='bbox 103 1458 312 1524; x_wconf 86' lang='grc' dir='ltr'>Μιχαίας</span> <span class='ocrx_word' id='word_1_106' title='bbox 346 1466 548 1525; x_wconf 78' lang='grc' dir='ltr'>ποιῶμαι</span> <span class='ocrx_word' id='word_1_107' title='bbox 579 1487 685 1519; x_wconf 89' lang='grc' dir='ltr'>τους</span> <span class='ocrx_word' id='word_1_108' title='bbox 716 1466 906 1532; x_wconf 86' lang='grc' dir='ltr'>λόγους,</span> <span class='ocrx_word' id='word_1_109' title='bbox 936 1467 1024 1519; x_wconf 86' lang='grc' dir='ltr'>κάν</span> <span class='ocrx_word' id='word_1_110' title='bbox 1057 1474 1094 1521; x_wconf 81' lang='grc' dir='ltr'>εἰ</span> <span class='ocrx_word' id='word_1_111' title='bbox 1127 1472 1411 1536; x_wconf 80' lang='grc' dir='ltr'>μεσιτεύοιμι</span> <span class='ocrx_word' id='word_1_112' title='bbox 1442 1497 1586 1543; x_wconf 85' lang='grc' dir='ltr'>τυχον</span> <span class='ocrx_word' id='word_1_113' title='bbox 1614 1479 1677 1531; x_wconf 86' lang='grc' dir='ltr'>ὡς</span> 
     </span>
     <span class='ocr_line' id='line_1_14' title="bbox 100 1538 1674 1622; baseline 0.015 -34"><span class='ocrx_word' id='word_1_114' title='bbox 100 1538 359 1606; x_wconf 77' lang='grc' dir='ltr'>ἄνθρωπος,</span> <span class='ocrx_word' id='word_1_115' title='bbox 385 1545 495 1594; x_wconf 86' lang='grc' dir='ltr'>ἀλλ’</span> <span class='ocrx_word' id='word_1_116' title='bbox 523 1545 661 1600; x_wconf 82' lang='grc' dir='ltr'>αὑτὸς</span> <span class='ocrx_word' id='word_1_117' title='bbox 696 1549 801 1611; x_wconf 81' lang='grc' dir='ltr'>υμῖν</span> <span class='ocrx_word' id='word_1_118' title='bbox 833 1551 857 1600; x_wconf 85' lang='grc' dir='ltr'>ὁ</span> <span class='ocrx_word' id='word_1_119' title='bbox 889 1555 983 1601; x_wconf 83' lang='grc' dir='ltr'>τῶν</span> <span class='ocrx_word' id='word_1_120' title='bbox 1009 1551 1134 1603; x_wconf 87' lang='grc' dir='ltr'>όλων</span> <span class='ocrx_word' id='word_1_121' title='bbox 1159 1555 1515 1621; x_wconf 82' lang='grc' dir='ltr'>διαμαρτύρεται</span> <span class='ocrx_word' id='word_1_122' title='bbox 1541 1557 1674 1622; x_wconf 79' lang='grc' dir='ltr'>Θεος,</span> 
     </span>
     <span class='ocr_line' id='line_1_15' title="bbox 100 1624 1892 1707; baseline 0.014 -37"><span class='ocrx_word' id='word_1_123' title='bbox 100 1642 174 1671; x_wconf 90' lang='grc' dir='ltr'>και</span> <span class='ocrx_word' id='word_1_124' title='bbox 217 1624 508 1680; x_wconf 85' lang='grc' dir='ltr'>δεσποτικοῖς</span> <span class='ocrx_word' id='word_1_125' title='bbox 548 1631 847 1690; x_wconf 86' lang='grc' dir='ltr'>θεσπισμασι</span> <span class='ocrx_word' id='word_1_126' title='bbox 890 1631 974 1696; x_wconf 82' lang='grc' dir='ltr'>τὴν</span> <span class='ocrx_word' id='word_1_127' title='bbox 1016 1635 1214 1696; x_wconf 81' lang='grc' dir='ltr'>ἐμαυτοῦ</span> <span class='ocrx_word' id='word_1_128' title='bbox 1261 1638 1448 1704; x_wconf 68' lang='grc' dir='ltr'>δανείζω</span> <span class='ocrx_word' id='word_1_129' title='bbox 1497 1640 1672 1707; x_wconf 87' lang='grc' dir='ltr'>φωνήν.</span> <span class='ocrx_word' id='word_1_130' title='bbox 1692 1661 1713 1684; x_wconf 82' lang='lat' dir='ltr'>a</span> <span class='ocrx_word' id='word_1_131' title='bbox 1739 1652 1824 1687; x_wconf 85' lang='grc'>393</span> <span class='ocrx_word' id='word_1_132' title='bbox 1841 1653 1892 1688; x_wconf 52' lang='grc' dir='ltr'>Α,</span> 
     </span>
     <span class='ocr_line' id='line_1_16' title="bbox 34 1701 1670 1783; baseline 0.014 -33"><span class='ocrx_word' id='word_1_133' title='bbox 34 1721 80 1759; x_wconf 88' lang='lat'>15</span> <span class='ocrx_word' id='word_1_134' title='bbox 102 1701 226 1754; x_wconf 76' lang='grc' dir='ltr'>ἔσται</span> <span class='ocrx_word' id='word_1_135' title='bbox 267 1707 421 1757; x_wconf 87' lang='grc' dir='ltr'>τοίνυν</span> <span class='ocrx_word' id='word_1_136' title='bbox 458 1712 554 1776; x_wconf 69' lang='grc' dir='ltr'>ὗμιν</span> <span class='ocrx_word' id='word_1_137' title='bbox 600 1716 659 1765; x_wconf 77' lang='grc' dir='ltr'>εἰς</span> <span class='ocrx_word' id='word_1_138' title='bbox 701 1713 921 1783; x_wconf 72' lang='grc' dir='ltr'>μαρτύριον</span> <span class='ocrx_word' id='word_1_139' title='bbox 956 1717 1121 1770; x_wconf 81' lang='grc' dir='ltr'>ἐκεῖνος</span> <span class='ocrx_word' id='word_1_140' title='bbox 1162 1716 1312 1780; x_wconf 80' lang='grc' dir='ltr'>αὐτὸς,</span> <span class='ocrx_word' id='word_1_141' title='bbox 1354 1743 1391 1769; x_wconf 92' lang='grc' dir='ltr'>ω</span> <span class='ocrx_word' id='word_1_142' title='bbox 1443 1719 1525 1772; x_wconf 84' lang='grc' dir='ltr'>τὸν</span> <span class='ocrx_word' id='word_1_143' title='bbox 1567 1724 1670 1773; x_wconf 86' lang='grc' dir='ltr'>δια-</span> 
     </span>
     <span class='ocr_line' id='line_1_17' title="bbox 98 1782 1673 1863; baseline 0.014 -29"><span class='ocrx_word' id='word_1_144' title='bbox 98 1782 274 1849; x_wconf 81' lang='grc' dir='ltr'>,Βόητον</span> <span class='ocrx_word' id='word_1_145' title='bbox 316 1792 497 1840; x_wconf 79' lang='grc' dir='ltr'>τουτονὶ</span> <span class='ocrx_word' id='word_1_146' title='bbox 538 1794 613 1842; x_wconf 81' lang='grc' dir='ltr'>καὶ</span> <span class='ocrx_word' id='word_1_147' title='bbox 650 1799 882 1863; x_wconf 81' lang='grc' dir='ltr'>περιφανῆ</span> <span class='ocrx_word' id='word_1_148' title='bbox 929 1819 1040 1847; x_wconf 89' lang='grc' dir='ltr'>ναον</span> <span class='ocrx_word' id='word_1_149' title='bbox 1089 1798 1335 1863; x_wconf 84' lang='grc' dir='ltr'>ἐστήσατε,</span> <span class='ocrx_word' id='word_1_150' title='bbox 1375 1799 1412 1851; x_wconf 86' lang='grc' dir='ltr'><strong><em>ὡ</em></strong></span> <span class='ocrx_word' id='word_1_151' title='bbox 1456 1826 1509 1853; x_wconf 94' lang='grc' dir='ltr'>το</span> <span class='ocrx_word' id='word_1_152' title='bbox 1550 1808 1673 1856; x_wconf 82' lang='grc' dir='ltr'>θεῖον</span> 
     </span>
     <span class='ocr_line' id='line_1_18' title="bbox 97 1865 1671 1973; baseline 0.014 -57.155"><span class='ocrx_word' id='word_1_153' title='bbox 97 1865 275 1932; x_wconf 79' lang='grc' dir='ltr'>ἵδρυται</span> <span class='ocrx_word' id='word_1_154' title='bbox 321 1893 438 1935; x_wconf 88' lang='grc' dir='ltr'>προς</span> <span class='ocrx_word' id='word_1_155' title='bbox 487 1874 614 1935; x_wconf 80' lang='grc' dir='ltr'>ὑμῶν</span> <span class='ocrx_word' id='word_1_156' title='bbox 655 1876 1007 1973; x_wconf 85' lang='grc' dir='ltr'>θυσιαστήριον,</span> <span class='ocrx_word' id='word_1_157' title='bbox 1059 1878 1096 1948; x_wconf 75' lang='grc' dir='ltr'><em>ᾧ</em></span> <span class='ocrx_word' id='word_1_158' title='bbox 1147 1903 1201 1931; x_wconf 92' lang='grc' dir='ltr'>το</span> <span class='ocrx_word' id='word_1_159' title='bbox 1253 1882 1401 1943; x_wconf 79' lang='grc' dir='ltr'>σεβας</span> <span class='ocrx_word' id='word_1_160' title='bbox 1450 1885 1671 1938; x_wconf 79' lang='grc' dir='ltr'>ἀνάπτειν</span> 
     </span>
     <span class='ocr_line' id='line_1_19' title="bbox 96 1950 1670 2032; baseline 0.015 -35"><span class='ocrx_word' id='word_1_161' title='bbox 96 1950 408 2002; x_wconf 87' lang='grc' dir='ltr'>πεπαιδευσθε</span> <span class='ocrx_word' id='word_1_162' title='bbox 452 1953 527 2004; x_wconf 83' lang='grc' dir='ltr'>δια</span> <span class='ocrx_word' id='word_1_163' title='bbox 567 1955 725 2018; x_wconf 86' lang='grc' dir='ltr'>νόμου·</span> <span class='ocrx_word' id='word_1_164' title='bbox 779 1982 828 2012; x_wconf 91' lang='grc' dir='ltr'>ος</span> <span class='ocrx_word' id='word_1_165' title='bbox 870 1961 919 2011; x_wconf 76' lang='grc' dir='ltr'>ἐκ</span> <span class='ocrx_word' id='word_1_166' title='bbox 959 1967 1042 2012; x_wconf 91' lang='grc' dir='ltr'>τοῦ</span> <span class='ocrx_word' id='word_1_167' title='bbox 1090 1963 1203 2012; x_wconf 79' lang='grc' dir='ltr'>ἱδιου</span> <span class='ocrx_word' id='word_1_168' title='bbox 1251 1965 1364 2014; x_wconf 72' lang='grc' dir='ltr'>οἶκον</span> <span class='ocrx_word' id='word_1_169' title='bbox 1405 1967 1670 2032; x_wconf 82' lang='grc' dir='ltr'>λελάληκεν</span> 
     </span>
     <span class='ocr_line' id='line_1_20' title="bbox 96 2031 1669 2114; baseline 0.015 -35"><span class='ocrx_word' id='word_1_170' title='bbox 96 2031 163 2080; x_wconf 85' lang='grc' dir='ltr'>ἀει</span> <span class='ocrx_word' id='word_1_171' title='bbox 200 2054 318 2097; x_wconf 91' lang='grc' dir='ltr'>προς</span> <span class='ocrx_word' id='word_1_172' title='bbox 355 2036 601 2104; x_wconf 91' lang='grc' dir='ltr'>προφητας</span> <span class='ocrx_word' id='word_1_173' title='bbox 635 2040 806 2104; x_wconf 83' lang='grc' dir='ltr'>ἁγιους,</span> <span class='ocrx_word' id='word_1_174' title='bbox 838 2064 912 2091; x_wconf 90' lang='grc' dir='ltr'>και</span> <span class='ocrx_word' id='word_1_175' title='bbox 950 2042 1042 2109; x_wconf 86' lang='grc' dir='ltr'>πρό</span> <span class='ocrx_word' id='word_1_176' title='bbox 1076 2066 1130 2109; x_wconf 89' lang='grc' dir='ltr'>γε</span> <span class='ocrx_word' id='word_1_177' title='bbox 1167 2049 1260 2095; x_wconf 80' lang='grc' dir='ltr'>τῶν</span> <span class='ocrx_word' id='word_1_178' title='bbox 1294 2046 1458 2098; x_wconf 83' lang='grc' dir='ltr'>ἀλλων</span> <span class='ocrx_word' id='word_1_179' title='bbox 1484 2053 1550 2099; x_wconf 82' lang='grc' dir='ltr'><em>τῶ</em></span> <span class='ocrx_word' id='word_1_180' title='bbox 1580 2075 1669 2114; x_wconf 84' lang='grc' dir='ltr'>μα-</span> 
     </span>
     <span class='ocr_line' id='line_1_21' title="bbox 28 2114 1668 2195; baseline 0.013 -33"><span class='ocrx_word' id='word_1_181' title='bbox 28 2137 77 2162; x_wconf 90' lang='lat'>20</span> <span class='ocrx_word' id='word_1_182' title='bbox 96 2114 238 2185; x_wconf 85' lang='grc' dir='ltr'>καρίω</span> <span class='ocrx_word' id='word_1_183' title='bbox 266 2120 478 2182; x_wconf 79' lang='grc' dir='ltr'>Μωυσεῖ,</span> <span class='ocrx_word' id='word_1_184' title='bbox 505 2119 589 2184; x_wconf 86' lang='grc' dir='ltr'>τὴν</span> <span class='ocrx_word' id='word_1_185' title='bbox 614 2123 812 2190; x_wconf 83' lang='grc' dir='ltr'>ἀρχαίαν</span> <span class='ocrx_word' id='word_1_186' title='bbox 837 2126 1010 2190; x_wconf 86' lang='grc' dir='ltr'>ἐκεινην</span> <span class='ocrx_word' id='word_1_187' title='bbox 1040 2127 1220 2192; x_wconf 85' lang='grc' dir='ltr'>σκηνὴν</span> <span class='ocrx_word' id='word_1_188' title='bbox 1250 2130 1518 2195; x_wconf 85' lang='grc' dir='ltr'>ἐγηγερκότι</span> <span class='ocrx_word' id='word_1_189' title='bbox 1548 2133 1668 2184; x_wconf 78' lang='grc' dir='ltr'>κατὰ</span> 
     </span>
     <span class='ocr_line' id='line_1_22' title="bbox 94 2195 1664 2281; baseline 0.013 -35"><span class='ocrx_word' id='word_1_190' title='bbox 94 2195 180 2260; x_wconf 92' lang='grc' dir='ltr'>τὴν</span> <span class='ocrx_word' id='word_1_191' title='bbox 205 2197 390 2264; x_wconf 77' lang='grc' dir='ltr'>ἔρημον.</span> <span class='ocrx_word' id='word_1_192' title='bbox 439 2201 597 2253; x_wconf 82' lang='grc' dir='ltr'>ἐλάλει</span> <span class='ocrx_word' id='word_1_193' title='bbox 623 2203 715 2270; x_wconf 75' lang='grc' dir='ltr'>γὰρ</span> <span class='ocrx_word' id='word_1_194' title='bbox 741 2205 918 2257; x_wconf 85' lang='grc' dir='ltr'>οίνωθεν</span> <span class='ocrx_word' id='word_1_195' title='bbox 943 2214 1025 2258; x_wconf 90' lang='grc' dir='ltr'>τοῦ</span> <span class='ocrx_word' id='word_1_196' title='bbox 1053 2211 1343 2277; x_wconf 82' lang='grc' dir='ltr'>ἱλαστηριου,</span> <span class='ocrx_word' id='word_1_197' title='bbox 1371 2234 1459 2275; x_wconf 90' lang='grc' dir='ltr'>και,</span> <span class='ocrx_word' id='word_1_198' title='bbox 1488 2211 1516 2279; x_wconf 87' lang='grc' dir='ltr'>ᾑ</span> <span class='ocrx_word' id='word_1_199' title='bbox 1541 2218 1664 2281; x_wconf 93' lang='grc' dir='ltr'>φησι</span> 
     </span>
     <span class='ocr_line' id='line_1_23' title="bbox 94 2280 1831 2362; baseline 0.011 -33"><span class='ocrx_word' id='word_1_200' title='bbox 94 2301 147 2329; x_wconf 93' lang='grc' dir='ltr'>το</span> <span class='ocrx_word' id='word_1_201' title='bbox 171 2280 366 2346; x_wconf 83' lang='grc' dir='ltr'>γράμμα</span> <span class='ocrx_word' id='word_1_202' title='bbox 396 2281 450 2333; x_wconf 84' lang='grc' dir='ltr'>τὸ</span> <span class='ocrx_word' id='word_1_203' title='bbox 486 2283 606 2350; x_wconf 83' lang='grc' dir='ltr'>ἱερόν</span> <span class='ocrx_word' id='word_1_204' title='bbox 632 2293 659 2314; x_wconf 83' lang='grc'><strong>“</strong></span> <span class='ocrx_word' id='word_1_205' title='bbox 677 2290 891 2352; x_wconf 79' lang='grc' dir='ltr'>Μωυσῆς</span> <span class='ocrx_word' id='word_1_206' title='bbox 919 2288 1091 2353; x_wconf 85' lang='grc' dir='ltr'>ἐλάλει,</span> <span class='ocrx_word' id='word_1_207' title='bbox 1118 2292 1142 2341; x_wconf 86' lang='grc' dir='ltr'>ὁ</span> <span class='ocrx_word' id='word_1_208' title='bbox 1164 2291 1212 2342; x_wconf 86' lang='grc' dir='ltr'>δε</span> <span class='ocrx_word' id='word_1_209' title='bbox 1239 2291 1412 2347; x_wconf 78' lang='grc' dir='ltr'>Θεος’</span> <span class='ocrx_word' id='word_1_210' title='bbox 1386 2299 1662 2362; x_wconf 87' lang='grc' dir='ltr'>απεκρίνατο</span> <span class='ocrx_word' id='word_1_211' title='bbox 1680 2305 1706 2346; x_wconf 94' lang='lat' dir='ltr'>b</span> <span class='ocrx_word' id='word_1_212' title='bbox 1726 2307 1831 2338; x_wconf 82' lang='lat' dir='ltr'><strong>Exod.</strong></span> 
     </span>
    </p>
   </div>
   <div class='ocr_carea' id='block_1_7' title="bbox 0 2350 1865 2444">
    <p class='ocr_par' dir='ltr' id='par_1_7' title="bbox 0 2350 1865 2444">
     <span class='ocr_line' id='line_1_24' title="bbox 0 2350 1865 2417; baseline 0.012 -57"><span class='ocrx_word' id='word_1_213' title='bbox 0 2350 2 2417; x_wconf 46' lang='lat' dir='ltr'><strong><em>j</em></strong></span> <span class='ocrx_word' id='word_1_214' title='bbox 1724 2351 1793 2382; x_wconf 83' lang='lat' dir='ltr'><strong>xix.</strong></span> <span class='ocrx_word' id='word_1_215' title='bbox 1815 2361 1865 2393; x_wconf 90' lang='lat'>19.</span> 
     </span>
     <span class='ocr_line' id='line_1_25' title="bbox 0 2419 1 2444; baseline 0 0"><span class='ocrx_word' id='word_1_216' title='bbox 0 2419 1 2444; x_wconf 60' lang='lat'>1</span> 
     </span>
    </p>
   </div>
   <div class='ocr_carea' id='block_1_8' title="bbox 93 2455 1663 2562">
    <p class='ocr_par' dir='ltr' id='par_1_8' title="bbox 93 2455 1663 2562">
     <span class='ocr_line' id='line_1_26' title="bbox 143 2455 1661 2512; baseline 0.013 -24"><span class='ocrx_word' id='word_1_217' title='bbox 143 2465 173 2489; x_wconf 93' lang='lat'>1.</span> <span class='ocrx_word' id='word_1_218' title='bbox 199 2455 331 2502; x_wconf 83' lang='grc' dir='ltr'>δεδιὼς]</span> <span class='ocrx_word' id='word_1_219' title='bbox 351 2457 430 2491; x_wconf 83' lang='grc' dir='ltr'>ἰδὼν</span> <span class='ocrx_word' id='word_1_220' title='bbox 447 2457 489 2492; x_wconf 92' lang='grc' dir='ltr'>Β.</span> <span class='ocrx_word' id='word_1_221' title='bbox 658 2471 689 2494; x_wconf 83' lang='lat'>2.</span> <span class='ocrx_word' id='word_1_222' title='bbox 714 2475 750 2494; x_wconf 82' lang='grc' dir='ltr'>τε</span> <span class='ocrx_word' id='word_1_223' title='bbox 767 2473 835 2496; x_wconf 91' lang='lat' dir='ltr'>om.</span> <span class='ocrx_word' id='word_1_224' title='bbox 854 2463 897 2497; x_wconf 81' lang='lat' dir='ltr'>A.</span> <span class='ocrx_word' id='word_1_225' title='bbox 1047 2477 1080 2510; x_wconf 85' lang='lat'>3.</span> <span class='ocrx_word' id='word_1_226' title='bbox 1104 2467 1222 2502; x_wconf 83' lang='grc' dir='ltr'>πάντες</span> <span class='ocrx_word' id='word_1_227' title='bbox 1241 2468 1336 2512; x_wconf 87' lang='lat' dir='ltr'>prius</span> <span class='ocrx_word' id='word_1_228' title='bbox 1354 2471 1497 2504; x_wconf 80' lang='lat' dir='ltr'><strong>accessit</strong></span> <span class='ocrx_word' id='word_1_229' title='bbox 1514 2483 1555 2506; x_wconf 81' lang='lat' dir='ltr'>ex</span> <span class='ocrx_word' id='word_1_230' title='bbox 1574 2472 1619 2507; x_wconf 96' lang='lat' dir='ltr'>D.</span> <span class='ocrx_word' id='word_1_231' title='bbox 1625 2474 1661 2509; x_wconf 91' lang='lat' dir='ltr'>F.</span> 
     </span>
     <span class='ocr_line' id='line_1_27' title="bbox 93 2500 1663 2562; baseline 0.013 -28"><span class='ocrx_word' id='word_1_232' title='bbox 93 2500 186 2546; x_wconf 94' lang='lat' dir='ltr'>(XII</span> <span class='ocrx_word' id='word_1_233' title='bbox 204 2502 296 2558; x_wconf 90' lang='lat' dir='ltr'><strong>mg.)</strong></span> <span class='ocrx_word' id='word_1_234' title='bbox 506 2518 539 2548; x_wconf 91' lang='lat'>4.</span> <span class='ocrx_word' id='word_1_235' title='bbox 566 2508 583 2540; x_wconf 88' lang='grc' dir='ltr'>ὁ</span> <span class='ocrx_word' id='word_1_236' title='bbox 602 2508 686 2542; x_wconf 82' lang='grc' dir='ltr'>Θεὸς</span> <span class='ocrx_word' id='word_1_237' title='bbox 702 2519 773 2543; x_wconf 90' lang='lat' dir='ltr'>om.</span> <span class='ocrx_word' id='word_1_238' title='bbox 792 2509 834 2544; x_wconf 92' lang='lat' dir='ltr'>B.</span> <span class='ocrx_word' id='word_1_239' title='bbox 852 2510 968 2544; x_wconf 82' lang='lat' dir='ltr'>invitis</span> <span class='ocrx_word' id='word_1_240' title='bbox 987 2511 1033 2545; x_wconf 88' lang='lat' dir='ltr'>D.</span> <span class='ocrx_word' id='word_1_241' title='bbox 1038 2512 1076 2546; x_wconf 93' lang='lat' dir='ltr'><strong>F.</strong></span> <span class='ocrx_word' id='word_1_242' title='bbox 1095 2513 1133 2557; x_wconf 89' lang='lat'>(2</span> <span class='ocrx_word' id='word_1_243' title='bbox 1140 2524 1157 2547; x_wconf 86' lang='lat'><strong>2</strong></span> <span class='ocrx_word' id='word_1_244' title='bbox 1176 2513 1240 2558; x_wconf 84' lang='lat' dir='ltr'><strong>al.)</strong></span> <span class='ocrx_word' id='word_1_245' title='bbox 1475 2526 1506 2562; x_wconf 93' lang='lat'><strong>7.</strong></span> <span class='ocrx_word' id='word_1_246' title='bbox 1531 2520 1663 2557; x_wconf 80' lang='grc' dir='ltr'>λεπτῶς</span> 
     </span>
    </p>
   </div>
   <div class='ocr_carea' id='block_1_9' title="bbox 90 2548 1662 2704">
    <p class='ocr_par' dir='ltr' id='par_1_9' title="bbox 90 2548 1662 2701">
     <span class='ocr_line' id='line_1_28' title="bbox 93 2548 1662 2608; baseline 0.012 -27"><span class='ocrx_word' id='word_1_247' title='bbox 93 2554 171 2592; x_wconf 83' lang='lat' dir='ltr'><strong>post</strong></span> <span class='ocrx_word' id='word_1_248' title='bbox 188 2548 325 2593; x_wconf 82' lang='grc' dir='ltr'>δύναμιν</span> <span class='ocrx_word' id='word_1_249' title='bbox 341 2553 537 2596; x_wconf 67' lang='lat' dir='ltr'>transponIt</span> <span class='ocrx_word' id='word_1_250' title='bbox 558 2553 600 2586; x_wconf 92' lang='lat' dir='ltr'>D.</span> <span class='ocrx_word' id='word_1_251' title='bbox 860 2557 893 2590; x_wconf 87' lang='grc'>8.</span> <span class='ocrx_word' id='word_1_252' title='bbox 919 2558 957 2591; x_wconf 84' lang='grc' dir='ltr'>τὸ</span> <span class='ocrx_word' id='word_1_253' title='bbox 974 2570 1037 2603; x_wconf 89' lang='lat' dir='ltr'>pro</span> <span class='ocrx_word' id='word_1_254' title='bbox 1054 2558 1105 2593; x_wconf 87' lang='grc' dir='ltr'>ὅτι</span> <span class='ocrx_word' id='word_1_255' title='bbox 1122 2560 1165 2594; x_wconf 92' lang='lat' dir='ltr'>A.</span> <span class='ocrx_word' id='word_1_256' title='bbox 1235 2561 1449 2605; x_wconf 82' lang='grc' dir='ltr'>ἀνθρωπίνων</span> <span class='ocrx_word' id='word_1_257' title='bbox 1465 2565 1662 2608; x_wconf 86' lang='grc' dir='ltr'>θελημάτων</span> 
     </span>
     <span class='ocr_line' id='line_1_29' title="bbox 91 2595 1662 2657; baseline 0.013 -30"><span class='ocrx_word' id='word_1_258' title='bbox 91 2595 229 2629; x_wconf 83' lang='lat' dir='ltr'>inverso</span> <span class='ocrx_word' id='word_1_259' title='bbox 246 2596 367 2630; x_wconf 83' lang='lat' dir='ltr'>ordine</span> <span class='ocrx_word' id='word_1_260' title='bbox 386 2598 432 2632; x_wconf 94' lang='lat' dir='ltr'>D.</span> <span class='ocrx_word' id='word_1_261' title='bbox 483 2599 642 2642; x_wconf 53' lang='lat' dir='ltr'>Statim&amp;</span> <span class='ocrx_word' id='word_1_262' title='bbox 661 2612 729 2635; x_wconf 91' lang='lat' dir='ltr'>om.</span> <span class='ocrx_word' id='word_1_263' title='bbox 747 2601 791 2635; x_wconf 91' lang='lat' dir='ltr'>A.</span> <span class='ocrx_word' id='word_1_264' title='bbox 1007 2616 1059 2640; x_wconf 86' lang='lat'>10.</span> <span class='ocrx_word' id='word_1_265' title='bbox 1083 2607 1295 2653; x_wconf 86' lang='grc' dir='ltr'>προστιθεὶς]</span> <span class='ocrx_word' id='word_1_266' title='bbox 1314 2609 1424 2654; x_wconf 83' lang='grc' dir='ltr'>λέγων</span> <span class='ocrx_word' id='word_1_267' title='bbox 1442 2610 1488 2644; x_wconf 95' lang='lat' dir='ltr'>D.</span> <span class='ocrx_word' id='word_1_268' title='bbox 1539 2612 1662 2657; x_wconf 80' lang='grc' dir='ltr'>Κύριος</span> 
     </span>
     <span class='ocr_line' id='line_1_30' title="bbox 90 2615 1656 2704; baseline 0.012 -30"><span class='ocrx_word' id='word_1_269' title='bbox 90 2641 187 2675; x_wconf 82' lang='grc' dir='ltr'>ἕσται</span> <span class='ocrx_word' id='word_1_270' title='bbox 204 2642 340 2701; x_wconf 53' lang='lat' dir='ltr'>invfrso</span> <span class='ocrx_word' id='word_1_271' title='bbox 357 2644 477 2679; x_wconf 82' lang='lat' dir='ltr'>ordine</span> <span class='ocrx_word' id='word_1_272' title='bbox 495 2645 540 2679; x_wconf 91' lang='lat' dir='ltr'>D.</span> <span class='ocrx_word' id='word_1_273' title='bbox 591 2615 750 2681; x_wconf 55' lang='lat' dir='ltr'><strong>StURtim‘</strong></span> <span class='ocrx_word' id='word_1_274' title='bbox 733 2663 751 2681; x_wconf 92' lang='grc' dir='ltr'>ο</span> <span class='ocrx_word' id='word_1_275' title='bbox 772 2649 856 2684; x_wconf 83' lang='grc' dir='ltr'>Θεὸς</span> <span class='ocrx_word' id='word_1_276' title='bbox 873 2649 953 2684; x_wconf 81' lang='lat' dir='ltr'><strong>add.</strong></span> <span class='ocrx_word' id='word_1_277' title='bbox 973 2651 1019 2685; x_wconf 94' lang='lat' dir='ltr'>D.</span> <span class='ocrx_word' id='word_1_278' title='bbox 1318 2666 1370 2689; x_wconf 88' lang='grc' dir='ltr'>ΙΙ.</span> <span class='ocrx_word' id='word_1_279' title='bbox 1396 2657 1594 2704; x_wconf 77' lang='grc' dir='ltr'>μαρτυριον]</span> <span class='ocrx_word' id='word_1_280' title='bbox 1618 2665 1656 2701; x_wconf 74' lang='lat'>-†-</span> 
     </span>
    </p>
   </div>
   <div class='ocr_carea' id='block_1_10' title="bbox 90 2687 1657 2792">
    <p class='ocr_par' dir='ltr' id='par_1_10' title="bbox 90 2687 1657 2792">
     <span class='ocr_line' id='line_1_31' title="bbox 90 2687 1657 2750; baseline 0.012 -29"><span class='ocrx_word' id='word_1_281' title='bbox 90 2687 212 2723; x_wconf 81' lang='grc' dir='ltr'>ἐκεῖνος</span> <span class='ocrx_word' id='word_1_282' title='bbox 235 2690 334 2725; x_wconf 78' lang='grc' dir='ltr'>αὐτός</span> <span class='ocrx_word' id='word_1_283' title='bbox 359 2691 451 2725; x_wconf 88' lang='lat' dir='ltr'><strong>Edd.</strong></span> <span class='ocrx_word' id='word_1_284' title='bbox 476 2692 593 2727; x_wconf 83' lang='lat' dir='ltr'>invitis</span> <span class='ocrx_word' id='word_1_285' title='bbox 618 2694 727 2729; x_wconf 76' lang='lat' dir='ltr'><strong>librls.</strong></span> <span class='ocrx_word' id='word_1_286' title='bbox 801 2696 924 2730; x_wconf 86' lang='lat' dir='ltr'><strong>Statim</strong></span> <span class='ocrx_word' id='word_1_287' title='bbox 941 2699 1043 2740; x_wconf 90' lang='grc' dir='ltr'>μόνον</span> <span class='ocrx_word' id='word_1_288' title='bbox 1059 2699 1124 2744; x_wconf 86' lang='grc' dir='ltr'>γὰρ</span> <span class='ocrx_word' id='word_1_289' title='bbox 1150 2700 1226 2746; x_wconf 81' lang='grc' dir='ltr'>οὐχι</span> <span class='ocrx_word' id='word_1_290' title='bbox 1252 2713 1314 2746; x_wconf 87' lang='lat' dir='ltr'>pro</span> <span class='ocrx_word' id='word_1_291' title='bbox 1335 2706 1513 2749; x_wconf 81' lang='grc' dir='ltr'>μονονουχὶ</span> <span class='ocrx_word' id='word_1_292' title='bbox 1529 2706 1595 2750; x_wconf 86' lang='grc' dir='ltr'>γὰρ</span> <span class='ocrx_word' id='word_1_293' title='bbox 1612 2707 1657 2742; x_wconf 88' lang='lat' dir='ltr'>A.</span> 
     </span>
     <span class='ocr_line' id='line_1_32' title="bbox 90 2733 1656 2792; baseline 0.012 -25"><span class='ocrx_word' id='word_1_294' title='bbox 90 2733 215 2780; x_wconf 86' lang='grc' dir='ltr'>φησιν]</span> <span class='ocrx_word' id='word_1_295' title='bbox 239 2739 276 2776; x_wconf 65' lang='lat'>4-</span> <span class='ocrx_word' id='word_1_296' title='bbox 297 2736 348 2770; x_wconf 81' lang='grc' dir='ltr'>ὅτι</span> <span class='ocrx_word' id='word_1_297' title='bbox 366 2737 413 2771; x_wconf 92' lang='lat' dir='ltr'>D.</span> <span class='ocrx_word' id='word_1_298' title='bbox 625 2751 679 2775; x_wconf 85' lang='lat'>12.</span> <span class='ocrx_word' id='word_1_299' title='bbox 703 2745 847 2786; x_wconf 85' lang='grc' dir='ltr'>ποιῶμαι</span> <span class='ocrx_word' id='word_1_300' title='bbox 863 2743 906 2777; x_wconf 91' lang='lat' dir='ltr'>A.</span> <span class='ocrx_word' id='word_1_301' title='bbox 911 2743 958 2777; x_wconf 93' lang='lat' dir='ltr'>D.</span> <span class='ocrx_word' id='word_1_302' title='bbox 976 2749 1060 2779; x_wconf 85' lang='grc' dir='ltr'>ποιῶ</span> <span class='ocrx_word' id='word_1_303' title='bbox 1080 2745 1170 2780; x_wconf 89' lang='lat' dir='ltr'><strong>Edd.</strong></span> <span class='ocrx_word' id='word_1_304' title='bbox 1376 2760 1428 2792; x_wconf 89' lang='lat'>14.</span> <span class='ocrx_word' id='word_1_305' title='bbox 1455 2752 1508 2784; x_wconf 88' lang='grc' dir='ltr'>καὶ</span> <span class='ocrx_word' id='word_1_306' title='bbox 1524 2763 1593 2786; x_wconf 88' lang='lat' dir='ltr'>om.</span> <span class='ocrx_word' id='word_1_307' title='bbox 1611 2755 1656 2788; x_wconf 94' lang='lat' dir='ltr'>A.</span> 
     </span>
    </p>
   </div>
   <div class='ocr_carea' id='block_1_11' title="bbox 90 2781 1656 2880">
    <p class='ocr_par' dir='ltr' id='par_1_11' title="bbox 90 2781 1656 2880">
     <span class='ocr_line' id='line_1_33' title="bbox 91 2781 1656 2841; baseline 0.012 -27"><span class='ocrx_word' id='word_1_308' title='bbox 91 2781 259 2825; x_wconf 81' lang='grc' dir='ltr'>θελήμασι</span> <span class='ocrx_word' id='word_1_309' title='bbox 276 2795 339 2827; x_wconf 80' lang='lat' dir='ltr'>pro</span> <span class='ocrx_word' id='word_1_310' title='bbox 357 2784 570 2828; x_wconf 83' lang='grc' dir='ltr'>θεσπίσμασι</span> <span class='ocrx_word' id='word_1_311' title='bbox 587 2787 630 2820; x_wconf 91' lang='lat' dir='ltr'>A.</span> <span class='ocrx_word' id='word_1_312' title='bbox 936 2800 988 2835; x_wconf 87' lang='lat'>15.</span> <span class='ocrx_word' id='word_1_313' title='bbox 1013 2792 1139 2838; x_wconf 81' lang='grc' dir='ltr'>τοίνυν]</span> <span class='ocrx_word' id='word_1_314' title='bbox 1163 2797 1199 2834; x_wconf 62' lang='lat' dir='ltr'>—ff-</span> <span class='ocrx_word' id='word_1_315' title='bbox 1220 2793 1254 2828; x_wconf 83' lang='grc' dir='ltr'>ἐν</span> <span class='ocrx_word' id='word_1_316' title='bbox 1271 2794 1362 2829; x_wconf 85' lang='lat' dir='ltr'><strong>Edd.</strong></span> <span class='ocrx_word' id='word_1_317' title='bbox 1380 2799 1656 2841; x_wconf 80' lang='lat' dir='ltr'>repugnantibus</span> 
     </span>
     <span class='ocr_line' id='line_1_34' title="bbox 90 2827 1654 2880; baseline 0.013 -20"><span class='ocrx_word' id='word_1_318' title='bbox 90 2827 199 2862; x_wconf 72' lang='lat' dir='ltr'><strong>libris.</strong></span> <span class='ocrx_word' id='word_1_319' title='bbox 266 2829 421 2864; x_wconf 83' lang='lat' dir='ltr'><strong>Statim‘</strong></span> <span class='ocrx_word' id='word_1_320' title='bbox 406 2833 482 2875; x_wconf 83' lang='grc' dir='ltr'>υμῖν</span> <span class='ocrx_word' id='word_1_321' title='bbox 499 2839 577 2876; x_wconf 88' lang='lat' dir='ltr'>post</span> <span class='ocrx_word' id='word_1_322' title='bbox 593 2833 774 2877; x_wconf 79' lang='grc' dir='ltr'>μαρτύριον</span> <span class='ocrx_word' id='word_1_323' title='bbox 789 2841 921 2880; x_wconf 82' lang='lat' dir='ltr'><strong>transp.</strong></span> <span class='ocrx_word' id='word_1_324' title='bbox 941 2837 987 2871; x_wconf 90' lang='lat' dir='ltr'>D.</span> <span class='ocrx_word' id='word_1_325' title='bbox 1048 2839 1170 2874; x_wconf 81' lang='grc' dir='ltr'>ἐκεῖνος</span> <span class='ocrx_word' id='word_1_326' title='bbox 1187 2841 1284 2876; x_wconf 80' lang='grc' dir='ltr'>αὐτὸς</span> <span class='ocrx_word' id='word_1_327' title='bbox 1300 2842 1366 2876; x_wconf 88' lang='lat' dir='ltr'>hoc</span> <span class='ocrx_word' id='word_1_328' title='bbox 1384 2843 1504 2878; x_wconf 86' lang='lat' dir='ltr'>ordine</span> <span class='ocrx_word' id='word_1_329' title='bbox 1521 2856 1654 2880; x_wconf 80' lang='lat' dir='ltr'><strong>omnes.</strong></span> 
     </span>
    </p>
   </div>
   <div class='ocr_carea' id='block_1_12' title="bbox 93 2875 1655 2975">
    <p class='ocr_par' dir='ltr' id='par_1_12' title="bbox 93 2875 1655 2974">
     <span class='ocr_line' id='line_1_35' title="bbox 96 2875 1655 2937; baseline 0.012 -30"><span class='ocrx_word' id='word_1_330' title='bbox 96 2875 148 2908; x_wconf 87' lang='lat'>16.</span> <span class='ocrx_word' id='word_1_331' title='bbox 174 2876 305 2910; x_wconf 86' lang='grc' dir='ltr'>τουτονὶ</span> <span class='ocrx_word' id='word_1_332' title='bbox 321 2877 364 2911; x_wconf 94' lang='grc' dir='ltr'>Α.</span> <span class='ocrx_word' id='word_1_333' title='bbox 382 2882 463 2922; x_wconf 76' lang='lat' dir='ltr'><strong>post</strong></span> <span class='ocrx_word' id='word_1_334' title='bbox 483 2881 650 2924; x_wconf 84' lang='grc' dir='ltr'>περιφανῆ</span> <span class='ocrx_word' id='word_1_335' title='bbox 672 2887 803 2926; x_wconf 83' lang='lat' dir='ltr'><strong>transp.</strong></span> <span class='ocrx_word' id='word_1_336' title='bbox 823 2882 870 2916; x_wconf 93' lang='lat' dir='ltr'>D.</span> <span class='ocrx_word' id='word_1_337' title='bbox 887 2886 1004 2918; x_wconf 87' lang='grc' dir='ltr'>τοῦτον</span> <span class='ocrx_word' id='word_1_338' title='bbox 1022 2884 1064 2919; x_wconf 90' lang='grc' dir='ltr'>Β.</span> <span class='ocrx_word' id='word_1_339' title='bbox 1082 2889 1200 2920; x_wconf 85' lang='grc' dir='ltr'>τοῦτον</span> <span class='ocrx_word' id='word_1_340' title='bbox 1216 2887 1234 2931; x_wconf 83' lang='grc' dir='ltr'>ἢ</span> <span class='ocrx_word' id='word_1_341' title='bbox 1253 2888 1341 2933; x_wconf 77' lang='lat' dir='ltr'>(SIC)</span> <span class='ocrx_word' id='word_1_342' title='bbox 1360 2889 1451 2923; x_wconf 88' lang='lat' dir='ltr'><strong>Edd.</strong></span> <span class='ocrx_word' id='word_1_343' title='bbox 1514 2891 1655 2937; x_wconf 77' lang='grc' dir='ltr'>ἀνεστή-</span> 
     </span>
     <span class='ocr_line' id='line_1_36' title="bbox 93 2922 1655 2975; baseline 0.012 -21"><span class='ocrx_word' id='word_1_344' title='bbox 93 2935 175 2955; x_wconf 86' lang='grc' dir='ltr'>σατε</span> <span class='ocrx_word' id='word_1_345' title='bbox 193 2922 239 2955; x_wconf 87' lang='lat' dir='ltr'>D.</span> <span class='ocrx_word' id='word_1_346' title='bbox 516 2927 568 2960; x_wconf 83' lang='lat'>18.</span> <span class='ocrx_word' id='word_1_347' title='bbox 593 2926 809 2962; x_wconf 82' lang='grc' dir='ltr'>ἐπαιδεύεσθε</span> <span class='ocrx_word' id='word_1_348' title='bbox 826 2929 869 2963; x_wconf 91' lang='lat' dir='ltr'>A.</span> <span class='ocrx_word' id='word_1_349' title='bbox 889 2930 943 2963; x_wconf 86' lang='grc' dir='ltr'>διὰ</span> <span class='ocrx_word' id='word_1_350' title='bbox 959 2933 1059 2974; x_wconf 89' lang='grc' dir='ltr'>νόμου</span> <span class='ocrx_word' id='word_1_351' title='bbox 1075 2933 1324 2968; x_wconf 82' lang='grc' dir='ltr'>πεπαίδευσθε</span> <span class='ocrx_word' id='word_1_352' title='bbox 1318 2947 1376 2969; x_wconf 88' lang='lat' dir='ltr'>mv</span> <span class='ocrx_word' id='word_1_353' title='bbox 1378 2948 1453 2970; x_wconf 84' lang='lat' dir='ltr'>erso</span> <span class='ocrx_word' id='word_1_354' title='bbox 1471 2937 1590 2973; x_wconf 81' lang='lat' dir='ltr'>ordine</span> <span class='ocrx_word' id='word_1_355' title='bbox 1608 2939 1655 2975; x_wconf 90' lang='lat' dir='ltr'>D.</span> 
     </span>
    </p>
   </div>
   <div class='ocr_carea' id='block_1_13' title="bbox 1 2890 1655 3095">
    <p class='ocr_par' dir='ltr' id='par_1_13' title="bbox 1 2890 1655 3095">
     <span class='ocr_line' id='line_1_37' title="bbox 1 2890 1655 3028; baseline 0.013 -29"><span class='ocrx_word' id='word_1_356' title='bbox 1 2890 5 3006; x_wconf 59' lang='grc' dir='ltr'>ἒ</span> <span class='ocrx_word' id='word_1_357' title='bbox 94 2977 148 3001; x_wconf 86' lang='grc'>20.</span> <span class='ocrx_word' id='word_1_358' title='bbox 174 2968 407 3014; x_wconf 80' lang='grc' dir='ltr'>ἅνεγηγερκότι</span> <span class='ocrx_word' id='word_1_359' title='bbox 427 2972 471 3005; x_wconf 93' lang='lat' dir='ltr'>D.</span> <span class='ocrx_word' id='word_1_360' title='bbox 671 2986 725 3009; x_wconf 89' lang='lat'>21.</span> <span class='ocrx_word' id='word_1_361' title='bbox 752 2976 804 3010; x_wconf 86' lang='grc' dir='ltr'>καὶ</span> <span class='ocrx_word' id='word_1_362' title='bbox 821 2977 886 3021; x_wconf 84' lang='grc' dir='ltr'>γὰρ</span> <span class='ocrx_word' id='word_1_363' title='bbox 903 2977 1028 3013; x_wconf 78' lang='grc' dir='ltr'>ἄνωθεν</span> <span class='ocrx_word' id='word_1_364' title='bbox 1045 2979 1160 3014; x_wconf 84' lang='grc' dir='ltr'>ἐλάλει</span> <span class='ocrx_word' id='word_1_365' title='bbox 1177 2993 1238 3026; x_wconf 86' lang='lat' dir='ltr'>plo</span> <span class='ocrx_word' id='word_1_366' title='bbox 1255 2981 1369 3016; x_wconf 83' lang='grc' dir='ltr'>ελάλει</span> <span class='ocrx_word' id='word_1_367' title='bbox 1387 2984 1451 3028; x_wconf 76' lang='grc' dir='ltr'>γὰρ</span> <span class='ocrx_word' id='word_1_368' title='bbox 1468 2985 1591 3020; x_wconf 86' lang='grc' dir='ltr'>ανωθεν</span> <span class='ocrx_word' id='word_1_369' title='bbox 1608 2987 1655 3021; x_wconf 93' lang='lat' dir='ltr'>D.</span> 
     </span>
     <span class='ocr_line' id='line_1_38' title="bbox 2 3010 634 3095; baseline 0.013 -49"><span class='ocrx_word' id='word_1_370' title='bbox 2 3010 6 3095; x_wconf 66' lang='lat'><em>³</em></span> <span class='ocrx_word' id='word_1_371' title='bbox 91 3014 307 3062; x_wconf 84' lang='grc' dir='ltr'>ιλαστηρίου]</span> <span class='ocrx_word' id='word_1_372' title='bbox 327 3017 571 3063; x_wconf 83' lang='grc' dir='ltr'>θυσιαστηρίου</span> <span class='ocrx_word' id='word_1_373' title='bbox 590 3020 634 3054; x_wconf 92' lang='lat' dir='ltr'>D.</span> 
     </span>
    </p>
   </div>
   <div class='ocr_carea' id='block_1_14' title="bbox 3 3093 938 3131">
    <p class='ocr_par' dir='ltr' id='par_1_14' title="bbox 3 3093 938 3131">
     <span class='ocr_line' id='line_1_39' title="bbox 3 3093 938 3131; baseline 0.017 -24"><span class='ocrx_word' id='word_1_374' title='bbox 3 3098 6 3131; x_wconf 34' lang='grc' dir='ltr'>ἶ</span> <span class='ocrx_word' id='word_1_375' title='bbox 815 3093 938 3131; x_wconf 76' lang='lat' dir='ltr'>4n2</span> 
     </span>
    </p>
   </div>
   <div class='ocr_carea' id='block_1_15' title="bbox 3 3133 9 3434">
    <p class='ocr_par' dir='ltr' id='par_1_15' title="bbox 3 3133 9 3434">
     <span class='ocr_line' id='line_1_40' title="bbox 3 3133 7 3290; baseline 0 -19"><span class='ocrx_word' id='word_1_376' title='bbox 3 3133 7 3290; x_wconf 62' lang='grc' dir='ltr'>ἕ</span> 
     </span>
     <span class='ocr_line' id='line_1_41' title="bbox 4 3295 9 3434; baseline 0 0"><span class='ocrx_word' id='word_1_377' title='bbox 4 3295 9 3434; x_wconf 69' lang='grc' dir='ltr'>Ι</span> 
     </span>
    </p>
   </div>
  </div>
 </body>
</html>
