2021 3434
2017 82 2021 135 ἓ

334 200 420 239 400
726 200 775 240 B.
820 200 1091 241 CYRILLI
1129 201 1507 242 ALEXANDR.
1799 199 1840 240 ii.
1864 199 1902 238 6.
2017 197 2021 275 Ξ

334 310 408 359 καὶ
442 309 602 375 με’χρις
638 310 790 359 αὐτῶν
825 312 1091 374 δαπανῆσαι
1118 309 1310 376 βάθρων
1334 309 1419 373 τὴν
1453 311 1572 360 οὕτω
1602 307 1826 374 λαμπράν
1857 330 1906 358 τε
2016 290 2020 346 ξ

335 392 409 439 καὶ
444 388 734 456 περιώνυμον
762 389 920 442 πόλιν.
985 393 1060 442 καὶ
1096 397 1303 443 πλεῖστα
1341 391 1426 456 μὲν
1463 391 1556 442 ὅσα
1592 394 1686 441 τῶν
1723 389 1779 458 ἐξ
1801 390 1902 439 Ἰσ-

332 469 457 536 ραὴλ
497 471 556 522 τὰ
601 471 887 537 ἐγκλήματα·
932 472 1145 536 μάλιστα
1184 472 1233 525 δὲ
1269 472 1457 525 πάντων
1494 474 1752 524 ἐπαιτιᾶται
1790 470 1909 525 Θεὸς

333 551 387 602 τὸ
430 557 529 606 ταῖς
572 557 665 604 τῶν
709 553 923 621 πατέρων
964 557 1286 619 ἀκολουθῆσαι
1329 555 1546 609 πλάναις.
1612 557 1654 604 οἱ
1696 552 1780 616 μὲν
1816 551 1908 619 γὰρ

115 647 198 680 265
221 645 271 680 A·
293 655 315 678 a
333 634 398 685 gin
435 639 535 688 ταῖς
572 637 841 701 Αἰγυπτίων
870 637 1161 705 πλεονεξίαις
1195 636 1528 703 ὑπεζευγμένοι,
1562 637 1635 686 καὶ
1666 639 1760 688 τοῖς
1791 635 1901 685 ἐκεί·
1926 649 1948 688 5

333 739 426 766 νων
467 715 596 767 ἔθεσί
635 740 684 767 τε
725 721 799 768 καὶ
842 717 998 783 νόμοις
1039 718 1406 785 ἐντεθραμμένοι,
1449 718 1619 787 μόσχῳ
1662 715 1716 767 τὸ
1761 716 1908 778 σέβας

332 800 554 862 ἀνῆπτον·
622 802 664 850 οἱ
722 799 769 850 δὲ
820 799 906 865 τὴν
968 800 1311 867 παμμόχθηρον
1373 800 1544 864 ε”κείνην
1605 798 1908 868 διαφυγόντες

333 880 559 944 δουλείαν,
613 882 687 931 καὶ
747 887 842 935 τοῖς
903 883 1036 936 θείοις
1099 880 1361 945 ἐντάλμασι
1421 880 1730 948 πολυτρόπως
1791 903 1900 932 παι-

333 962 680 1028 δαγωγούμενοι
743 962 861 1029 πρὸς
920 963 974 1015 τὸ
1043 964 1205 1015 εἰδέναι
1281 968 1454 1033 σαφῶς
1528 962 1582 1014 τὸ
1657 967 1723 1032 τῷ
1801 966 1908 1032 Θεῷ

333 1046 512 1106 δοκοῦν,
555 1043 720 1096 ἀνόπιν
770 1046 914 1101 ἰόντες
954 1047 1222 1110 ἡλίσκοντο,
1265 1048 1340 1097 καὶ
1390 1050 1450 1099 εἷς
1498 1045 1583 1110 τὴν
1625 1050 1718 1096 τῶν
1760 1045 1901 1097 πατέ-
1930 1066 1974 1092 10
2013 1055 2017 1095 Ξ

331 1149 427 1192 ρων
458 1126 826 1193 κατασυρόμενοι
863 1126 1118 1192 πλάνησιν,
1154 1129 1228 1178 καὶ
1268 1127 1322 1179 τὸ
1361 1127 1424 1192 μὴ
1463 1129 1511 1178 ἐν
1548 1127 1669 1180 ἰ’σοις
1707 1128 1908 1193 ὁρᾶσθαι

332 1213 487 1262 κακοῖς
532 1209 653 1276 τάχα
694 1232 786 1261 που
827 1211 903 1260 καὶ
953 1209 1151 1264 δεδιότες
1195 1213 1257 1263 ὡς
1295 1209 1516 1263 ἀκαλλές.
1582 1207 1902 1276 προσκεκυνή-

286 1294 312 1334 b
331 1314 443 1341 κασι
481 1291 574 1357 γὰρ
612 1293 687 1342 καὶ
726 1293 855 1342 αὐτοὶ
896 1297 995 1345 ταῖς
1036 1291 1272 1356 δαμάλεσι
1322 1297 1421 1345 ταῖς
1471 1297 1682 1359 χρυσαῖς.
1763 1290 1909 1342 αἴτιον

331 1372 378 1423 δὲ
419 1376 501 1437 τῆς
539 1373 752 1437 τοιαύτης
793 1375 947 1428 αὐτοῖς
991 1374 1154 1440 γέγονε
1197 1374 1492 1435 δυσσεβείας,
1537 1373 1590 1424 τὸ
1633 1372 1907 1425 ἀπώσασθαι

330 1455 397 1506 τὸν
442 1456 557 1522 νόμον
605 1455 765 1524 Κυρίου,
817 1461 893 1507 καὶ
934 1455 993 1507 τα
1031 1455 1374 1526 προστάγματα
1414 1458 1544 1507 αὑτοῦ
1581 1455 1645 1520 μὴ
1684 1458 1906 1520 ἐθελῆσαι
1931 1478 1972 1518 15

331 1541 498 1603 τηρεῖν.

423 1620 610 1670 Οὐκοῦν
650 1619 733 1674 ἕως
773 1619 858 1683 μέν
902 1621 1045 1685 ἐσμεν
1087 1620 1409 1689 νομοφύλακες
1453 1622 1528 1671 καὶ
1567 1619 1794 1688 φιλόθεοι,
1833 1622 1906 1672 καὶ

329 1706 483 1767 τηρεῖν
521 1700 863 1767 σπουδάζοντες
901 1701 960 1753 τὰ
997 1703 1400 1769 προστεταγμένα,
1427 1704 1572 1772 σοφοὶ
1604 1705 1679 1753 καὶ
1710 1703 1905 1771 ἀγχίνοι,

331 1785 406 1834 καὶ
437 1784 628 1849 ἀπάσης
662 1787 826 1850 ἀρετῆς
860 1784 1184 1850 ἐπιστήμονες,
1215 1788 1290 1836 καὶ
1319 1786 1368 1836 τί
1393 1784 1485 1852 γὰρ
1512 1786 1613 1853 οὐχὶ
1641 1789 1735 1836 τῶν
1759 1784 1908 1836 τοιού-

329 1888 423 1916 των
462 1865 838 1931 πεπλουτηκότες
882 1866 1259 1933 εὑρεθησόμεθα;
1307 1868 1563 1921 νενευκότες
1608 1867 1655 1918 δὲ
1698 1867 1816 1934 πρὸς
1852 1865 1906 1918 τὸ
1926 1890 1972 1916 20
2007 1902 2010 1912 .

327 1946 555 2016 ῥάθυμον,
600 1951 674 2000 καὶ
712 1953 806 1999 τῶν
848 1949 983 2000 θείων
1027 1949 1355 2015 ἀλογήσαντες
1399 1950 1568 2014 νόμων,
1608 1953 1900 2017 περιενεχθη-

107 2043 191 2084 Eph
208 2043 251 2074 iv
289 2048 310 2075 0
327 2029 510 2094 σόμεθα
542 2029 711 2082 λοιπὸν
737 2031 889 2101 ἀνεμω
919 2034 1071 2095 παντὶ,
1100 2038 1180 2084 νοῦ
1209 2055 1283 2083 και
1310 2032 1479 2102 φρενὸς
1502 2035 1584 2095 τῆς
1608 2032 1803 2098 ἀριστης
1828 2055 1908 2096 τη-
2006 2052 2009 2094 5

106 2097 161 2161 ἔξ.
180 2130 246 2161 lxii.
326 2113 537 2177 τώμενοι.
594 2111 801 2177 ἐσόμεθα
836 2112 884 2164 δε
914 2137 988 2164 και
1016 2121 1042 2143 “
1059 2115 1240 2181 μερίδες
1267 2114 1562 2177 ἀλωπεκων,”
1591 2117 1699 2182 τῇδε
1725 2116 1908 2165 κάκεῖσε
2005 2107 2009 2125 ”

111 2182 158 2205 11.

2006 2135 2007 2156 l

326 2194 665 2261 περιελκόντων
703 2196 822 2259 ἡμᾶς
855 2200 950 2246 τῶν
991 2195 1266 2262 ἀκαθάρτων
1290 2197 1581 2260 πνευμάτων.
1651 2197 1799 2263 ὀρθῶς
1828 2197 1908 2247 οὖν

327 2276 418 2342 ἄρα
459 2279 533 2327 καὶ
579 2281 746 2346 σοφῶς
789 2279 894 2344 περὶ
938 2279 1113 2329 δικαίου
1155 2278 1331 2332 παντὸς
1371 2279 1395 2328 ὁ
1437 2279 1689 2332 θεσπέσιος
1725 2278 1907 2347 ψάλλει
1926 2299 1970 2338 25
2003 2296 2007 2339 3

106 2366 207 2441 {Qvi
247 2420 273 2443 Ι
328 2360 503 2410 Δαυείδ
541 2359 649 2410 “‘O
689 2358 829 2423 νόμος
869 2365 951 2411 τοῦ
995 2363 1120 2411 Θεοῦ
1157 2362 1298 2412 αὐτοῦ
1342 2361 1390 2411 ἐν
1433 2361 1598 2430 καρδια
1641 2361 1796 2424 αὑτοῦ,
1832 2363 1906 2412 καὶ
2002 2343 2006 2418 l⁸

222 2420 239 2451 3
327 2441 466 2509 “οὐχ
498 2441 962 2506 ὑποσκελισθήσεται
992 2441 1051 2494 τὰ
1082 2442 1352 2508 διαβήματα
1386 2443 1542 2494 αὐτοῦ.
1549 2441 1574 2457 ”
2003 2509 2005 2515 ⁴

2002 2524 2005 2588 ἕ

2001 2596 2003 2616 Ι

286 2631 444 2673 6Τάὸε
488 2634 598 2680 λέγει
638 2632 787 2690 Κύριος
817 2633 919 2675 Ἐπὶ
961 2631 1053 2675 ταῖς
1100 2634 1233 2691 τρισὶν
1276 2633 1490 2684 ἀσεβείαις
1521 2634 1695 2691 Ἰσραὴλ
1734 2635 1802 2675 καὶ
1837 2633 1906 2674 ἐπὶ

375 2780 407 2810 4.
432 2767 680 2815 ἀκολουθῆσαι]
701 2769 840 2803 ἐπακολ.
860 2769 952 2804 Edd.
1094 2770 1127 2804 6.
1154 2770 1254 2810 ἤθεσι
1270 2771 1314 2805 A.
1457 2783 1489 2816 9.
1518 2771 1556 2805 τὸ
1575 2771 1670 2816 prius
1688 2770 1796 2818 Α.τῷ
1814 2770 1905 2805 Edd-

328 2820 407 2848 ante
426 2815 560 2859 Migne.
608 2818 654 2850 τῶ
673 2823 895 2861 assumptum
912 2829 952 2850 ex
965 2816 1008 2850 A.
1058 2816 1229 2863 ἄνοπιν]’
1208 2833 1274 2851 aveo
1291 2832 1356 2852 που
1370 2818 1457 2862 (sic)
1470 2818 1512 2851 A.
1612 2829 1663 2852 11.
1681 2816 1736 2863 τὸ]
1750 2833 1801 2852 τοι
1816 2817 1903 2852 Edd.

332 2871 384 2902 15.
410 2862 553 2905 θελῆσαι
571 2862 614 2896 A.
799 2862 852 2897 16.
877 2863 938 2906 μέν
954 2869 1175 2908 assumptum
1193 2876 1233 2898 ex
1255 2864 1295 2898 B.
1315 2870 1394 2909 post
1410 2866 1521 2909 τηρεῖν
1537 2869 1668 2909 transp.
1687 2864 1730 2898 A.
1781 2864 1904 2899 Statim

330 2908 432 2949 νόμου
448 2908 599 2953 φύλακες
617 2909 660 2943 A.
870 2911 922 2944 18.
948 2910 1082 2954 ἁπάσης
1098 2910 1141 2945 A.
1159 2912 1271 2955 πάσης
1289 2910 1379 2946 Edd.
1580 2922 1635 2945 21.
1662 2910 1841 2955 ἡττώμενοι
1858 2909 1901 2944 A.
1997 2944 1999 2949 χ

330 2963 385 2986 22.
411 2961 542 3033 rillpost
559 2957 638 2999 τῇδε
656 2956 736 2991 add.
752 2956 843 2991 Edd.
862 2957 1141 3003 repugnantibus
1160 2958 1204 2992 A.
1211 2958 1252 2993 B.
1414 2969 1469 3003 25.
1494 2957 1532 2991 ‘O
1551 2956 1668 3003 νόμος]
1688 2957 1793 3003 ὄνομα
1811 2956 1904 2992 Edd.
1995 2954 1999 2985 3

330 3004 408 3033 ante
469 3012 560 3046 xgne.
