2021 3434
78 244 117 269 v.
138 228 177 278 8,
199 243 237 283 9.
462 229 534 270 IN
580 230 962 272 MICHAEAM.
1025 230 1172 271 TOM.
1206 230 1267 270 ΙΙ.
1566 229 1649 270 687

79 335 307 388 δύνασθαι
343 337 620 401 συναχθῆναί
647 361 696 389 τε
728 341 802 389 καὶ
836 341 1083 400 ὑποστῆναι
1110 339 1206 388 κατ’
1231 337 1397 398 αὐτῶν,
1423 334 1652 395 τουτέστι,

78 417 193 482 μήτε
219 423 465 470 συνελθεῖν
488 419 602 484 μήτε
628 419 721 484 μὴν
745 422 997 486 ἀντισχεῖν·
1034 424 1170 470 τοῦτο
1193 419 1286 484 γὰρ
1312 417 1365 468 τὸ
1393 419 1651 479 ὑποστῆναι

79 504 117 551 εἰ
155 507 326 552 κακοῦν
360 501 547 553 ἕλοιντό
580 525 697 556 τινες
725 507 818 552 τῶν
851 503 888 553 ἐν
919 505 1020 556 υἱοῖς
1057 500 1292 571 ἀνθρώπων.
1356 501 1535 551 πολλαὶ
1570 499 1653 562 μὲν

79 581 174 649 γὰρ
201 585 277 633 καὶ
313 583 443 649 παρὰ
477 588 676 634 πολλῶν
701 583 896 652 σκέψεις
929 606 980 633 τε
1018 585 1093 634 καὶ
1131 581 1445 650 ἐγχειρήματα
1482 580 1649 632 συντέ-
1673 600 1695 626 O

39 674 62 713 5
82 669 254 715 θεινται
292 666 388 715 κατ’
418 666 584 727 αὐτῶν,
610 664 848 730 ἠδίκηνται
887 665 935 715 δὲ
970 664 1114 727 οὐδὲν,
1141 668 1264 715 Θεοῦ
1303 663 1657 729 κατευνάζοντος

80 744 188 798 τοὺς
225 749 318 796 τῶν
353 745 614 813 ἰσχυόντων
653 746 839 810 θυμοὺς,
871 749 945 797 καὶ
980 745 1076 796 οἷον
1114 746 1318 798 εὐδοκίας
1358 744 1492 814 ὅπλῳ
1530 767 1659 809 περι-
1720 758 1878 797 Ps.v.13·

82 827 351 890 βάλλοντος
397 828 503 882 τοὺς
547 830 687 882 ἰδίους
732 831 807 879 καὶ
850 828 1129 897 παραδόξως
1173 826 1338 881 αὐτοὺς
1387 828 1437 877 ἐκ
1486 824 1660 879 παντὸς

81 908 303 977 ῥυομένου
329 932 378 960 τε
404 912 478 960 καὶ
503 911 825 977 ἀνασώζοντος
849 916 1130 977 πειρασμοῦ.

88 1093 162 1135 Καὶ
187 1093 306 1136 ἔσται
335 1094 382 1135 τὸ
414 1094 654 1143 ὑπόλειμμα
681 1099 755 1135 τοῦ
776 1094 932 1144 Ἰακὼβ
958 1094 1003 1135 ὲν
1029 1091 1117 1135 τοῖς
1144 1093 1308 1135 ἔθνεσιν
1334 1093 1378 1134 ἐν
1405 1095 1522 1146 μέσῳ
1542 1092 1660 1133 λαῶν
1680 1100 1702 1135 8

21 1188 67 1213 10
152 1177 326 1219 Πολλῶν
353 1177 413 1218 ὡς
447 1178 559 1218 λε’-ῑων
586 1177 631 1218 ἐν
658 1178 851 1219 κτήνεσιν
881 1177 926 1218 ἐν
953 1181 1014 1231 τῷ
1044 1177 1189 1233 δρυμῷ
1216 1176 1284 1217 καί
1317 1177 1376 1217 ὡς
1408 1177 1586 1224 σκύμνος
1615 1176 1660 1217 ἑν
1680 1193 1701 1217 a
1729 1184 1814 1217 442
1834 1182 1881 1217 A.

0 1223 1 1238 ι

0 1239 2 1264 ί

0 1280 2 1293 Ι

152 1259 362 1308 ποιμνίοις
404 1261 647 1317 Προβάτων,
690 1261 738 1303 ὃν
778 1261 938 1317 τρόπον
981 1261 1084 1303 ὅταν
1123 1260 1269 1317 ὃιελθῌ
1315 1258 1383 1300 καί
1423 1258 1663 1300 διαστείλας

153 1344 340 1401 ἁρπάσῌ,
374 1343 441 1384 καὶ
467 1343 522 1392 μή
553 1341 576 1401 ᾇ
609 1345 632 1385 ὁ
659 1344 975 1400 ἐξαιρούμενος.
1028 1344 1303 1393 ὑψωθήσεται
1330 1344 1352 1383 ιῖι
1381 1342 1468 1398 χείρ
1495 1357 1568 1383 σου
1595 1341 1663 1383 ἐπὶ
1683 1356 1705 1391 9

153 1426 252 1468 τοὺς
295 1426 517 1476 θλίβοντάς
560 1443 618 1477 σε,
661 1427 729 1467 καὶ
771 1428 928 1468 Πάντες
970 1425 1008 1468 οἰ
1056 1427 1198 1483 ἐχθροί
1241 1442 1314 1468 σου
1356 1426 1666 1481 ἐξολοθρευθιίι-

159 1525 316 1552 ΟΟνΤαῑ.

26 1628 71 1667 15
165 1606 242 1658 Τὰ
279 1607 467 1674 χρηστὰ
506 1609 579 1657 καὶ
618 1607 907 1676 ἀξιοὶκουστα
944 1612 1038 1658 τῶν
1076 1605 1388 1671 διηγημάτων,
1415 1604 1500 1656 κᾶν
1527 1610 1564 1656 εἷ
1591 1604 1666 1656 διὰ

92 1693 185 1740 τῶν
211 1690 362 1739 αὐτῶν
385 1689 593 1757 ε”ρχοιντο
628 1690 799 1754 λόγων,
827 1691 910 1740 οὐκ
941 1688 998 1740 ἂν
1024 1689 1120 1756 ε”χοι
1145 1688 1198 1740 τὸ
1226 1687 1470 1756 φορτικὸν,
1501 1689 1666 1756 ἕψεται

93 1771 140 1822 δὲ
179 1776 367 1833 μᾶλλον
394 1773 547 1825 αὐτοῖς
571 1770 696 1823 πολὺ
722 1771 776 1822 τὸ
807 1773 1004 1838 ἐπίχαρι.
1074 1770 1118 1822 το
1161 1770 1466 1839 κατάλειμμοι
1502 1768 1558 1833 δὴ
1585 1770 1665 1820 οῦν
1682 1777 1709 1817 b

92 1854 163 1905 τοῦ
201 1853 373 1912 Ἰακώβ
411 1858 549 1922 φησι,
589 1853 843 1916 τουτέστιν,
882 1857 923 1904 οἱ
957 1853 1013 1922 ἐξ
1043 1852 1215 1914 Ἰακὼβ
1255 1851 1553 1915 σεσωσμένοι
1592 1850 1666 1901 διὰ

93 1938 177 1999 τῆς
210 1935 413 1988 πίστεως
448 1938 528 1998 τῆς
560 1939 620 1988 εἷς
647 1934 862 2000 Χριστὸν
900 1939 975 1985 καὶ
1007 1939 1100 1985 τῶν
1126 1936 1439 2001 εὐαγγελικῶν
1465 1938 1667 1984 θεσπισ-

29 2037 76 2064 20
95 2016 254 2082 μάτων
280 2017 648 2082 ἀναδεδειγμένοι
685 2017 873 2083 κήρυκες
909 2019 982 2067 καὶ
1021 2019 1264 2082 ἱερουργοὶ,
1296 2019 1458 2067 ἕσοντοιι
1496 2015 1580 2079 μὲν
1605 2018 1668 2070 ὡς

95 2098 268 2166 δρόσος
293 2101 341 2150 ἐν
366 2104 460 2153 τοῖς
486 2099 682 2162 ἔθνεσιν,
709 2098 1051 2162 νεμηθήσονται
1077 2100 1125 2149 δὲ
1150 2101 1225 2149 καὶ
1260 2101 1320 2152 ὡς
1355 2098 1488 2164 ἄρνες
1520 2100 1668 2161 καλῆς

96 2183 172 2232 καὶ
221 2184 529 2251 ἀμφιλαφοῦς
579 2181 965 2245 κατασκαίροντες
1015 2179 1150 2234 πόας.
1230 2180 1571 2245 γενηθήσονται
1620 2180 1668 2231 δὲ

97 2263 228 2314 οὐδὲν
261 2264 401 2329 ἧττον
427 2265 502 2314 καὶ
536 2266 634 2315 ὡσεὶ
673 2263 780 2314 λέων
805 2263 842 2313 ἐν
872 2264 1035 2323 κτήνεσι
1077 2259 1247 2332 δρυμοῦ,
1274 2260 1399 2328 βαρὺ
1437 2265 1512 2313 καὶ
1552 2267 1663 2332 φρι-

52 2362 56 2367 ”
97 2348 239 2399 κῶδες
277 2344 698 2412 καταβρυχόμενος,
726 2346 800 2395 καὶ
838 2343 1076 2411 ἀφόρητον
1111 2345 1296 2398 ἐντιθεὶς
1334 2344 1388 2394 τὸ
1425 2347 1557 2407 δεῖμα
1593 2346 1669 2395 καὶ

33 2450 80 2489 25
97 2433 191 2482 τοῖς
216 2428 412 2494 μακράν.
483 2427 670 2478 ε”σονται
696 2426 743 2477 δὲ
769 2428 843 2477 καὶ
868 2429 925 2481 ὡς
951 2427 1132 2494 σκύμνοι
1160 2426 1347 2480 λεόντος
1375 2427 1412 2478 ἐν
1438 2428 1665 2495 ποιμνίοις,
1686 2452 1708 2479 o

145 2570 177 2594 2.
202 2558 285 2603 μήτε
301 2559 365 2603 μὴν
382 2559 426 2593 A.
443 2557 516 2603 μητ’
537 2557 629 2592 Edd.
827 2569 860 2599 4.
886 2571 922 2589 τε
939 2562 1160 2601 assumptum
1178 2568 1218 2590 ex
1237 2557 1279 2590 Α.
1468 2565 1502 2601 5.
1527 2557 1670 2592 οὐδὲν-

97 2606 176 2642 τοὺς
191 2609 258 2640 τῶν
274 2618 344 2640 om.
362 2606 406 2640 A.
657 2603 689 2637 6.
720 2603 816 2637 Haec
834 2603 886 2636 καὶ
904 2601 974 2637 οἷον
991 2603 1140 2638 εὐδοκίας
1157 2603 1253 2650 ὅπλῳ
1270 2604 1538 2648 περιβάλλοντος
1559 2603 1670 2649 [περι-

97 2654 292 2695 βάλλοντος
307 2653 387 2696 (sic)
405 2651 467 2697 A.]
487 2651 564 2687 τοὺς
581 2651 684 2685 ἰδίους
702 2656 920 2684 accesserunt
937 2661 978 2683 ex
996 2650 1040 2683 A.
1347 2662 1380 2695 9.
1405 2653 1451 2696 τῷ
1469 2662 1532 2694 pro
1548 2653 1608 2685 τοῦ
1627 2651 1670 2686 Β.

98 2701 239 2734 πολλῶν
255 2700 359 2734 ἐθνῶν
375 2711 438 2744 pro
455 2701 546 2732 λαῶν
561 2700 700 2732 πολλῶν
717 2698 760 2731 A.
859 2707 912 2730 10.
930 2697 982 2729 καὶ
1000 2696 1043 2732 ὣς
1061 2707 1131 2730 om.
1150 2696 1194 2730 A.
1293 2707 1306 2730 1
1318 2707 1346 2730 1.
1365 2697 1506 2742 ποιμνίῳ
1523 2697 1566 2731 Α.
1583 2698 1672 2743 (91.)

99 2746 293 2781 διαστείλας
309 2744 464 2791 ἁρπάσῃ]
484 2745 658 2787 διαστείλῃ
676 2743 827 2787 ἁρπάσαι
845 2742 888 2776 Β.
907 2744 1019 2787 (153.)
1279 2742 1334 2778 16.
1359 2742 1530 2789 ἕρχοιντο]
1549 2744 1672 2789 προέρ-

99 2807 215 2838 χοιντο
233 2793 325 2827 Edd.
344 2793 461 2827 invitis
479 2792 571 2825 A.B.
620 2791 692 2835 ἔχοι
710 2791 754 2824 A.
773 2790 882 2834 ἔχοιεν
897 2789 957 2822 iid-
1081 2799 1135 2833 17.
1160 2788 1249 2823 πολὺ
1266 2796 1299 2823 et
1316 2790 1356 2834 δὴ
1374 2797 1553 2835 assumpta
1569 2802 1609 2824 ex
1628 2792 1672 2826 A.

104 2840 158 2874 18.
185 2840 222 2884 ἐξ
237 2838 375 2885 Ἰακὼβ]
397 2839 432 2873 ἐκ
448 2839 596 2873 πίστεως
611 2836 732 2877 Ἰακὼβ
749 2836 794 2870 Α.
902 2847 955 2880 19.
981 2837 1038 2880 τῆς
1054 2836 1151 2881 prius
1169 2847 1239 2870 om.
1258 2837 1301 2870 A.
1408 2848 1463 2877 20,
1484 2848 1538 2871 21.
1563 2838 1624 2881 μὲν
1641 2843 1675 2871 et

101 2887 154 2920 καὶ
171 2892 350 2930 assumpta
367 2898 408 2920 ex
426 2885 517 2919 A.B.
653 2894 707 2917 22.
732 2881 974 2927 γενηθὴσονται
991 2883 1035 2917 Α.
1052 2881 1251 2927 γενήσονται
1270 2882 1361 2916 Edd.
1497 2894 1552 2927 23.
1579 2884 1676 2918 οὐδέν

101 2932 200 2976 ἧττον
217 2944 287 2967 om.
306 2934 351 2966 A.
399 2934 469 2967 τοῖς
486 2930 620 2974 κτήνεσι
637 2933 696 2963 τοῦ
713 2941 775 2974 pro
793 2929 927 2972 κτήνεσι
944 2930 988 2963 Α.
1033 2929 1122 2972 βαρὺ
1139 2930 1182 2962 Α.
1202 2929 1291 2969 βαθὺ
1307 2929 1397 2964 Edd.
1496 2941 1550 2972 24.
1577 2944 1676 2964 κατα·

100 2981 306 3024 βρυχόμενοι
325 2979 367 3013 Β.
416 2979 589 3024 ἀφόρητον
606 2978 649 3011 A.
667 2976 753 3021 μέγα
771 2976 863 3010 Edd.
913 2976 1038 3010 Statim
1056 2975 1236 3012 ἐντιθέντες
1255 2976 1298 3011 B.
1495 2987 1550 3022 25.
1575 2991 1677 3021 ποιμ-

102 3026 183 3062 νίοις
199 3026 290 3060 Α.Β.
308 3026 449 3073 ποιμνίῳ
468 3024 559 3059 Edd.
611 3023 802 3058 praemittit
819 3024 887 3057 τοῖς
906 3022 949 3057 Β.
