2021 3434
253 170 337 209 286
639 167 689 207 Β.
733 165 1009 206 CYRILLI
1050 163 1430 205 ALEXANDR‘
1679 162 1763 202 xiv.
1787 176 1826 216 9.

251 278 374 347 ῥοπὴ
399 278 474 328 καὶ
500 276 731 329 διάνευσις
757 276 784 340 ἡ
811 279 872 329 εἰς
900 274 1178 345 φαυλότητά
1202 297 1251 325 τε
1279 276 1354 324 καὶ
1380 272 1622 339 ἁμαρτίαν,
1651 271 1830 327 δειλοὺς

253 362 328 412 καὶ
367 358 621 424 ἀνάνδρους
663 357 945 426 ἀποφήνειεν
978 356 1048 419 ἂν,
1086 358 1161 407 καὶ
1197 357 1279 407 οὐκ
1318 355 1509 422 ἔχοντας
1545 353 1674 419 παρὰ
1708 357 1831 405 Θεοῦ

252 441 307 493 τὸ
342 443 599 506 κατορθοῦν
633 439 864 489 δύνασθαι
898 437 984 502 τὴν
1020 437 1200 504 ἀρετὴν,
1227 437 1298 488 ὅτι
1334 436 1399 501 μὴ
1436 437 1484 486 ἐν
1522 436 1685 502 ἀρχαῖς
1715 458 1832 487 τετι-

251 521 445 587 μήκασι,
482 520 598 586 μηδὲ
641 520 834 586 γέγονεν
867 524 929 574 εἰς
966 525 1105 571 τοῦτο
1143 519 1338 581 βλέπων
1373 519 1525 572 αὐτοῖς
1566 518 1591 568 ὁ
1635 517 1829 572 σκοπός.

251 605 417 655 οὐκοῦν
453 603 580 669 ε’ίπερ
618 601 762 666 ἐσμὲν
806 602 990 670 ἀγχίνοι
1027 602 1102 652 καὶ
1136 603 1298 671 σοφοὶ,
1331 599 1462 667 παρὰ
1500 603 1624 651 Θεοῦ
1661 599 1716 651 τὸ
1754 600 1831 652 δύ-
1851 613 1872 652 5

252 690 425 738 νασθαι
469 687 583 752 δρᾶν
625 683 656 734 ἃ
699 686 938 751 προσῆκεν
980 682 1248 748 αἰτήσομεν,
1283 687 1507 750 χαριεῖται
1545 680 1594 732 δὲ
1631 681 1832 745 πάντως,

207 774 233 815 d
253 769 587 838 φιλάνθρωπος
635 763 714 829 ὧν,
766 766 841 816 καὶ
895 767 1205 829 πνευματικῆς
1262 763 1426 832 ἰσχύος
1475 762 1708 828 ἐμπλήσει
1758 762 1834 814 διὰ

251 855 482 918 Χριστοῦ,
529 848 584 900 δι’
621 848 674 899 οῦ
715 850 792 899 καὶ
831 848 938 912 μεθ’
977 847 1030 898 οῦ
1069 851 1135 915 τῷ
1175 849 1282 916 Θεῷ
1320 849 1396 897 καὶ
1436 847 1590 911 Πατρῖ
1628 845 1656 909 ἡ
1702 844 1831 914 δόξα,

252 934 344 985 σὺν
368 933 518 1002 εΑγίῳ
547 931 800 995 Πνεύματι,
828 934 889 984 εἷς
923 928 1030 984 τοῦς
1057 933 1225 983 αἰῶνας
1249 933 1342 980 τῶν
1369 928 1561 980 αἰώνων.
1619 927 1791 992 Ἀμήν.

298 1128 331 1162 3.
357 1114 530 1159 κατορθεῖν
547 1114 594 1149 D.
844 1125 877 1156 4.
906 1112 1003 1147 Haec
1019 1112 1101 1156 μηδε
1119 1111 1323 1158 γεγονεν-ὁ
1341 1113 1469 1147 σκοπός
1486 1116 1706 1146 accesserunt
1722 1122 1762 1145 ex
1782 1110 1829 1145 D.

252 1176 285 1212 5.
312 1163 445 1208 ἀγχίνοι
464 1162 505 1195 Β.
513 1162 557 1196 D.
579 1162 680 1195 Pont.
697 1160 851 1206 ἀγχίνοοι
868 1158 1720 1203 Aubertus.().at'rr'10·copev
1738 1157 1829 1193 Edd.

256 1223 288 1259 7.
314 1208 497 1255 ἐμπλήσει]
518 1207 680 1253 ἐκπλησει
699 1207 757 1243 iid.
1038 1219 1072 1252 9.
1098 1209 1163 1241 τῶν
1179 1206 1305 1241 αἰώνων
1322 1217 1392 1241 om.
1411 1206 1458 1240 D.
