2021 3434
157 217 398 269 vii.17-20.
530 219 599 260 IN
640 220 1023 261 MICHAEAM.
1083 220 1235 260 TOM.
1269 219 1355 260 III.
1643 221 1724 261 739

221 338 347 381 αὐτὸς
384 339 632 397 ἐπιστρέψει
671 341 739 382 καὶ
765 339 1020 397 οἰκτειρύσει
1054 341 1179 391 ἡμᾶς,
1207 340 1431 382 καταδύσει
1457 339 1532 381 τὰς
1558 339 1724 380 ἀδικίας
1748 355 1793 391 19

220 422 342 470 ἡμῶν
384 423 452 463 καὶ
491 423 725 480 ἀποῤῥίψει
765 421 824 464 εἰς
862 423 912 464 τὰ
954 424 1058 473 βάθη
1099 428 1171 463 τῆς
1212 424 1426 464 θαλάσσΗε
1470 425 1609 464 ufficone
1649 422 1724 462 τὰς

219 505 429 560 ἁμαρτίας
479 506 614 553 ἡμῶν.
674 504 803 547 δώσει
846 503 905 545 eie
947 505 1151 546 ἀλήθειαν
1193 506 1254 557 τῷ
1291 504 1458 555 Ἰακὼβ,
1501 504 1622 545 ἔλεος
1664 505 1724 557 τῷ
1746 514 1793 538 20

213 588 419 644 Ἀβραὰμ,
448 589 593 630 καθότι
627 589 770 637 ὤμοσε
804 585 891 629 τοῖς
918 589 1126 644 Πατράσιν
1161 587 1282 635 ἡμῶν
1318 586 1423 627 κατὰ
1457 585 1531 626 τὰς
1566 587 1724 642 ἡμέρας

111 677 132 714 5
221 670 296 711 τὰς
323 671 574 727 ἔμπροσθεν.

218 809 471 864 ''Euo-mm?
504 810 598 877 γὰρ
637 813 826 875 ἀληθῶς
863 810 917 862 τὸ
944 813 1160 876 Χριστοῦ
1198 809 1472 876 μυστήριον,
1499 812 1572 860 καὶ
1610 833 1728 861 παν-

154 892 233 946 τὸς
271 891 478 944 ἐπέκεινα
508 892 657 960 λόγου
688 899 770 944 τοῦ
802 891 1166 958 καταθαυμάζειν
1192 891 1365 946 εἰδότος
1399 895 1481 955 τῆς
1520 892 1591 960 ἐφ’
1621 893 1727 955 ἡμῖν
1746 916 1767 941 e

154 973 434 1040 ἡμερότητος
471 999 500 1039 η
539 974 756 1042 ὑπεροχή.
826 976 901 1026 καὶ
946 980 1060 1039 γοῦν
1098 976 1123 1025 ὁ
1158 973 1410 1027 θεσπέσιος
1446 972 1729 1037 Ἀμβακοὺμ

153 1055 236 1107 τὸν
276 1059 359 1120 τῆς
401 1055 797 1123 ε’νανθρωπήσεως
841 1056 1017 1123 τρόπον
1056 1055 1385 1118 κατατεθηπὼς
1429 1053 1728 1119 ἀνακεκράγει

87 1160 134 1184 10
153 1141 325 1206 σαφῶς
373 1145 400 1167 “
423 1138 566 1205 Κύριε
610 1138 861 1202 εἶσακήκοα
909 1137 994 1202 τὴν
1036 1137 1178 1201 ἀκοήν
1221 1159 1311 1186 σου
1352 1138 1427 1186 καὶ
1474 1135 1729 1201 ἐφοβήθην,
1792 1153 1949 1183 Abac.iii.

155 1227 182 1248 ‘⁶
213 1220 354 1286 Κύριε
396 1218 658 1283 κατενόησα
695 1218 755 1270 τὰ
792 1219 907 1286 ἔργα
944 1242 1036 1269 σου
1079 1220 1154 1269 καὶ
1189 1218 1429 1287 ἐξε’στην.”
1488 1219 1536 1268 ἐν
1568 1221 1730 1286 μορφῇ
1795 1206 1863 1231 1’2'

154 1301 249 1368 γὰρ
278 1300 502 1369 ὑπάρχων
528 1303 603 1352 καὶ
637 1303 687 1352 ἐν
713 1301 895 1365 ἰσότητι
923 1307 1005 1351 τοῦ
1038 1304 1162 1351 Θεοῦ
1194 1302 1269 1351 καὶ
1295 1298 1484 1366 Πατρὸς
1510 1301 1534 1350 ὁ
1563 1303 1723 1350 Μονο-

154 1382 306 1448 γενὴς,
346 1386 420 1434 καὶ
457 1383 688 1436 πλούσιος
726 1381 791 1434 ὧν
835 1385 896 1437 ὡς
939 1382 1078 1445 Θεὸς,
1121 1382 1389 1449 ἐπτώχευσε
1428 1382 1481 1432 δι’
1511 1382 1642 1445 ἡμᾶς,
1673 1381 1727 1432 ἵν’
1791 1388 1899 1461 {iigm-

154 1466 283 1529 ἡμεῖς
320 1469 378 1533 τῇ
417 1465 589 1516 ἐκείνου
626 1463 835 1533 πτωχείᾳ
864 1463 1226 1528 πλουτήσωμεν·
1267 1463 1342 1514 ἵνα
1366 1463 1507 1530 σώσῃ
1533 1462 1587 1513 τὸ
1614 1465 1730 1515 ἀπο-
1852 1441 1904 1471 '9⁹

90 1566 135 1605 15
158 1545 327 1610 λωλὸς,
362 1547 497 1614 ῥώσῃ
540 1545 593 1597 τὸ
634 1545 909 1611 ἠσθενηκὸς,
951 1545 1194 1614 καταδήσῃ
1234 1543 1287 1596 τὸ
1325 1545 1729 1611 συντετριμμένον,

156 1628 423 1697 ζωοποιήσῃ
462 1626 515 1679 τὸ
546 1627 851 1695 ἐφθαρμένον,
887 1628 1121 1696 καθαρίσῃ
1158 1627 1212 1679 τὸ
1249 1629 1438 1694 ῥυποῦν,
1471 1626 1730 1696 ἀπαλλάξῃ
1749 1636 1776 1676 d

155 1710 284 1775 δίκης
314 1709 368 1761 τὸ
396 1712 861 1773 καταδεδικασμένον,
890 1709 1201 1776 εὖλογημένον
1235 1709 1456 1777 ἀποφήνῃ
1483 1707 1536 1759 τὸ
1562 1707 1732 1775 ἐπάρα-

155 1815 254 1851 τον,
293 1796 351 1860 τῇ
404 1795 487 1855 τῆς
538 1793 772 1846 υἱοθεσίας
822 1791 1155 1860 κατακαλλύνῃ
1205 1796 1316 1859 τιμῇ
1366 1789 1419 1842 τὸ
1461 1794 1632 1842 δοῦλον
1675 1795 1733 1858 τῇ

156 1874 313 1942 φύσει.
381 1875 547 1925 οὐκοῦν
585 1873 787 1925 ἀκουέτω
824 1873 954 1940 παρὰ
991 1873 1183 1925 πάντων
1208 1876 1284 1929 Τίς
1311 1872 1422 1928 Θεος
1461 1872 1607 1941 ὥσπερ
1646 1872 1703 1924 σύ
1720 1900 1730 1934 3

91 1980 138 2003 20
156 1955 334 2022 ἀγαθὸς
383 1955 602 2020 δηλονότι
646 1957 720 2006 καὶ
762 1956 1094 2020 ἀμνησίκακος,
1139 1957 1277 2009 ἀνιεὶς
1327 1954 1601 2020 ἐγκλήματα
1644 1955 1732 2010 τοῖς

159 2040 460 2093 καταλοῖποις
499 2037 574 2098 τῆς
616 2040 900 2108 κληρονομίας
942 2041 1085 2090 αὐτοῦ·
1136 2039 1410 2090 κατάλοιποι
1450 2036 1497 2088 δὲ
1538 2050 1731 2103 κληρονο-

156 2123 270 2190 μίαις
314 2121 445 2171 οιύτοῧ
490 2123 693 2183 νοηθεΐεν
736 2118 793 2170 ἂν
834 2123 875 2171 οἱ
918 2120 974 2189 ἐξ
1014 2118 1215 2186 Ἰσραὴλ
1258 2118 1612 2180 πιστεύσαντες,
1650 2121 1733 2181 τῆς

156 2203 313 2269 ἑτέρας
352 2201 572 2266 δηλονότι
609 2201 821 2266 πληθύος
860 2201 1222 2268 ὠλοθρευμένης,
1263 2200 1332 2252 ὅτι
1369 2199 1434 2265 μὴ
1471 2200 1725 2251 πεπιστεύ-

158 2307 315 2335 κασιν.
378 2283 468 2350 ἔφη
507 2282 566 2334 δέ
593 2306 684 2334 που
723 2282 934 2350 Χριστός
977 2290 1003 2312 “
1027 2284 1090 2334 ‘O
1125 2282 1358 2335 πιστεύων
1395 2286 1457 2335 εἷς
1486 2280 1568 2334 τὸν
1600 2280 1732 2345 Υὶὸν,
1794 2292 1941 2322 &han-

1793 2335 1837 2366 iii.
1860 2336 1909 2367 18.

93 2386 139 2423 25
160 2375 185 2397 ‘⁶
212 2367 265 2417 οὐ
296 2366 510 2432 κρίνεται·
554 2366 578 2415 ὁ
606 2364 653 2416 δὲ
687 2363 751 2428 μὴ
785 2364 1033 2427 πιστεύων,
1061 2365 1149 2430 ἤδη
1174 2365 1374 2431 κε’κριται
1405 2364 1475 2415 ὅτι
1500 2362 1565 2427 μὴ
1590 2365 1727 2416 πεπί-
1752 2393 1772 2418 e

209 2542 238 2564 Ι.
264 2527 461 2574 καταδύσει]
481 2526 683 2563 κατακλύσει
703 2527 740 2562 F.
761 2527 857 2571 (Co.)
875 2528 929 2562 καὶ
946 2526 1252 2562 καταδυναστεὺσει
1269 2527 1313 2561 A.
1425 2537 1457 2560 2.
1483 2527 1671 2572 ἀπορρίψει
1690 2527 1732 2561 Β.

160 2578 275 2620 (Alex.
304 2576 404 2619 XII.)
433 2576 610 2620 ἀπορρίψῃ
639 2575 683 2608 Α.
710 2573 1003 2619 ἀπορριφὴσονται
1038 2573 1130 2608 Edd.
1155 2573 1276 2619 (Vat.)
1328 2574 1441 2609 πάσας
1466 2574 1524 2608 τὰς
1553 2572 1732 2619 ἁμαρτίας]

158 2626 266 2658 πᾶσαι
291 2624 324 2656 αἱ
349 2622 505 2667 ἁμαρτίαι
533 2622 569 2655 F.
588 2621 664 2666 (22.
684 2621 748 2666 al.)
772 2623 879 2656 πᾶσαι
894 2621 1051 2665 ἁμαρτίαι
1070 2620 1160 2654 Edd.
1212 2620 1337 2654 Statim
1359 2622 1467 2654 αὐτῶν
1491 2632 1553 2665 pro
1577 2620 1666 2663 ἡμῶν
1690 2620 1733 2654 Β.

161 2669 280 2715 (153.)
455 2678 487 2714 7.
511 2669 569 2711 τῆς
586 2667 640 2712 ἐφ’
660 2667 736 2710 ἡμῖν
753 2667 957 2712 ἡμερότητος
973 2667 1063 2701 Α.Β.
1081 2666 1374 2711 τὴν-ἡμερότητα
1391 2666 1483 2700 Edd.
1534 2667 1658 2700 Statim
1676 2667 1736 2709 τὴν

160 2716 329 2761 ὑπεροχὴν
342 2716 386 2749 Α.
545 2726 598 2748 11.
626 2714 726 2758 Κύριε
745 2714 888 2749 accessit
905 2725 946 2747 ex
963 2713 1055 2747 A.B.
1209 2724 1261 2746 12.
1287 2713 1322 2746 ἐν
1339 2725 1408 2747 om.
1423 2713 1459 2747 b.
1613 2724 1665 2756 13.
1693 2712 1733 2746 δι’

161 2764 246 2807 ἡμᾶς
262 2762 407 2796 accessit
424 2773 465 2795 ex
484 2761 526 2795 A.
539 2761 574 2795 b.
812 2771 864 2801 14.
891 2760 992 2793 αὐτοῦ
1009 2771 1072 2804 pro
1092 2759 1217 2793 ἐκείνου
1234 2760 1277 2792 A.
1289 2759 1324 2793 b.
1557 2758 1610 2793 16.
1637 2758 1735 2793 Haec

161 2809 428 2852 ἀπαλλάξῃ-τὸ
445 2808 612 2852 ἐπάρατον
628 2812 848 2841 accesserunt
865 2818 906 2840 ex
925 2806 968 2840 A.
1167 2816 1220 2839 21.
1247 2806 1444 2839 κατάλοιποι
1461 2805 1497 2838 δέ
1515 2807 1736 2849 κληρονομίας

162 2855 281 2901 αὐτοῦ]
311 2855 406 2889 Haec
433 2854 527 2888 dedit
552 2866 570 2888 e
594 2866 665 2898 mg.
693 2852 754 2887 sed
779 2864 888 2886 manu
913 2858 953 2886 ut
977 2851 1048 2887 vid.
1074 2851 1192 2886 eadem
1219 2852 1301 2895 (nisi
1325 2851 1420 2897 quod
1448 2852 1670 2896 κληρονομίας
1693 2864 1735 2886 ex

164 2911 363 2966 κληρονομισι
380 2921 567 2955 correxisse
583 2919 721 2954 videtur
737 2930 863 2953 manus
879 2918 967 2952 forte
985 2918 1166 2961 recentior)
1189 2918 1223 2952 b.
1243 2917 1333 2951 οὗτοι
1350 2918 1386 2951 δέ
1406 2916 1496 2952 Edd.
1521 2917 1553 2952 οἳ
1576 2917 1618 2952 Β.
1637 2917 1735 2952 Nihil

164 2969 268 3003 habet
286 2969 330 3002 A.
446 2979 501 3001 22.
527 2967 674 3010 νοηθεῖεν
689 2980 728 3000 αν
745 2977 814 3000 om.
831 2965 867 2999 b.
917 2965 954 3008 ἐξ
970 2963 1111 3009 Ἰσραὴλ
1129 2976 1197 2998 om.
1216 2965 1259 2997 A.
1278 2964 1388 2998 invito
1405 2964 1439 2998 b.
1567 2975 1621 3009 23.
1648 2965 1734 2998 ὠλο-

164 3014 342 3060 θρευμένης
358 3014 449 3050 Α.Β.
467 3012 730 3059 ὀλοθρευομένης
747 3011 840 3047 Edd.
1030 3022 1085 3054 24.
1111 3012 1175 3057 γάρ
1193 3022 1256 3056 pro
1273 3011 1312 3044 δέ
1327 3011 1370 3045 A.

895 3079 1013 3122 5132
