2021 3434
105 223 148 263 ii.
178 236 238 277 19.
568 225 644 265 IN
685 225 922 265 OSEAM.
984 223 1135 264 TOM.
1179 222 1241 262 Π.
1628 221 1680 260 73

104 333 293 399 δυνάμει
336 336 443 390 τοὺς
485 338 626 392 ἰδίους
668 337 1061 405 περιτειχίζοντος,
1103 338 1178 386 καὶ
1226 333 1408 400 εἰρήνην
1449 332 1559 397 ἡμῖν
1596 330 1682 396 τὴν
1701 342 1727 382 d

105 417 224 467 ἰδίαν
255 417 398 472 ἱέντος
425 423 486 473 εἰς
518 426 639 471 vosm,
708 427 736 449 ἐς
756 419 962 486 Εἰρήνην
992 418 1085 485 γάρ
1113 425 1236 486 φησι
1270 416 1355 480 Τὴν
1380 414 1494 479 ἐμὴν
1519 414 1683 478 δίδωμι
1743 429 1774 479 S:
1794 429 1891 490 Jofffin.

104 499 226 561 ὑμῖν·
272 500 455 565 εἶρήνην
478 502 563 565 Τὴν
587 502 700 566 ἐμὴν
724 503 895 571 ἀφίημι
920 502 1068 564 &usus
1124 499 1298 568 γράφει
1323 497 1371 549 δὲ
1392 499 1468 548 καὶ
1496 498 1520 548 ὁ
1542 500 1679 547 Παῦ-
1743 484 1809 504 mv,
1827 482 1878 512 2¹.

104 586 190 633 λος
216 588 243 610 ιε
270 584 364 632 Καὶ
390 583 418 646 ἦ
443 582 596 649 εἷρήνη
629 589 710 634 τοῦ
744 587 960 649 Χριστοῦ
995 583 1022 646 ἡ
1059 581 1352 648 ὑπερέχουσα
1381 579 1537 631 πάντα
1575 583 1684 630 νοῦν
1745 588 1831 650 {hi}

63 677 86 714 5
105 668 134 690 ιζ
160 664 419 730 φρουρήσει
446 665 529 719 Τὰς
555 666 744 731 καρδίας
771 667 898 729 ὑμῶν
925 667 998 714 καὶ
1024 663 1083 714 τὰ
1111 663 1320 727 νοήματα
1346 663 1520 726 ὑμῶν.”
1746 644 1789 663 u.
1814 652 1823 673 ¹
1833 657 1838 664 '

109 811 182 852 Καὶ
221 815 424 855 mummi>
462 831 507 857 σε·
543 815 602 856 ἐπ’
635 815 774 857 ἑλπίδι
812 815 879 855 καὶ
911 812 1226 863 μνΗστεύσομαί
1252 828 1297 854 σε
1323 813 1494 865 ἐμαυτῷ
1526 810 1585 852 εἰς
1611 812 1683 853 τὸν
1710 828 1754 862 19

173 893 323 937 αἰῶνα.

180 987 305 1054 Οὐχὶ
351 986 508 1050 μόνον,
552 991 716 1057 φησὶν,
756 987 1025 1057 ἀπαλλάξω
1069 991 1163 1038 τῶν
1206 992 1289 1036 τοῦ
1327 985 1554 1048 πολεμίου
1593 987 1683 1034 δει-

104 1072 280 1136 μάτων,
305 1074 572 1140 προσθήσω
597 1075 646 1126 δέ
671 1075 821 1145 τούτῳ
848 1077 922 1125 καὶ
949 1074 1003 1126 τὸ
1035 1077 1083 1125 ἐν
1115 1077 1247 1142 καλῷ
1273 1072 1494 1138 γενέσθαι
1520 1069 1689 1121 λοιπὸν

42 1182 88 1206 10
105 1158 188 1219 τῆς
224 1155 292 1207 ἐπ’
326 1158 519 1222 ἀγαθοῖς
553 1159 756 1221 ἐλπίδος,
791 1160 853 1211 ὡς
891 1159 1092 1225 ἀσφαλῆ
1132 1157 1206 1206 καὶ
1247 1153 1575 1221 ἐρηρεισμένην
1612 1154 1688 1203 καὶ

106 1240 366 1307 ἀκλόνητον
414 1244 533 1311 ἔχειν
582 1243 668 1308 τὴν
710 1244 945 1308 εὐθυμίαν.
1023 1244 1201 1311 ἐμαυτῷ
1244 1241 1338 1307 γάρ
1380 1265 1431 1293 σε
1473 1240 1727 1309 μνηστεύ-«Ξ

106 1348 262 1393 σομαι,
306 1331 382 1376 καὶ
421 1332 559 1377 τοῦτο
601 1332 660 1382 εἰς
704 1328 771 1378 τὶν
817 1326 968 1378 αἰῶνα.
1042 1327 1116 1376 καὶ
1159 1325 1207 1375 τί
1245 1323 1302 1388 δὴ
1342 1321 1480 1374 τοῦτό
1525 1324 1687 1381 ἐστιν;

106 1410 240 1458 οἱονεὶ
279 1408 373 1474 γάρ
406 1432 507 1463 πως
540 1408 849 1473 ἐμνηστεύετο
888 1408 971 1459 τὸν
1008 1410 1204 1476 ἀρχαῖον
1227 1405 1444 1473 Ἰσραὴλ,
1471 1405 1573 1470 η’τοι
1605 1403 1692 1468 τὴν

105 1494 201 1540 τῶν
227 1491 463 1542 Ἰουδαίων
491 1491 796 1557 Συναγωγὴν,
823 1493 897 1542 καὶ
933 1489 1050 1557 πρὸς
1089 1490 1346 1553 οἰκειότητα
1381 1488 1575 1553 κέκληκε
1606 1486 1692 1551 τὴν

43 1593 88 1631 15
108 1572 181 1624 διὰ
221 1573 364 1636 νόμου
403 1576 537 1642 φημὶ,
565 1578 885 1627 διακονοῦντος
912 1573 1159 1627 Μωυσέως
1184 1573 1259 1623 καὶ
1291 1570 1691 1634 μεσολαβούντων
1752 1595 1825 1627 Gal.
1844 1595 1888 1626 fii,

108 1654 342 1722 ἀγγέλων.
424 1655 535 1707 ἀλλ’
578 1655 635 1720 ἧν
675 1660 756 1721 τῆς
798 1657 1052 1721 μνηστείας
1097 1656 1122 1706 ὁ
1166 1653 1340 1722 τρόπος
1378 1655 1430 1704 οὐ
1469 1651 1690 1717 διηνεκὴς,
1756 1650 1803 1681 ¹9'

108 1740 212 1789 οὕτε
249 1738 342 1803 μὴν
381 1742 442 1793 εἷς
481 1739 563 1790 τὸν
589 1743 747 1802 αἰῶνα,
773 1744 961 1790 πολλοῦ
986 1761 1040 1804 γε
1066 1740 1141 1788 καὶ
1170 1739 1249 1788 δεῖ·
1290 1737 1342 1787 οὐ
1368 1735 1461 1802 γὰρ
1489 1735 1692 1799 ἔμελλον

1228 1819 1240 1836 N

109 1825 151 1872 οἱ
200 1820 338 1872 τύποι
389 1822 641 1887 κρατήσειν
693 1821 767 1872 διὰ
819 1819 1009 1884 παντὸς,
1062 1823 1137 1871 καὶ
1187 1843 1247 1870 τα
1297 1826 1325 1848 “
1345 1818 1482 1886 μέχρι
1532 1821 1691 1883 καιροῦ
1751 1822 1899 1898 {eb-ix·

838 1902 958 1954 κατὰ
989 1903 1044 1953 δέ
1071 1925 1125 1969 γε
1165 1900 1248 1953 τὸν
1285 1904 1368 1965 τῆς
1400 1899 1732 1967 διορθώσεωςει
1772 1917 1826 1950 52
1847 1915 1896 1950 Α.

787 1902 798 1918 2

109 1910 137 1932 ‘⁶
165 1903 458 1970 διορθώσεως
492 1902 783 1966 ἐπικείμενα·’

45 2009 92 2035 20
111 1985 282 2053 καιρὸν,
334 1986 564 2049 τουτέστι,
609 1984 691 2037 τὸν
735 1989 818 2050 τῆς
862 1991 945 2037 τοῦ
989 1988 1209 2052 Σωτῆρος
1258 1984 1390 2048 ἡμῶν
1437 1983 1693 2047 ἐπιδημίας,

111 2068 263 2135 ἕτερος
314 2072 396 2133 τῆς
451 2069 705 2134 μνηστείας
758 2069 1081 2136 ἀναπέφανται
1130 2065 1316 2134 τρόπος,
1364 2063 1569 2130 διηνεκὴς
1619 2067 1694 2114 καὶ

111 2150 385 2214 ἀσάλευτος,
432 2153 507 2202 καὶ
557 2151 683 2203 πολὺ
724 2157 807 2202 τοῦ
857 2150 1046 2217 πρώτου
1098 2147 1435 2215 λαμπρότερος,
1486 2148 1561 2196 καὶ
1610 2148 1693 2209 τῆς

112 2238 248 2287 σκιᾶς
274 2235 322 2284 ἐν
345 2234 596 2296 ἀμείνοσιν.
662 2235 686 2284 ὁ
713 2232 798 2297 μὲν
823 2232 916 2299 γὰρ
948 2237 1041 2283 τῶν
1069 2232 1198 2283 ὅλων
1225 2230 1345 2283 Θεὸς
1372 2230 1503 2280 ἕδνον
1529 2225 1693 2293 ὥσπερ

112 2338 156 2366 τι
187 2320 244 2384 τῇ
278 2316 437 2384 νύμφῃ
470 2319 552 2380 τῆς
590 2319 817 2382 σαρκικῆς
846 2316 1058 2368 δουλείας
1082 2314 1167 2377 τὴν
1194 2313 1424 2364 ἀπόθεσιν
1450 2310 1693 2378 ἐχαρίζετο,

47 2421 94 2459 25
113 2400 189 2450 καὶ
240 2398 314 2449 διὰ
358 2404 495 2453 σκιᾶς
536 2400 612 2449 καὶ
655 2399 815 2449 τύπων
866 2397 1020 2449 ἐκάλει
1069 2395 1188 2462 πρὸς
1237 2393 1565 2460 ἀποκάθαρσιν
1609 2391 1695 2457 τὴν

112 2481 437 2546 πνευματικήν,
504 2480 634 2545 πλὴν
678 2481 853 2547 ἐμέτρει
896 2479 1056 2545 καιρὸν
1107 2481 1165 2545 τῇ
1210 2476 1458 2544 μνηστείᾳ·
1507 2475 1560 2526 οὐ
1601 2473 1693 2541 γὰρ
1757 2501 1910 2542 1b.viii.7.

113 2564 354 2627 ἄμεμπτος
380 2564 408 2627 ἡ
434 2563 611 2629 πρώτη,
638 2561 756 2613 κατὰ
789 2561 875 2625 τὴν
912 2567 994 2612 τοῦ
1023 2560 1222 2611 Παύλου
1261 2557 1437 2625 φωνὴν,
1464 2558 1569 2608 οὕτε
1602 2555 1694 2620 μὴν
1713 2555 1740 2595 b

114 2645 300 2712 ἀγήρως
337 2644 394 2709 ἧν
434 2648 508 2695 καὶ
543 2647 816 2710 ἀφανισμοῦ
854 2641 1051 2709 μακράν.
1116 2639 1334 2708 ταύτῃτοι
1367 2641 1441 2690 καὶ
1479 2642 1560 2703 τῆς
1587 2641 1692 2690 δευ-

114 2728 248 2796 τέρας
284 2727 482 2794 ἐζητεῖτο
516 2725 674 2788 τόπος,
712 2725 940 2787 τουτέστι,
976 2727 1058 2787 τῆς
1094 2723 1208 2785 νέας,
1248 2724 1329 2785 τῆς
1369 2720 1443 2772 διὰ
1481 2725 1699 2788 Χριστοῦ

165 2856 195 2880 1.
221 2846 486 2890 ἀνατειχίζοντος
503 2843 550 2877 D.
684 2854 715 2877 2.
743 2842 846 2878 ἱέντος
865 2841 907 2876 Β.
926 2840 1031 2876 ἷέντος
1049 2841 1096 2874 D.
1116 2839 1208 2873 Edd.
1349 2848 1429 2884 3—5.
1459 2838 1556 2873 Haec
1572 2840 1701 2885 γράφε.

116 2892 347 2935 δὲ-νοήματα
366 2893 455 2936 ὑμῶν
472 2896 693 2924 accesserunt
710 2901 751 2923 ex
771 2890 817 2923 D.
1133 2888 1166 2921 8.
1191 2886 1356 2931 πολεμίου
1374 2887 1420 2920 D.
1438 2887 1589 2931 πολέμου
1607 2886 1699 2920 Edd.

118 2951 151 2983 9.
177 2942 276 2973 τοῦτο
293 2938 352 2972 iid.
498 2949 550 2979 14.
577 2940 642 2970 τῶν
659 2948 728 2970 om.
748 2936 796 2969 D.
907 2944 960 2980 17.
987 2935 1039 2968 καὶ
1058 2940 1282 2978 assumptum
1298 2945 1339 2967 ex
1358 2933 1452 2968 B.D.
1568 2945 1624 2968 21.
1642 2935 1701 2977 τῆς

118 2997 188 3019 om.
209 2986 255 3019 D.
400 2984 453 3018 26.
481 2984 601 3028 ἐμέτρα
621 2982 710 3027 (Sic)
731 2982 772 3016 B.
824 2981 950 3015 Statim
969 2983 1070 3028 καιρῷ
1089 2981 1148 3023 τὴν
1164 2981 1346 3024 μνηστείαν
1364 2981 1408 3014 D.
1554 2990 1608 3025 27.
1634 2981 1700 3024 μὴν

119 3038 340 3077 assumptum
358 3044 398 3065 ex
419 3032 464 3065 D.
611 3030 665 3064 28.
694 3029 732 3072 ἧν
750 3041 819 3063 om.
842 3029 886 3062 D.
908 3028 991 3062 Post
1008 3028 1042 3062 h.
1058 3040 1089 3062 v.
1108 3027 1126 3072 ἢ
1146 3040 1208 3073 pro
1226 3028 1279 3062 καὶ
1297 3028 1342 3062 D.

178 3103 269 3132 VOL.
295 3103 320 3130 1.
898 3100 921 3126 L
