2021 3434
250 150 334 190 276
642 150 693 191 B.
734 149 1010 190 CYRILLI
1049 151 1428 193 ALEXANDR.
1622 153 1704 194 xiv.
1732 166 1822 207 1—3.

248 260 427 329 μοιρεῖᾳ.
490 256 630 322 μετὸν
661 258 754 324 γὰρ
787 257 1059 310 ἀπόνασθαί
1081 263 1216 327 φησι,
1245 261 1320 310 καὶ
1349 258 1542 328 σφόδρα
1567 261 1821 323 πλουσίως,

247 344 342 391 τῶν
374 338 432 406 ἐξ
463 338 741 405 ἡμερότητος
771 341 975 406 ἀγαθῶν,
1002 339 1255 404 αὐτόμολοι
1281 341 1599 407 δεδραμήκασι
1624 340 1741 407 πρὸς
1764 342 1824 392 τὰ

245 422 303 490 ἐξ
331 423 474 488 ὀργῆς
513 421 714 485 ἐσόμενα
748 421 846 473 κατ’
875 423 1043 485 αὐτῶν,
1070 423 1217 474 διάτοι
1250 423 1304 475 τὸ
1336 422 1606 492 ἀντεξάγειν
1632 423 1824 475 ἑλέσθαι

245 506 366 573 Θεῷ,
404 506 479 554 καὶ
517 506 808 557 δεσποτικοῖς
841 504 1185 571 προστάγμασι
1223 505 1277 556 τὸ
1312 505 1427 556 ἴδιον
1460 507 1714 572 ἀντεγεΐραι
1752 505 1824 556 θέ-

243 592 388 650 λημα,
414 583 557 649 μόνον
583 585 631 637 δὲ
657 587 760 654 οὐχὶ
794 589 868 637 καὶ
903 586 1228 655 ἀντιτετάχθαι
1263 591 1426 650 δοκεῖν,
1450 585 1479 651 ἢ
1512 590 1587 638 καὶ
1611 589 1659 638 ἐν
1684 587 1825 656 μοίρᾳ
1843 607 1866 645 5

243 666 463 733 γενέσθαι
489 673 584 719 τῶν
608 668 964 733 ἀνθεστηκότων
990 670 1114 739 αὐτῷ
1147 669 1265 720 κατὰ
1296 669 1534 735 ἀλήθειαν.
1588 669 1825 737 τοιγάρτοι

244 752 430 819 φειδοῦς
477 749 669 815 ἀπάσης
709 750 993 820 ἐξῃρημένης
1036 751 1173 818 ἔργον
1223 750 1307 816 μὲν
1357 752 1545 803 ἔσονται
1595 754 1825 821 ῥομφαίας

197 835 224 875 b
243 832 387 883 αὐτοί·
446 832 570 901 ξένοι
620 831 669 883 δὲ
719 835 803 897 τῆς
846 835 1182 900 ἀπανθρωπίας·
1233 833 1621 899 ἐπινοηθήσονται
1661 832 1826 900 τρόποι

243 914 362 965 κατά
404 937 454 965 τε
496 915 699 981 γυναίων
741 917 816 966 καὶ
857 915 1043 966 τέκνων.
1117 917 1234 980 ὁμοῦ
1283 915 1376 983 γὰρ
1426 921 1521 970 τοῖς
1565 915 1826 982 ἀρτιγενέσι

243 997 424 1060 νηπίοις
463 996 679 1064 πρόωρον
718 999 1004 1061 ὑπομενοῦσι
1042 997 1244 1049 θάνατον
1287 1000 1360 1050 καὶ
1394 998 1454 1050 τὰ
1490 1000 1619 1050 οὔπω
1651 1005 1819 1063 κεκλη-
1847 1023 1895 1048 10

241 1078 358 1141 μένα
397 1079 516 1146 πρὸς
563 1080 617 1131 τὸ
659 1077 772 1131 εἶναι
823 1083 898 1131 καὶ
949 1079 1050 1146 ζῆν,
1103 1083 1177 1132 καὶ
1219 1080 1395 1151 φθάσει
1439 1080 1524 1146 τὴν
1567 1080 1622 1133 δι’
1665 1083 1826 1134 ὠδῖνος

242 1160 447 1229 πρόοδον
484 1167 579 1214 τῶν
609 1164 848 1226 πολεμίων
882 1161 936 1214 τὸ
973 1163 1127 1233 ξίφος.
1194 1162 1361 1230 πικρὸν
1385 1164 1466 1214 οὖν
1492 1164 1582 1231 ἄρα
1614 1162 1667 1214 τὸ
1692 1166 1822 1214 ἀντι-

243 1243 498 1296 τάττεσθαι
526 1248 645 1314 Θεῴ,
674 1249 749 1296 καὶ
783 1245 980 1311 ὀλέθρου
1014 1245 1242 1314 πρόξενον
1271 1247 1461 1311 ἀληθῶς
1491 1248 1566 1298 καὶ
1601 1247 1655 1296 δι’
1685 1246 1824 1309 αὐτῆς

244 1327 406 1393 ὁρᾶται
433 1330 517 1392 τῆς
541 1329 714 1394 πείρας.

24 1573 123 1623 Κεφ.
144 1567 203 1610 ιδ’.
237 1572 556 1630 ἘΠιστράφΗτι
578 1573 752 1629 Ἰσραήλ
786 1575 894 1630 Πρὸς
931 1574 1077 1630 Κύριον
1108 1575 1180 1616 τὸν
1208 1575 1315 1616 Θεόν
1343 1589 1428 1625 σου,
1455 1574 1561 1616 διότι
1587 1574 1822 1616 ὐσθένΗσοιιῐ
1847 1588 1892 1625 15

202 1674 220 1697 2
310 1657 354 1699 ἐν
398 1654 490 1698 ταῖς
531 1657 713 1699 ἀδικίαις
751 1673 838 1700 σου.
899 1661 1051 1709 λάβετε
1094 1659 1178 1708 μεθ’
1226 1659 1392 1700 ἑαυτῶν
1431 1660 1592 1709 &dl-oue,
1630 1658 1698 1699 καὶ
1734 1658 1824 1699 ἐπι-

201 1758 222 1783 c
309 1742 528 1797 στράφΗτε
572 1741 678 1798 Πρὸς
721 1741 868 1798 Κύριον
910 1743 982 1784 τὸν
1027 1742 1135 1784 Θεὸν
1178 1743 1308 1790 ὑμῶν·
1358 1739 1507 1783 εἴποιτε
1551 1741 1667 1795 αὐτῷ
1703 1743 1822 1783 ὅπως

307 1825 363 1871 μή
406 1825 564 1874 λάβΗτε
614 1825 780 1866 ἀδικίαν
825 1826 893 1867 καὶ
941 1827 1098 1875 λάβΗτε
1148 1826 1298 1876 ἀΓαθὰ,
1349 1827 1417 1866 καὶ
1459 1824 1821 1874 ἀνταποδώσομεν

201 1922 222 1957 3
314 1908 484 1966 καρπὸν
506 1911 684 1965 χειλέων
731 1910 868 1958 ἡμῶν.
923 1910 1104 1967 Ἀσσοὺρ
1145 1911 1192 1951 οὐ
1227 1911 1282 1958 μὲι
1329 1909 1446 1967 σὼσῌ
1482 1910 1606 1962 ἡμᾶς,
1643 1910 1822 1966 ἔφιπποι

308 1991 384 2032 οὐκ
410 1992 724 2042 ἀναβΗσόμεΘα·
764 1995 839 2035 οὐκ
876 1995 937 2036 ἔτι
973 1995 1027 2043 μὴ
1067 1992 1256 2042 εἴπωμεν
1285 1993 1384 2035 Θεοὶ
1411 1994 1545 2045 ἡμῶν,
1572 1991 1660 2036 τοῖς
1684 1994 1821 2051 &prom
1843 2011 1892 2036 20

307 2077 393 2118 τῶν
419 2078 572 2134 χειρῶν
601 2079 732 2127 ἡμῶν.

316 2205 392 2256 Οὐ
429 2206 625 2271 μετρίως
667 2205 725 2256 ἄν
768 2228 836 2259 τις
881 2205 1117 2270 ἀγάσαιτο
1162 2207 1248 2257 κάν
1291 2209 1408 2275 τῷδε
1451 2204 1508 2270 δὴ
1552 2204 1697 2257 πάλιν
1740 2210 1823 2256 τοῦ

241 2286 488 2356 προφήτου
522 2287 576 2338 τὸ
611 2287 831 2356 εὐτεχνὲς,
859 2290 934 2339 καὶ
971 2294 1054 2339 τοῦ
1091 2286 1241 2354 λόγου
1277 2287 1363 2352 τὴν
1401 2287 1677 2351 οἰκονομίαν.
1739 2310 1822 2338 πε-

240 2369 427 2434 ποίηται
462 2369 555 2437 γὰρ
588 2371 896 2437 ἁγιοπρεπῶς,
922 2371 1002 2421 καί
1029 2372 1131 2421 ἐστι
1161 2373 1244 2434 τῆς
1278 2370 1455 2421 ἄνωθεν
1483 2370 1821 2436 μυσταγωγίας

198 2451 470 2515 (Ῑέμπλεως.
551 2452 983 2522 προαναπεφώνηκε
1042 2452 1126 2517 μὲν
1187 2451 1281 2519 γὰρ
1335 2452 1420 2516 τὴν
1470 2452 1698 2516 ἐσομένην
1745 2450 1820 2502 διὰ
1841 2468 1888 2506 25

241 2537 458 2600 Χριστοῦ
481 2533 736 2601 λύτρωσιν,
762 2536 838 2585 καὶ
872 2534 941 2585 ὅτι
978 2534 1097 2586 κατὰ
1130 2534 1315 2602 καιροὺς
1349 2535 1569 2599 ἀτονήσει
1607 2532 1820 2596 θάνατος,

23 2625 149 2707 {april
244 2619 319 2667 καὶ
363 2616 560 2684 ἀργήσει
603 2616 656 2668 τὸ
699 2617 889 2683 κε’ντρον
932 2623 1015 2668 τοῦ
1056 2615 1186 2687 ᾅδου·
1240 2619 1315 2668 καὶ
1357 2616 1475 2683 πρὸς
1517 2616 1709 2679 τούτοις,
1749 2615 1820 2667 ὅτι

291 2785 324 2819 5.
349 2777 402 2811 καὶ
419 2778 477 2813 alt.
495 2790 565 2812 om.
585 2779 632 2813 D.
867 2779 900 2813 8.
926 2779 1028 2823 ξένιοι
1046 2778 1138 2813 Edd.
1366 2790 1399 2824 9.
1424 2793 1464 2824 ’γε
1481 2790 1544 2823 pro
1561 2793 1597 2813 τε
1616 2778 1663 2812 D.
1682 2777 1817 2822 Migne.

248 2833 301 2867 13.
327 2823 460 2867 ἀληθῶς
476 2826 621 2860 accessit
637 2837 678 2860 ex
698 2826 744 2860 D.
1002 2835 1056 2870 15.
1081 2826 1311 2871 ἐπιστράφητι
1328 2825 1376 2860 D.
1395 2825 1516 2870 (Alex.
1532 2825 1639 2870 XII.)
1657 2825 1818 2869 ἐπιστρά-

244 2869 329 2913 φηθι
347 2869 390 2903 Β.
410 2870 500 2904 Edd.
515 2872 636 2917 (Vat.)
770 2882 822 2918 17.
849 2871 956 2918 ὑμῶν]
975 2872 1068 2917 ἡμῶν
1086 2872 1178 2906 B.D.
1198 2873 1269 2918 (23,
1287 2874 1384 2918 311.)
1498 2883 1551 2917 19.
1576 2871 1705 2916 Ἀσοὺρ
1722 2871 1816 2905 B.D.

242 2915 395 2959 Ἀσσ-οὺρ
416 2917 507 2951 Edd.
565 2921 673 2953 σώσει
691 2920 737 2953 D.
757 2919 829 2963 (26,
852 2919 927 2960 106,
950 2921 1041 2965 147.)
1090 2920 1236 2963 ἔφιπποι
1260 2919 1353 2953 Β.Ι).
1379 2919 1490 2964 (198.)
1514 2917 1569 2963 ἐφ’
1594 2917 1699 2953 ’ἵππον
1723 2916 1814 2952 Edd.

245 2962 365 3007 (vat.)
384 2962 437 3007 ἐφ’
456 2962 564 2997 ἵππων
582 2966 713 3008 (Alex.)
951 2967 1005 3000 26.
1031 2965 1203 3011 ἀτονὴσει]
1224 2965 1401 3009 ἐκπονὴσει
1420 2965 1510 2999 Edd.
