2021 3434
327 210 412 251 678
719 211 768 251 Β.
812 211 1087 252 CYRILLI
1126 212 1514 253 ALEXANDR.
1801 227 1841 253 v.
1863 225 1902 264 4.

325 319 602 383 ἐννενοηκὼς
625 319 708 371 τὸν
726 319 911 388 χρόνον,
928 324 1058 373 οὔπω
1077 344 1126 373 τε
1144 321 1357 388 παρόντα
1375 323 1544 384 συνεὶς,
1564 324 1710 391 ἑαυτῷ
1729 322 1904 388 τρόπον

325 400 429 451 τινὰ
467 404 543 452 καὶ
579 403 883 468 ἀπολογεῖται
922 404 1078 470 λέγων
1106 403 1300 468 Ἐπειδὴ
1332 403 1426 470 γὰρ
1460 405 1509 454 ἐν
1544 402 1789 469 ὑπερθέσει
1821 403 1905 465 μὲν

325 482 392 533 ε”τι
427 486 586 553 μακρᾷ
623 487 706 548 τῆς
745 486 1029 551 ἐπαγγελίας
1073 487 1099 536 ὁ
1144 484 1324 553 χρόνος,
1362 486 1492 536 αὐτοὶ
1529 485 1585 536 δέ
1617 488 1736 536 εἰσιν
1769 487 1817 536 ἐν
1851 486 1904 535 οὐ

102 582 186 618 437
207 581 258 616 A.
288 591 309 615 a
325 564 525 628 μετρίοις
560 566 848 629 πταίσμασι,
885 567 1210 634 καταλήγουσι
1247 567 1296 618 δὲ
1333 573 1723 632 πλημμελοῦντες
1763 569 1902 618 οὐδα-

324 650 437 709 μῶς,
467 645 685 715 ταύτῃτοι
725 645 877 704 δώσεις
915 649 1082 713 morfia,
1115 651 1345 713 τουτέστι,
1379 649 1678 716 παραδώσεις
1708 650 1902 716 ἐχθροῖς,
1925 672 1948 710 5

323 726 361 778 ὦ
398 728 645 788 Δέσποτα,
685 728 763 785 ἕως
803 733 952 800 κοιιροῦ
992 734 1076 795 τῆς
1112 733 1358 792 τικτούσης,
1401 732 1535 799 ἄχρις
1570 731 1628 782 ἂν
1669 733 1904 799 καταδοθῇ

324 812 448 879 φησὶ
486 810 540 861 τὸ
579 816 701 863 θεῖον
726 814 869 864 ἐκεῖνο
906 812 1082 882 βρέφος
1112 816 1162 865 ἐκ
1190 813 1409 880 λαγόνων
1431 817 1736 880 παρθενικῶν.
1799 812 1904 864 τότε

323 891 416 958 γὰρ
452 892 586 944 ἔσται
617 894 855 962 λύτρωσις
891 896 919 960 ἡ
952 895 1230 960 τελεωτάτη,
1267 898 1342 947 καὶ
1373 897 1421 947 ἐν
1455 896 1634 965 βεβαίῳ
1669 895 1904 946 κείσονται

321 977 404 1039 τῆς
430 975 681 1043 εὐημερίας,
709 977 894 1032 οὐδενὸς
930 979 1084 1033 αὐτοῖς
1107 983 1350 1032 παντελῶς
1376 983 1469 1029 τῶν
1498 981 1561 1032 εἷς
1586 978 1806 1040 εὐθυμίαν
1831 978 1904 1027 ἐκ-

321 1056 615 1112 λελοιπότος.
697 1063 830 1111 ταυτὶ
879 1066 961 1112 τοῦ
1007 1061 1269 1130 Προφήτου
1314 1060 1698 1124 διενθυμουμένου
1739 1083 1801 1122 τε,
1842 1062 1903 1114 ὡς

322 1140 457 1207 ἔφην,
498 1143 575 1192 καὶ
619 1144 755 1193 οἱονεὶ
800 1144 1202 1213 διαψιθυρίζοντος
1247 1146 1294 1195 ἐν
1344 1145 1504 1213 ἑαυτῷ,
1553 1143 1903 1210 προσυπακούει

277 1227 305 1268 b
324 1222 445 1276 Θεός
464 1223 667 1293 Τέξετοιι,
690 1228 766 1276 καὶ
791 1229 854 1280 εἰς
877 1227 1041 1278 πίστιν
1066 1227 1252 1293 ἑδραίαν
1277 1226 1418 1278 αὐτὸν
1444 1228 1688 1278 ἀποκαλεῖ.
1743 1225 1904 1290 ὅμοιον

100 1320 189 1352 Hab.
208 1320 241 1352 ii.
322 1303 372 1355 δὲ
405 1304 555 1375 τούτῳ
591 1306 645 1357 τὸ
679 1308 797 1374 πρὸς
830 1307 913 1359 τὸν
945 1308 1195 1378 προφήτην
1229 1308 1514 1372 Ἀμβακούμ
1553 1306 1708 1359 “’Έτι
1738 1307 1904 1375 μικρὸν

101 1372 132 1403 3-
322 1393 352 1416 “
378 1388 403 1438 ὁ
434 1387 681 1455 ἐρχόμενος
722 1389 839 1458 ἥξει,
877 1392 952 1441 καὶ
994 1392 1047 1441 οὐ
1089 1392 1303 1459 χρονιεῖ.”
1361 1390 1642 1459 τεχθήσεται
1685 1390 1769 1455 μὲν
1810 1391 1903 1457 γὰρ

321 1468 475 1533 πάντη
500 1492 549 1520 τε
576 1472 651 1521 καὶ
676 1470 864 1526 πάντως
891 1474 1055 1540 φησὶν,
1078 1480 1112 1525 οἱ
1139 1474 1194 1525 δέ
1213 1497 1267 1540 γε
1291 1473 1564 1525 κοιτοίλοιποι
1590 1472 1668 1525 τῶν
1694 1470 1902 1543 ἀδελφῶν

322 1550 458 1603 αὐτῶν
484 1549 821 1624 ἐπιστρέφουσιν
847 1555 919 1606 ἐπὶ
955 1553 1051 1610 τοὺς
1083 1554 1194 1611 υἱοὺς
1218 1557 1412 1624 Ἰσραήλ.
1477 1556 1793 1625 παρεδέξαντο
1819 1556 1903 1619 μὲν

321 1634 414 1701 γὰρ
441 1634 526 1699 τὴν
550 1636 714 1687 πίστιν
740 1635 825 1701 τὴν
851 1641 912 1691 εἷς
931 1637 1147 1704 Χριστὸν
1172 1642 1266 1689 τῶν
1291 1639 1528 1690 Ἰουδαίων
1553 1639 1635 1689 οὐκ
1657 1637 1903 1705 εὐαρίθμη-

320 1739 405 1779 τοι,
432 1718 508 1768 καὶ
535 1716 628 1784 πρό
663 1741 718 1783 γε
744 1723 838 1769 τῶν
864 1718 1030 1770 ἄλλων
1056 1723 1098 1771 οἱ
1127 1720 1346 1787 μακάριοι
1378 1721 1597 1785 μαθηταί·
1641 1721 1901 1785 διωλισθή-

321 1822 435 1850 κασι
462 1799 511 1850 δὲ
536 1803 617 1864 τῆς
644 1800 832 1854 ἐλπίδος
858 1805 899 1852 οἱ
925 1807 1025 1856 ταῖς
1051 1804 1296 1856 ἀπειθείαις
1321 1802 1720 1870 περιυβρίσαντες.
1773 1803 1904 1868 πλὴν

321 1883 369 1932 ἐν
410 1881 630 1950 ἐσχάτοις
673 1888 847 1949 καιροῖς
889 1883 1416 1952 προσεπενεχθήσονται
1459 1889 1555 1938 τοῖς
1599 1885 1781 1948 ἄλλοις,
1827 1887 1902 1937 καὶ

283 1989 305 2016 ο
323 1962 420 2015 οἷον
470 1965 526 2033 ἐξ
573 1966 838 2030 ὑποδρομῆς
888 1967 1270 2033 ἀναδραμοῦνται
1320 1966 1459 2032 μόλις
1511 1966 1630 2034 πρὸς
1680 1966 1795 2035 ὅπερ
1844 1966 1902 2032 ἦν

322 2046 509 2110 ἄμεινον
547 2048 700 2098 ἐλθεῖν
737 2048 785 2098 ἐν
822 2049 1002 2116 ἀρχαῖς.

280 2323 301 2356 4
326 2299 400 2341 Καὶ
427 2301 627 2342 στήσεται
654 2301 723 2341 καί
749 2301 915 2352 ὄψεται,
944 2300 1012 2342 καὶ
1041 2299 1241 2350 Ποιμανεῖ
1277 2302 1323 2344 τὸ
1349 2302 1545 2351 Ποίμνιον
1572 2302 1702 2344 αὐτοῦ
1724 2302 1768 2344 ὲν
1795 2299 1901 2358 ἰσχύϊ

391 2383 552 2440 Κύριος,
580 2384 648 2424 καὶ
685 2384 729 2425 ὲν
756 2388 806 2441 τῷ
846 2384 949 2442 ὃόὲῌ
975 2388 1048 2426 τοῦ
1082 2385 1292 2434 ὀνόματος
1326 2385 1475 2443 Κυρίου
1509 2390 1582 2427 τοῦ
1609 2385 1718 2428 Θεοῦ
1757 2385 1898 2427 αὐτῶν

369 2585 400 2609 1.
425 2576 518 2609 οὔπω
535 2589 571 2609 τε
588 2575 633 2609 Α.
651 2574 737 2609 οὕτω
754 2589 791 2609 τε
809 2574 901 2609 Edd.
951 2575 1111 2621 συνήσεις
1127 2587 1189 2621 pro
1207 2576 1319 2612 συνεὶς
1337 2577 1418 2620 (Sic)
1436 2577 1480 2611 A.
1636 2587 1668 2611 2.
1694 2577 1747 2610 καὶ
1764 2588 1834 2612 om.
1854 2578 1899 2614 B.

319 2620 433 2663 ἐπειδὴ
451 2622 495 2658 Α,
514 2621 585 2656 ἐπεὶ
604 2621 696 2656 Edd.
745 2621 952 2667 ὑπερθέσεσι
968 2624 1013 2657 Α.
1159 2634 1192 2668 3.
1219 2624 1267 2657 ἕτι
1285 2624 1328 2659 Α.
1347 2623 1422 2658 ἐστι
1440 2622 1532 2658 Edd.
1583 2622 1708 2659 Statim
1724 2627 1834 2669 μακρᾷ
1855 2625 1898 2660 Β.

318 2670 461 2713 μακραῖς
477 2669 520 2702 A.
539 2669 664 2713 μακρὸς
683 2668 774 2703 Edd.
917 2678 950 2712 5.
976 2669 1096 2705 αὐτοὺς
1112 2684 1269 2704 τουτεστι
1285 2671 1498 2714 παραδώσεις
1515 2682 1585 2705 om.
1597 2671 1640 2704 A.
1783 2670 1816 2705 6.
1840 2673 1900 2716 τῆς·

320 2721 542 2760 assumptum
559 2728 601 2749 ex
621 2715 662 2749 Β.
712 2715 878 2760 καταδοθῇ
896 2716 940 2750 Α.
946 2716 988 2751 Β.
1007 2716 1109 2760 κυηθῇ
1129 2716 1221 2751 Edd.
1498 2717 1532 2752 8.
1560 2716 1689 2752 Haec‘
1673 2732 1692 2761 η
1693 2719 1898 2769 τελεωτάτη

320 2768 540 2796 accesserunt
558 2774 599 2796 ex
617 2763 661 2797 A.
835 2774 890 2798 10.
915 2778 950 2798 τε
968 2763 1012 2799 ὣς
1027 2764 1115 2808 ἔφην
1131 2764 1174 2798 Α.
1181 2764 1222 2799 Β.
1240 2763 1323 2799 τέως
1340 2763 1433 2798 Edd.
1593 2775 1646 2798 11.
1672 2767 1744 2798 οἱον
1760 2764 1897 2811 ἐνδιαψ.

321 2820 384 2853 pro
402 2810 503 2843 οἱονεὶ
520 2809 655 2855 διαψιθ.
674 2810 718 2843 A.
968 2822 1020 2845 12.
1046 2810 1193 2856 τέξεται]
1212 2814 1249 2852 -1-
1271 2812 1360 2856 φησι
1379 2810 1470 2844 Edd.
1488 2810 1605 2845 invitis
1624 2811 1666 2845 A.
1672 2811 1714 2845 Β.
1762 2812 1898 2856 ἑδραίαν

319 2855 420 2889 αὐτὸν
435 2856 600 2890 ἀποκαλεῖ
617 2856 660 2890 Α.
678 2857 779 2890 αυτὸν
795 2856 928 2902 ἑδραῖον
943 2856 1103 2892 ἀποτελεῖ
1121 2857 1212 2892 Edd.
1351 2869 1404 2902 13.
1430 2856 1536 2905 τούτῳ
1554 2859 1592 2892 τὸ
1610 2858 1652 2891 Α.
1671 2859 1770 2892 τοῦτο
1787 2861 1833 2905 τῷ
1853 2859 1896 2893 Β.

319 2901 426 2948 τούτῳ
445 2902 536 2936 Edd.
586 2903 635 2937 ἔτι
651 2901 786 2949 μικρὸν]
806 2904 906 2945 -Ι-ἕτι
916 2905 1091 2949 μικρονΑ
1107 2905 1198 2938 cf.1n
1212 2905 1273 2939 Es.
1290 2915 1367 2949 134.
1381 2904 1415 2938 b.
1430 2893 1527 2950 (cod
1542 2904 1668 2949 unu8.)
1767 2894 1823 2940 16.
1838 2906 1896 2940 αὐ-

319 2937 416 2992 τῶν]
421 2949 522 2983 αὐτοῦ
540 2949 632 2984 Edd.
835 2961 890 2984 21.
916 2949 1125 2996 ὑποδρομῆς]
1147 2951 1339 2997 ἐπιστροφῆ
1343 2951 1407 2987 ςΑ
1633 2962 1688 2993 24.
1713 2953 1773 2986 τοῦ
1790 2952 1846 2987 hic
1863 2957 1896 2987 et

320 3000 398 3038 post
417 2995 542 3040 Κυρίου
559 3001 739 3041 assumpta
755 3008 797 3031 ex
813 2997 857 3032 A
863 2997 905 3033 B.
924 2998 1040 3042 (Alex.
1059 2998 1102 3032 cf.
1122 2997 1207 3033 XII.
1211 2999 1224 3043 )
