2021 3434
140 189 166 230 i.
196 204 230 241 1,
255 204 292 232 2.
759 200 833 240 IN
875 201 1113 244 IONAM.
1635 206 1715 244 565

136 306 211 352 καὶ
252 308 495 368 συντιθεὶς,
541 309 690 377 εὐφυᾶ
729 334 775 362 τε
815 317 889 363 καὶ
928 316 1275 379 ἀνεπίπληκτον
1318 314 1591 366 ἀποτελέσει
1635 314 1718 365 τὸν

134 382 299 449 λόγον.
367 388 574 440 ἐντεῦθεν
599 392 679 442 οὖν
706 395 814 456 ἡμῖν
840 396 1031 461 ἀρκτέον
1056 399 1137 460 τῆς
1162 396 1444 465 ἐξηγήσεως.

137 615 212 658 Καὶ
248 617 417 665 ἐΓένετο
460 621 585 669 Abs-oc
632 623 780 681 Κυρίου
824 626 930 683 Πρὸς
967 627 1121 670 Ἰωνᾰν
1165 627 1238 671 τὸν
1278 634 1351 670 τοῦ
1385 629 1537 678 'Annei
1575 631 1711 677 λέΓων
1736 637 1834 687 Κεφ.
1858 634 1906 677 α’.

195 700 424 745 ἈνάστΗθι
468 705 535 746 καὶ
574 709 805 764 ΠορεύθΗτι
843 708 902 751 eie
943 711 1082 753 Νινευὶ
1123 712 1199 753 τὴν
1248 713 1372 753 Πόλιν
1410 712 1486 754 τὴν
1524 715 1712 761 nef-(ihm
1736 728 1754 751 2

91 789 114 828 5
203 785 271 826 καὶ
306 787 488 843 κήρυξον
527 789 571 831 ἐν
607 791 728 851 αὐτῷ,
755 794 819 835 ὅτι
852 794 981 845 ἁνέβΗ
1018 796 1040 835 ἡ
1080 795 1237 852 κραυτέι
1277 799 1354 837 τῆς
1393 796 1542 837 κακίας
1581 797 1755 838 αὐτῇεῡ

200 869 307 926 Πρὸς
343 872 408 920 μὲ.

206 985 309 1050 Τὴν
342 988 478 1040 Ἰωνᾶ
515 994 801 1060 προφητείας
840 996 1074 1045 διακονίαν
1112 1018 1160 1045 τε
1196 997 1271 1045 καὶ
1310 994 1591 1058 ἀποστολὴν
1637 996 1710 1045 ἐν·

131 1068 370 1133 νενοηκὼς,
398 1073 514 1140 φαίη
552 1097 620 1127 τις
655 1073 712 1125 ἂν
750 1078 823 1126 καὶ
863 1076 994 1138 μάλα
1033 1077 1216 1131 εἰκότως
1250 1079 1322 1129 ἐπὶ
1357 1083 1530 1144 καιροῦ,
1559 1076 1613 1127 τὸ
1642 1077 1715 1127 διὰ

129 1152 211 1212 τῆς
263 1157 346 1202 τοῦ
393 1156 621 1219 μακαρίου
666 1157 865 1208 Παύλου
910 1161 1069 1224 φωνῆς
1116 1159 1403 1222 ὑμνούμενον
1441 1157 1558 1209 ((’ΧΗ
1598 1160 1715 1210 Ἰου-
1777 1207 1862 1237 Rom
1891 1207 1924 1239 iii

65 1245 111 1270 10
130 1238 157 1260 ‘⁴
184 1233 326 1284 δαίων
364 1235 388 1285 ὁ
423 1235 542 1290 Θεὸς
574 1236 732 1301 μόνον,
771 1241 872 1307 οὐχὶ
912 1239 960 1290 δὲ
996 1243 1069 1291 καὶ
1109 1242 1285 1302 ε’θνῶνς
1330 1243 1401 1291 ναὶ
1441 1243 1516 1292 καὶ
1555 1243 1714 1304 ἐθνῶν,
1778 1261 1901 1292 29130-

129 1319 157 1342 “
183 1314 309 1381 ε’ίπερ
349 1316 412 1371 εἷς
445 1319 469 1368 ὁ
505 1319 627 1373 Θεός
669 1318 718 1374 ὃς
753 1321 990 1373 δικαιώσει
1025 1322 1281 1389 περιτομὴν
1316 1324 1366 1374 ἐκ
1400 1325 1604 1377 πίστεως
1638 1326 1714 1374 καὶ

129 1403 156 1425 “
181 1398 502 1463 ἀκροβυστίαν
537 1401 612 1452 διὰ
650 1406 731 1466 τῆς
769 1405 1016 1458 πίστεως.”
1079 1406 1214 1474 πείρᾳ
1250 1405 1297 1456 δὲ
1335 1412 1473 1457 τοῦτο
1504 1410 1712 1471 μεμαθη-

127 1477 219 1532 κὼς
257 1482 330 1530 καὶ
370 1482 507 1536 αὐτὸς
545 1484 653 1547 ἡμῖν
693 1486 717 1535 ὁ
757 1486 1009 1539 θεσπέσιος
1039 1487 1230 1552 Πέτρος,
1260 1488 1598 1555 ἀναπεφώνηκε
1629 1489 1707 1539 λε’-

127 1583 225 1626 γων
252 1569 278 1592 “
303 1561 409 1614 Ἐπ’
437 1564 657 1629 ἀλήθειας
688 1568 1129 1632 καταλαμβάνομεν,
1159 1568 1228 1620 ὅτι
1264 1571 1346 1620 οὐκ
1385 1570 1486 1620 ἔστι
1517 1594 1710 1636 προσω-
1771 1597 1860 1628 Acta
1873 1598 1929 1630 SS

0 1651 1 1655 ’
62 1649 155 1696 Ι5“
180 1645 429 1710 πολήπτης
474 1648 499 1697 ὁ
545 1648 678 1712 Θεὸς,
720 1650 831 1700 ἀλλ’
883 1653 930 1701 ἐν
980 1653 1120 1702 παντὶ
1171 1651 1288 1702 ἔθνει
1340 1653 1364 1701 ὁ
1417 1641 1886 1724 φοβούμενοςᾶᾓῗζςὲζ

126 1731 155 1754 “
178 1726 319 1777 αὐτὸν
355 1730 428 1779 καὶ
465 1734 612 1781 ποιῶν
652 1733 964 1797 δικαιοσύνην,
1000 1732 1157 1786 δεκτὸς
1192 1735 1318 1803 αὐτῷ
1357 1735 1502 1784 ἐστι.”
1569 1738 1706 1800 δεδη-

125 1809 374 1874 μιούργηκε
401 1810 484 1872 μὲν
515 1812 608 1879 γὰρ
634 1814 771 1868 αὐτὸς
809 1818 898 1880 γῆν
933 1839 982 1866 τε
1017 1818 1091 1866 καὶ
1130 1816 1328 1882 οὐρανὸν
1354 1818 1428 1867 καὶ
1463 1816 1617 1867 πάντα
1649 1817 1709 1868 τὰ

125 1890 173 1940 ἐν
211 1891 377 1954 αὐτοῖς,
411 1895 631 1959 πεποίηκε
670 1894 718 1946 δὲ
757 1895 838 1947 τὸν
877 1897 1125 1963 ἄνθρωπον
1163 1900 1211 1948 ἐν
1249 1900 1413 1966 ἀρχαῖς
1452 1900 1550 1949 κατ’
1587 1900 1708 1951 ἰδίαν

124 1970 277 2023 εἰκόνα
302 1976 377 2024 καὶ
403 1977 508 2026 καθ’
537 1978 774 2041 ὁμοίωσιν,
801 1978 875 2029 ἵνα
900 1984 994 2030 τῶν
1027 1982 1088 2033 εἰς
1120 1978 1286 2045 ἀρετὴν
1316 1981 1705 2044 σπουδασμάτων
1765 2002 1847 2033 Gen.
1868 2003 1890 2034 i.

56 2071 105 2096 20
124 2052 341 2120 ἐχόμενος
380 2056 576 2127 διαβιῴη
615 2065 845 2126 λαμπρῶς
879 2062 926 2111 ἐν
961 2061 1171 2127 ἁγιότητι
1204 2064 1277 2112 καὶ
1304 2067 1602 2132 μακαρισμῷ,
1629 2068 1704 2115 καὶ
1767 2045 1818 2077 26.

122 2140 217 2186 τῶν
261 2139 402 2190 αὐτοῦ
445 2142 752 2207 χαρισμάτων
794 2144 1033 2194 πλουσίαν
1078 2144 1172 2212 ε”χοι
1212 2143 1297 2208 τὴν
1337 2145 1537 2213 μέθεξιν.
1607 2144 1706 2197 εἶτα

121 2221 447 2287 παρεκομίσθη
495 2222 612 2289 πρὸς
663 2225 906 2291 ἁμαρτίαν,
955 2231 1050 2280 τοῖς
1094 2232 1177 2277 τοῦ
1227 2226 1455 2286 διαβόλου
1499 2250 1699 2294 κακουρ-

122 2301 306 2366 γήμασι
356 2306 772 2372 πεφενακισμένος·
838 2308 1054 2376 ταύτῃτοι
1106 2311 1180 2359 καὶ
1231 2308 1422 2374 γέγονεν
1474 2309 1742 2376 ἐπάρατοςο

124 2385 200 2434 καὶ
235 2382 324 2436 ὑπὸ
351 2385 551 2452 φθοράν.
617 2386 886 2454 προώριστο
921 2389 1005 2452 μὲν
1042 2391 1124 2440 οὖν
1154 2391 1228 2440 καὶ
1264 2390 1572 2456 προέγνωστο
1609 2391 1702 2458 πρὸ

56 2479 103 2518 25
124 2471 393 2532 καταβολῆς
424 2467 607 2532 κόσμου
633 2468 844 2536 Χριστὸς
879 2475 939 2525 εἰς
973 2471 1057 2535 τὴν
1083 2476 1176 2522 τῶν
1203 2471 1330 2523 ὅλων
1356 2472 1698 2538 ἐπανόρθωσιν.

11 2572 19 2844 ι
122 2547 342 2613 εὐδόκησε
378 2549 471 2616 γὰρ
510 2552 534 2601 ὁ
562 2551 681 2604 Θεὸς
715 2554 789 2602 καὶ
819 2552 987 2618 Πατὴρ
1015 2561 1041 2582 “
1060 2554 1609 2622 Ἀνακεφαλαιώσασθαι
1641 2555 1700 2607 τὰ
1761 2567 1847 2641 ξΈΟΡῙΙ·
1867 2567 1887 2598 ἱ·

15 2845 19 2963 ἓ

16 2966 19 3013 ἰ

17 3050 21 3075 ι

18 3079 20 3099 Ι

20 3304 23 3323 Ι

20 3329 25 3434 l

171 2733 199 2762 Ι,
221 2733 253 2756 2.
283 2722 378 2757 Haec
396 2725 454 2757 τὸν
471 2731 503 2758 et
522 2724 831 2770 ἕνη-ἐξηγήσεως
849 2733 1028 2770 assumpta
1046 2739 1086 2760 ex
1108 2727 1147 2761 B.
1167 2727 1294 2761 desunt
1313 2728 1347 2761 in
1369 2728 1413 2762 D.
1580 2741 1612 2774 3.
1638 2733 1699 2764 τοῦ

119 2780 189 2802 om.
208 2769 301 2803 Aub.
321 2770 420 2815 (130,
439 2771 541 2815 311.)
771 2782 799 2816 7.
826 2773 1035 2817 προφητείας
1055 2774 1095 2807 Β.
1112 2774 1322 2818 προφητείαν
1342 2776 1386 2808 D.
1405 2775 1585 2820 προφήτου
1604 2777 1696 2812 Edd.

119 2829 155 2848 τε
172 2820 394 2861 assumptum
413 2830 454 2851 ex
471 2818 511 2852 B.
656 2819 687 2852 8.
707 2819 791 2864 φαίη
810 2834 858 2854 τις
876 2818 915 2852 ἂν
927 2820 1053 2853 desunt
1071 2821 1106 2854 iu
1119 2821 1211 2854 Edd.
1358 2833 1408 2856 10.
1427 2824 1529 2866 μόνον
1545 2823 1591 2857 D.
1605 2824 1698 2859 Edd.

114 2863 228 2905 -μόνων
253 2863 293 2897 B.
359 2864 394 2898 δέ
422 2872 642 2910 assumptum
670 2877 711 2898 ex
740 2865 781 2899 Β.
810 2866 906 2899 deest
932 2867 967 2899 in
998 2867 1043 2900 D.
1108 2869 1160 2901 ναὶ
1183 2868 1236 2901 καὶ
1263 2868 1366 2902 ἐθνῶν
1392 2869 1519 2903 dezunt
1543 2870 1578 2903 in
1603 2870 1695 2905 Edd.

122 2919 176 2943 11.
201 2909 337 2954 ἐπείπερ
365 2911 407 2944 Β.
438 2912 554 2946 invitis
584 2912 629 2945 D.
658 2911 749 2945 Edd.
827 2912 921 2946 Haec
955 2913 1114 2958 ὃς-τῆς
1145 2915 1292 2950 πίστεως
1325 2923 1504 2960 assumpta
1532 2928 1572 2949 ex
1603 2917 1696 2952 B.D.

123 2965 175 2999 13.
202 2956 300 2991 αὐτὸς
316 2956 393 3000 ἡμῖν
410 2959 428 2991 ὁ
446 2958 475 2993 θ.
495 2958 626 3003 Πέτρος
644 2958 734 2993 B.D.
755 2958 884 3002 Πέτρος
902 2959 977 3002 ἡμῖν
995 2960 1086 2995 Edd.
1342 2973 1394 3004 14.
1421 2962 1580 3005 ἀληθείαν
1600 2964 1690 2999 Edd.

123 3004 174 3036 18.
200 3002 286 3047 ἀρχῇ
306 3003 365 3039 iid.
571 3016 626 3039 21.
653 3006 760 3039 αὐτῶν
777 3005 836 3039 ild.
885 3007 945 3051 ἔχῃ
964 3006 1020 3040 iid.
1221 3019 1276 3050 24.
1302 3009 1368 3054 γὰρ
1386 3021 1448 3054 pro
1466 3008 1524 3044 οὖν
1541 3010 1601 3044 iid.
