<?xml version="1.0" encoding="UTF-8"?>
<!DOCTYPE html PUBLIC "-//W3C//DTD XHTML 1.0 Transitional//EN"
    "http://www.w3.org/TR/xhtml1/DTD/xhtml1-transitional.dtd">
<html xmlns="http://www.w3.org/1999/xhtml" xml:lang="en" lang="en">
 <head>
  <title>
</title>
<meta http-equiv="Content-Type" content="text/html;charset=utf-8" />
  <meta name='ocr-system' content='tesseract 3.04.00' />
  <meta name='ocr-capabilities' content='ocr_page ocr_carea ocr_par ocr_line ocrx_word'/>
</head>
<body>
  <div class='ocr_page' id='page_1' title='image "./operacyrilli01cyriuoft/operacyrilli01cyriuoft_0406.png"; bbox 0 0 2021 3434; ppageno 0'>
   <div class='ocr_carea' id='block_1_1' title="bbox 295 188 1863 232">
    <p class='ocr_par' dir='ltr' id='par_1_1' title="bbox 295 188 1863 232">
     <span class='ocr_line' id='line_1_1' title="bbox 295 188 1863 232; baseline 0 -3"><span class='ocrx_word' id='word_1_1' title='bbox 295 189 379 230; x_wconf 78' lang='lat'>362</span> <span class='ocrx_word' id='word_1_2' title='bbox 685 191 735 232; x_wconf 89' lang='lat' dir='ltr'>B.</span> <span class='ocrx_word' id='word_1_3' title='bbox 777 191 1054 232; x_wconf 89' lang='lat' dir='ltr'>CYRILLI</span> <span class='ocrx_word' id='word_1_4' title='bbox 1095 190 1476 232; x_wconf 88' lang='lat' dir='ltr'><strong>ALEXANDR.</strong></span> <span class='ocrx_word' id='word_1_5' title='bbox 1715 188 1772 230; x_wconf 86' lang='lat' dir='ltr'><strong>iii.</strong></span> <span class='ocrx_word' id='word_1_6' title='bbox 1800 188 1863 229; x_wconf 91' lang='lat'>18.</span> 
     </span>
    </p>
   </div>
   <div class='ocr_carea' id='block_1_2' title="bbox 76 296 1870 941">
    <p class='ocr_par' dir='ltr' id='par_1_2' title="bbox 294 296 1865 369">
     <span class='ocr_line' id='line_1_2' title="bbox 294 296 1865 369; baseline 0.001 -22"><span class='ocrx_word' id='word_1_7' title='bbox 294 300 390 350; x_wconf 90' lang='grc' dir='ltr'>τοῖς</span> <span class='ocrx_word' id='word_1_8' title='bbox 415 296 499 362; x_wconf 85' lang='grc' dir='ltr'>τὴν</span> <span class='ocrx_word' id='word_1_9' title='bbox 530 297 627 366; x_wconf 78' lang='grc' dir='ltr'>εξιν</span> <span class='ocrx_word' id='word_1_10' title='bbox 664 321 984 366; x_wconf 86' lang='grc' dir='ltr'>στερεωτεροις</span> <span class='ocrx_word' id='word_1_11' title='bbox 1017 299 1076 351; x_wconf 81' lang='grc' dir='ltr'>τὰ</span> <span class='ocrx_word' id='word_1_12' title='bbox 1109 304 1203 351; x_wconf 86' lang='grc' dir='ltr'>τῶν</span> <span class='ocrx_word' id='word_1_13' title='bbox 1236 300 1467 369; x_wconf 81' lang='grc' dir='ltr'>τροφείων</span> <span class='ocrx_word' id='word_1_14' title='bbox 1505 298 1742 365; x_wconf 86' lang='grc' dir='ltr'>ἁδρότερα,</span> <span class='ocrx_word' id='word_1_15' title='bbox 1768 301 1865 349; x_wconf 88' lang='grc' dir='ltr'>δια-</span> 
     </span>
    </p>

    <p class='ocr_par' dir='ltr' id='par_1_3' title="bbox 76 368 1870 941">
     <span class='ocr_line' id='line_1_3' title="bbox 76 368 1867 489; baseline 0.002 -61"><span class='ocrx_word' id='word_1_16' title='bbox 76 368 174 443; x_wconf 52' lang='grc' dir='ltr'>,ἓξὲξ</span> <span class='ocrx_word' id='word_1_17' title='bbox 186 422 238 453; x_wconf 81' lang='lat'>²3</span> <span class='ocrx_word' id='word_1_18' title='bbox 253 378 549 489; x_wconf 79' lang='grc' dir='ltr'>ᾶμεμνηνται</span> <span class='ocrx_word' id='word_1_19' title='bbox 593 380 814 446; x_wconf 81' lang='grc' dir='ltr'>λέγοντος</span> <span class='ocrx_word' id='word_1_20' title='bbox 853 388 935 433; x_wconf 82' lang='grc' dir='ltr'>τοῦ</span> <span class='ocrx_word' id='word_1_21' title='bbox 979 385 1100 449; x_wconf 80' lang='grc' dir='ltr'>ἱεροῦ</span> <span class='ocrx_word' id='word_1_22' title='bbox 1145 382 1417 448; x_wconf 84' lang='grc' dir='ltr'>γράμματος</span> <span class='ocrx_word' id='word_1_23' title='bbox 1458 385 1734 434; x_wconf 70' lang='grc' dir='ltr'>ίίΓνωστῶς</span> <span class='ocrx_word' id='word_1_24' title='bbox 1771 382 1867 432; x_wconf 86' lang='grc' dir='ltr'>ἐπι-</span> 
     </span>
     <span class='ocr_line' id='line_1_4' title="bbox 298 460 1868 530; baseline 0.002 -19.099"><span class='ocrx_word' id='word_1_25' title='bbox 298 460 514 529; x_wconf 83' lang='grc' dir='ltr'>“γνώσῃ</span> <span class='ocrx_word' id='word_1_26' title='bbox 564 462 725 530; x_wconf 80' lang='grc' dir='ltr'>ψυχὰς</span> <span class='ocrx_word' id='word_1_27' title='bbox 773 486 988 527; x_wconf 87' lang='grc' dir='ltr'>ποιμνιου</span> <span class='ocrx_word' id='word_1_28' title='bbox 1038 466 1153 517; x_wconf 88' lang='grc' dir='ltr'>σου.’</span> <span class='ocrx_word' id='word_1_29' title='bbox 1247 488 1321 516; x_wconf 89' lang='grc' dir='ltr'>και</span> <span class='ocrx_word' id='word_1_30' title='bbox 1371 470 1486 530; x_wconf 81' lang='grc' dir='ltr'>γοῦν</span> <span class='ocrx_word' id='word_1_31' title='bbox 1536 487 1577 515; x_wconf 92' lang='grc' dir='ltr'>οι</span> <span class='ocrx_word' id='word_1_32' title='bbox 1626 463 1868 515; x_wconf 89' lang='grc' dir='ltr'>θεσπεσιοι</span> 
     </span>
     <span class='ocr_line' id='line_1_5' title="bbox 294 545 1868 610; baseline 0.002 -18"><span class='ocrx_word' id='word_1_33' title='bbox 294 546 498 607; x_wconf 76' lang='grc' dir='ltr'>μαθηταὶ</span> <span class='ocrx_word' id='word_1_34' title='bbox 543 545 689 596; x_wconf 84' lang='grc' dir='ltr'>καίτοι</span> <span class='ocrx_word' id='word_1_35' title='bbox 733 547 896 610; x_wconf 84' lang='grc' dir='ltr'>μυρίας</span> <span class='ocrx_word' id='word_1_36' title='bbox 945 546 1063 601; x_wconf 81' lang='grc' dir='ltr'>ὅσας</span> <span class='ocrx_word' id='word_1_37' title='bbox 1112 547 1304 601; x_wconf 82' lang='grc' dir='ltr'>ἐντολὰς</span> <span class='ocrx_word' id='word_1_38' title='bbox 1349 545 1598 600; x_wconf 79' lang='grc' dir='ltr'>δεδωκότος</span> <span class='ocrx_word' id='word_1_39' title='bbox 1639 547 1747 610; x_wconf 84' lang='grc' dir='ltr'>ἡμῖν</span> <span class='ocrx_word' id='word_1_40' title='bbox 1787 551 1868 596; x_wconf 87' lang='grc' dir='ltr'>τοῦ</span> 
     </span>
     <span class='ocr_line' id='line_1_6' title="bbox 295 627 1867 696; baseline 0.003 -22"><span class='ocrx_word' id='word_1_41' title='bbox 295 627 511 690; x_wconf 84' lang='grc' dir='ltr'>Χριστοῦ</span> <span class='ocrx_word' id='word_1_42' title='bbox 547 631 642 680; x_wconf 89' lang='grc' dir='ltr'>τοῖς</span> <span class='ocrx_word' id='word_1_43' title='bbox 678 627 735 696; x_wconf 74' lang='grc' dir='ltr'>ἐξ</span> <span class='ocrx_word' id='word_1_44' title='bbox 769 630 914 678; x_wconf 80' lang='grc' dir='ltr'>ἐθνῶν</span> <span class='ocrx_word' id='word_1_45' title='bbox 944 628 1277 692; x_wconf 82' lang='grc' dir='ltr'>πιστεύσασιν,</span> <span class='ocrx_word' id='word_1_46' title='bbox 1315 632 1610 692; x_wconf 78' lang='grc' dir='ltr'>οἰκονομικῶς</span> <span class='ocrx_word' id='word_1_47' title='bbox 1649 627 1867 679; x_wconf 77' lang='grc' dir='ltr'>ἐπιστέλ-</span> 
     </span>
     <span class='ocr_line' id='line_1_7' title="bbox 296 709 1869 778; baseline 0.003 -22"><span class='ocrx_word' id='word_1_48' title='bbox 296 713 452 770; x_wconf 90' lang='grc' dir='ltr'>λουσι,</span> <span class='ocrx_word' id='word_1_49' title='bbox 495 709 805 778; x_wconf 75' lang='grc' dir='ltr'>φυλάξασθαι</span> <span class='ocrx_word' id='word_1_50' title='bbox 853 713 946 761; x_wconf 89' lang='grc' dir='ltr'>δεῖν</span> <span class='ocrx_word' id='word_1_51' title='bbox 989 709 1159 762; x_wconf 84' lang='grc' dir='ltr'>“Ἀπό</span> <span class='ocrx_word' id='word_1_52' title='bbox 1201 733 1251 762; x_wconf 92' lang='grc' dir='ltr'>τε</span> <span class='ocrx_word' id='word_1_53' title='bbox 1300 712 1514 776; x_wconf 78' lang='grc' dir='ltr'>πορνείας</span> <span class='ocrx_word' id='word_1_54' title='bbox 1559 712 1634 761; x_wconf 79' lang='grc' dir='ltr'>καὶ</span> <span class='ocrx_word' id='word_1_55' title='bbox 1677 715 1869 761; x_wconf 84' lang='grc' dir='ltr'>πνικτοῦ</span> 
     </span>
     <span class='ocr_line' id='line_1_8' title="bbox 78 791 1869 863; baseline 0 -21"><span class='ocrx_word' id='word_1_56' title='bbox 78 811 200 844; x_wconf 68' lang='lat' dir='ltr'><strong>sb.28.</strong></span> <span class='ocrx_word' id='word_1_57' title='bbox 297 797 324 820; x_wconf 72' lang='lat'>‘⁶</span> <span class='ocrx_word' id='word_1_58' title='bbox 348 792 424 840; x_wconf 72' lang='grc' dir='ltr'>καὶ</span> <span class='ocrx_word' id='word_1_59' title='bbox 459 791 666 855; x_wconf 85' lang='grc' dir='ltr'>αἵματος.</span> <span class='ocrx_word' id='word_1_60' title='bbox 733 792 863 861; x_wconf 74' lang='grc' dir='ltr'>ἔδοξε</span> <span class='ocrx_word' id='word_1_61' title='bbox 903 791 997 859; x_wconf 89' lang='grc' dir='ltr'>γάρ</span> <span class='ocrx_word' id='word_1_62' title='bbox 1035 796 1186 861; x_wconf 87' lang='grc' dir='ltr'>φησιν</span> <span class='ocrx_word' id='word_1_63' title='bbox 1228 796 1294 863; x_wconf 69' lang='grc' dir='ltr'>τῷ</span> <span class='ocrx_word' id='word_1_64' title='bbox 1326 794 1474 861; x_wconf 63' lang='grc' dir='ltr'>εΑγίῳ</span> <span class='ocrx_word' id='word_1_65' title='bbox 1517 791 1756 855; x_wconf 81' lang='grc' dir='ltr'>Πνεύματι</span> <span class='ocrx_word' id='word_1_66' title='bbox 1793 793 1869 842; x_wconf 80' lang='grc' dir='ltr'>καὶ</span> 
     </span>
     <span class='ocr_line' id='line_1_9' title="bbox 296 871 1870 941; baseline 0.003 -18"><span class='ocrx_word' id='word_1_67' title='bbox 296 878 324 901; x_wconf 83' lang='grc'><strong>“</strong></span> <span class='ocrx_word' id='word_1_68' title='bbox 348 871 470 936; x_wconf 86' lang='grc' dir='ltr'>ἡμῖν,</span> <span class='ocrx_word' id='word_1_69' title='bbox 495 872 638 938; x_wconf 77' lang='grc' dir='ltr'>μηδὲν</span> <span class='ocrx_word' id='word_1_70' title='bbox 672 872 818 925; x_wconf 78' lang='grc' dir='ltr'>πλέον</span> <span class='ocrx_word' id='word_1_71' title='bbox 852 876 1139 926; x_wconf 81' lang='grc' dir='ltr'>ἐπιτίθεσθαι</span> <span class='ocrx_word' id='word_1_72' title='bbox 1167 876 1272 939; x_wconf 84' lang='grc' dir='ltr'>ὑμῖν</span> <span class='ocrx_word' id='word_1_73' title='bbox 1295 874 1479 941; x_wconf 79' lang='grc' dir='ltr'>βάρος.”</span> <span class='ocrx_word' id='word_1_74' title='bbox 1545 873 1721 928; x_wconf 82' lang='grc' dir='ltr'>ἀκούεις</span> <span class='ocrx_word' id='word_1_75' title='bbox 1745 873 1870 927; x_wconf 79' lang='grc' dir='ltr'>ὅπως</span> 
     </span>
    </p>
   </div>
   <div class='ocr_carea' id='block_1_3' title="bbox 76 710 233 740">
    <p class='ocr_par' dir='ltr' id='par_1_4' title="bbox 76 710 233 740">
     <span class='ocr_line' id='line_1_10' title="bbox 76 710 233 740; baseline 0 -1"><span class='ocrx_word' id='word_1_76' title='bbox 76 736 79 739; x_wconf 34' lang='lat' dir='ltr'><strong><em>s</em></strong></span> <span class='ocrx_word' id='word_1_77' title='bbox 93 710 166 739; x_wconf 44' lang='lat' dir='ltr'>&amp;cta</span> <span class='ocrx_word' id='word_1_78' title='bbox 181 719 233 740; x_wconf 79' lang='lat' dir='ltr'>xv.</span> 
     </span>
    </p>
   </div>
   <div class='ocr_carea' id='block_1_4' title="bbox 79 955 1875 2258">
    <p class='ocr_par' dir='ltr' id='par_1_5' title="bbox 297 955 1871 1026">
     <span class='ocr_line' id='line_1_11' title="bbox 297 955 1871 1026; baseline 0.001 -21"><span class='ocrx_word' id='word_1_79' title='bbox 297 955 604 1021; x_wconf 80' lang='grc' dir='ltr'>νηπιοπρεπές</span> <span class='ocrx_word' id='word_1_80' title='bbox 638 958 740 1007; x_wconf 88' lang='grc' dir='ltr'>ἐστι</span> <span class='ocrx_word' id='word_1_81' title='bbox 778 957 831 1008; x_wconf 82' lang='grc' dir='ltr'>τὸ</span> <span class='ocrx_word' id='word_1_82' title='bbox 867 957 1198 1024; x_wconf 83' lang='grc' dir='ltr'>παράγγελμα,</span> <span class='ocrx_word' id='word_1_83' title='bbox 1225 959 1299 1008; x_wconf 78' lang='grc' dir='ltr'>καὶ</span> <span class='ocrx_word' id='word_1_84' title='bbox 1333 957 1429 1008; x_wconf 74' lang='grc' dir='ltr'>οἷον</span> <span class='ocrx_word' id='word_1_85' title='bbox 1467 958 1515 1008; x_wconf 87' lang='grc' dir='ltr'>ἐν</span> <span class='ocrx_word' id='word_1_86' title='bbox 1545 957 1636 1026; x_wconf 67' lang='lat' dir='ltr'><em>’lo-cp</em></span> <span class='ocrx_word' id='word_1_87' title='bbox 1668 957 1871 1022; x_wconf 88' lang='grc' dir='ltr'>γάλακτι</span> 
     </span>
    </p>

    <p class='ocr_par' dir='ltr' id='par_1_6' title="bbox 296 1036 1871 1108">
     <span class='ocr_line' id='line_1_12' title="bbox 296 1036 1871 1108; baseline 0.002 -21"><span class='ocrx_word' id='word_1_88' title='bbox 296 1041 392 1090; x_wconf 90' lang='grc' dir='ltr'>τοῖς</span> <span class='ocrx_word' id='word_1_89' title='bbox 416 1037 768 1105; x_wconf 75' lang='grc' dir='ltr'>ἀσθενεστέροις</span> <span class='ocrx_word' id='word_1_90' title='bbox 801 1039 885 1104; x_wconf 86' lang='grc' dir='ltr'>τὴν</span> <span class='ocrx_word' id='word_1_91' title='bbox 923 1040 1019 1108; x_wconf 75' lang='grc' dir='ltr'>ἕξιν</span> <span class='ocrx_word' id='word_1_92' title='bbox 1056 1040 1433 1106; x_wconf 84' lang='grc' dir='ltr'>χορηγούμενον;</span> <span class='ocrx_word' id='word_1_93' title='bbox 1474 1039 1544 1090; x_wconf 79' lang='grc' dir='ltr'>ὅτι</span> <span class='ocrx_word' id='word_1_94' title='bbox 1582 1038 1630 1090; x_wconf 83' lang='grc' dir='ltr'>δὲ</span> <span class='ocrx_word' id='word_1_95' title='bbox 1664 1041 1738 1090; x_wconf 81' lang='grc' dir='ltr'>καὶ</span> <span class='ocrx_word' id='word_1_96' title='bbox 1766 1036 1871 1108; x_wconf 53' lang='grc' dir='ltr'>ὕδωρ</span> 
     </span>
    </p>

    <p class='ocr_par' dir='ltr' id='par_1_7' title="bbox 79 1117 1872 1352">
     <span class='ocr_line' id='line_1_13' title="bbox 194 1117 1866 1196; baseline 0 -24"><span class='ocrx_word' id='word_1_97' title='bbox 194 1189 202 1196; x_wconf 25' lang='grc' dir='ltr'>ι</span> <span class='ocrx_word' id='word_1_98' title='bbox 260 1117 352 1172; x_wconf 73' lang='grc' dir='ltr'>οτῖ)</span> <span class='ocrx_word' id='word_1_99' title='bbox 388 1119 553 1184; x_wconf 83' lang='grc' dir='ltr'>νοητὸν</span> <span class='ocrx_word' id='word_1_100' title='bbox 586 1121 860 1189; x_wconf 78' lang='grc' dir='ltr'>ἀμφιλαφὲς</span> <span class='ocrx_word' id='word_1_101' title='bbox 894 1122 1028 1172; x_wconf 79' lang='grc' dir='ltr'>ε”σται</span> <span class='ocrx_word' id='word_1_102' title='bbox 1061 1127 1156 1176; x_wconf 87' lang='grc' dir='ltr'>τοῖς</span> <span class='ocrx_word' id='word_1_103' title='bbox 1183 1129 1208 1151; x_wconf 78' lang='grc'><strong>“</strong></span> <span class='ocrx_word' id='word_1_104' title='bbox 1225 1124 1272 1173; x_wconf 84' lang='grc' dir='ltr'>ἐν</span> <span class='ocrx_word' id='word_1_105' title='bbox 1299 1122 1407 1191; x_wconf 74' lang='grc' dir='ltr'>οἴκῳ</span> <span class='ocrx_word' id='word_1_106' title='bbox 1436 1121 1610 1188; x_wconf 82' lang='grc' dir='ltr'>Κυρίου</span> <span class='ocrx_word' id='word_1_107' title='bbox 1635 1126 1866 1188; x_wconf 85' lang='grc' dir='ltr'>πεφυτευ-</span> 
     </span>
     <span class='ocr_line' id='line_1_14' title="bbox 79 1189 1869 1273; baseline 0.002 -22"><span class='ocrx_word' id='word_1_108' title='bbox 79 1189 214 1271; x_wconf 34' lang='lat' dir='ltr'>&amp;aL</span> <span class='ocrx_word' id='word_1_109' title='bbox 298 1201 490 1265; x_wconf 72' lang='grc' dir='ltr'>με’νοις,”</span> <span class='ocrx_word' id='word_1_110' title='bbox 530 1202 584 1253; x_wconf 84' lang='grc' dir='ltr'>ἵν’</span> <span class='ocrx_word' id='word_1_111' title='bbox 614 1205 705 1254; x_wconf 81' lang='grc' dir='ltr'>“ε’ν</span> <span class='ocrx_word' id='word_1_112' title='bbox 743 1209 842 1258; x_wconf 91' lang='grc' dir='ltr'>ταῖς</span> <span class='ocrx_word' id='word_1_113' title='bbox 880 1205 1041 1257; x_wconf 79' lang='grc' dir='ltr'>αὐλαῖς</span> <span class='ocrx_word' id='word_1_114' title='bbox 1081 1209 1163 1254; x_wconf 84' lang='grc' dir='ltr'>τοῦ</span> <span class='ocrx_word' id='word_1_115' title='bbox 1202 1208 1325 1255; x_wconf 80' lang='grc' dir='ltr'>Θεοῦ</span> <span class='ocrx_word' id='word_1_116' title='bbox 1363 1205 1495 1268; x_wconf 86' lang='grc' dir='ltr'>ἡμῶν</span> <span class='ocrx_word' id='word_1_117' title='bbox 1532 1203 1869 1273; x_wconf 73' lang='grc' dir='ltr'>ἐξανθήσειαν”</span> 
     </span>
     <span class='ocr_line' id='line_1_15' title="bbox 298 1283 1872 1352; baseline 0.002 -19"><span class='ocrx_word' id='word_1_118' title='bbox 298 1283 434 1337; x_wconf 81' lang='grc' dir='ltr'>θείοις</span> <span class='ocrx_word' id='word_1_119' title='bbox 475 1307 566 1336; x_wconf 90' lang='grc' dir='ltr'>που</span> <span class='ocrx_word' id='word_1_120' title='bbox 604 1285 790 1339; x_wconf 85' lang='grc' dir='ltr'>πάντως</span> <span class='ocrx_word' id='word_1_121' title='bbox 831 1285 1075 1352; x_wconf 83' lang='grc' dir='ltr'>ἀρδόμενοι</span> <span class='ocrx_word' id='word_1_122' title='bbox 1110 1286 1301 1350; x_wconf 79' lang='grc' dir='ltr'>νάμασι,</span> <span class='ocrx_word' id='word_1_123' title='bbox 1339 1289 1412 1337; x_wconf 79' lang='grc' dir='ltr'>καὶ</span> <span class='ocrx_word' id='word_1_124' title='bbox 1450 1291 1546 1340; x_wconf 81' lang='grc' dir='ltr'>τοῖς</span> <span class='ocrx_word' id='word_1_125' title='bbox 1584 1286 1760 1337; x_wconf 77' lang='grc' dir='ltr'>ἄνωθεν</span> <span class='ocrx_word' id='word_1_126' title='bbox 1795 1286 1872 1336; x_wconf 77' lang='grc' dir='ltr'>καὶ</span> 
     </span>
    </p>

    <p class='ocr_par' dir='ltr' id='par_1_8' title="bbox 296 1367 1872 1437">
     <span class='ocr_line' id='line_1_16' title="bbox 296 1367 1872 1437; baseline 0.001 -20"><span class='ocrx_word' id='word_1_127' title='bbox 296 1367 353 1435; x_wconf 71' lang='grc' dir='ltr'>ἐξ</span> <span class='ocrx_word' id='word_1_128' title='bbox 391 1368 588 1432; x_wconf 84' lang='grc' dir='ltr'>οὐρανοῦ</span> <span class='ocrx_word' id='word_1_129' title='bbox 630 1368 1032 1432; x_wconf 88' lang='grc' dir='ltr'>καταπιαινόμενοι</span> <span class='ocrx_word' id='word_1_130' title='bbox 1075 1367 1248 1435; x_wconf 82' lang='grc' dir='ltr'>λόγοις,</span> <span class='ocrx_word' id='word_1_131' title='bbox 1293 1370 1565 1437; x_wconf 83' lang='grc' dir='ltr'>ὑπεμφαίνει</span> <span class='ocrx_word' id='word_1_132' title='bbox 1610 1369 1764 1433; x_wconf 75' lang='grc' dir='ltr'>λέγων</span> <span class='ocrx_word' id='word_1_133' title='bbox 1802 1368 1872 1418; x_wconf 80' lang='grc' dir='ltr'>ὅτι</span> 
     </span>
    </p>

    <p class='ocr_par' dir='ltr' id='par_1_9' title="bbox 297 1448 1870 1599">
     <span class='ocr_line' id='line_1_17' title="bbox 297 1448 1870 1520; baseline 0.001 -20"><span class='ocrx_word' id='word_1_134' title='bbox 297 1451 452 1500; x_wconf 57' lang='grc' dir='ltr'>ποῖα-αι</span> <span class='ocrx_word' id='word_1_135' title='bbox 493 1456 540 1500; x_wconf 73' lang='grc' dir='ltr'>αἱ</span> <span class='ocrx_word' id='word_1_136' title='bbox 579 1449 763 1518; x_wconf 62' lang='grc' dir='ltr'>ἀφέσεις</span> <span class='ocrx_word' id='word_1_137' title='bbox 796 1448 938 1502; x_wconf 50' lang='lat'>’1063‘00</span> <span class='ocrx_word' id='word_1_138' title='bbox 980 1451 1194 1520; x_wconf 74' lang='grc' dir='ltr'>ῥυήσοντοιι</span> <span class='ocrx_word' id='word_1_139' title='bbox 1237 1448 1397 1502; x_wconf 50' lang='grc' dir='ltr'>ὕδει-τοι.</span> <span class='ocrx_word' id='word_1_140' title='bbox 1465 1450 1741 1517; x_wconf 87' lang='grc' dir='ltr'>ὡμολόγουν</span> <span class='ocrx_word' id='word_1_141' title='bbox 1777 1450 1870 1517; x_wconf 77' lang='grc' dir='ltr'>γὰρ</span> 
     </span>
     <span class='ocr_line' id='line_1_18' title="bbox 297 1531 1869 1599; baseline 0.001 -18"><span class='ocrx_word' id='word_1_142' title='bbox 297 1535 674 1598; x_wconf 81' lang='grc' dir='ltr'>παρακαλεῖσθαι</span> <span class='ocrx_word' id='word_1_143' title='bbox 706 1531 835 1598; x_wconf 79' lang='grc' dir='ltr'>παρὰ</span> <span class='ocrx_word' id='word_1_144' title='bbox 873 1536 997 1583; x_wconf 77' lang='grc' dir='ltr'>Θεοῦ</span> <span class='ocrx_word' id='word_1_145' title='bbox 1035 1534 1109 1583; x_wconf 79' lang='grc' dir='ltr'>καὶ</span> <span class='ocrx_word' id='word_1_146' title='bbox 1147 1536 1188 1583; x_wconf 80' lang='grc' dir='ltr'>οἱ</span> <span class='ocrx_word' id='word_1_147' title='bbox 1222 1532 1436 1599; x_wconf 88' lang='grc' dir='ltr'>μακάριοι</span> <span class='ocrx_word' id='word_1_148' title='bbox 1474 1533 1692 1597; x_wconf 89' lang='grc' dir='ltr'>μαθηταί.</span> <span class='ocrx_word' id='word_1_149' title='bbox 1759 1533 1869 1582; x_wconf 81' lang='grc' dir='ltr'>ἀλλ’</span> 
     </span>
    </p>

    <p class='ocr_par' dir='ltr' id='par_1_10' title="bbox 297 1613 1874 1762">
     <span class='ocr_line' id='line_1_19' title="bbox 297 1613 1872 1684; baseline 0.001 -21"><span class='ocrx_word' id='word_1_150' title='bbox 297 1616 344 1663; x_wconf 81' lang='grc' dir='ltr'>αἱ</span> <span class='ocrx_word' id='word_1_151' title='bbox 382 1617 563 1680; x_wconf 89' lang='grc' dir='ltr'>πρῶται</span> <span class='ocrx_word' id='word_1_152' title='bbox 596 1613 679 1678; x_wconf 78' lang='grc' dir='ltr'>μὲν</span> <span class='ocrx_word' id='word_1_153' title='bbox 714 1619 808 1665; x_wconf 88' lang='grc' dir='ltr'>τῶν</span> <span class='ocrx_word' id='word_1_154' title='bbox 849 1619 1024 1678; x_wconf 81' lang='grc' dir='ltr'>νοητῶν</span> <span class='ocrx_word' id='word_1_155' title='bbox 1066 1613 1246 1665; x_wconf 78' lang='grc' dir='ltr'>ὑδάτων</span> <span class='ocrx_word' id='word_1_156' title='bbox 1283 1614 1482 1682; x_wconf 58' lang='grc' dir='ltr'>ἀφέσεις,</span> <span class='ocrx_word' id='word_1_157' title='bbox 1516 1614 1702 1684; x_wconf 66' lang='grc' dir='ltr'>ἀφέσεις</span> <span class='ocrx_word' id='word_1_158' title='bbox 1740 1615 1872 1666; x_wconf 69' lang='grc' dir='ltr'>ἀὗται</span> 
     </span>
     <span class='ocr_line' id='line_1_20' title="bbox 297 1693 1874 1762; baseline 0.002 -16"><span class='ocrx_word' id='word_1_159' title='bbox 297 1694 484 1750; x_wconf 87' lang='grc' dir='ltr'>πάντως</span> <span class='ocrx_word' id='word_1_160' title='bbox 518 1694 605 1746; x_wconf 75' lang='grc' dir='ltr'>εἷεν</span> <span class='ocrx_word' id='word_1_161' title='bbox 644 1693 701 1747; x_wconf 80' lang='grc' dir='ltr'>ἂν</span> <span class='ocrx_word' id='word_1_162' title='bbox 743 1699 790 1747; x_wconf 82' lang='grc' dir='ltr'>αἱ</span> <span class='ocrx_word' id='word_1_163' title='bbox 832 1701 927 1750; x_wconf 90' lang='grc' dir='ltr'>τοῖς</span> <span class='ocrx_word' id='word_1_164' title='bbox 971 1696 1118 1762; x_wconf 84' lang='grc' dir='ltr'>ἁγίοις</span> <span class='ocrx_word' id='word_1_165' title='bbox 1159 1695 1287 1762; x_wconf 79' lang='grc' dir='ltr'>παρὰ</span> <span class='ocrx_word' id='word_1_166' title='bbox 1326 1700 1447 1747; x_wconf 74' lang='grc' dir='ltr'>Θεοῦ</span> <span class='ocrx_word' id='word_1_167' title='bbox 1485 1696 1560 1747; x_wconf 81' lang='grc' dir='ltr'>διὰ</span> <span class='ocrx_word' id='word_1_168' title='bbox 1602 1697 1874 1759; x_wconf 83' lang='grc' dir='ltr'>Πνεύματος</span> 
     </span>
    </p>

    <p class='ocr_par' dir='ltr' id='par_1_11' title="bbox 80 1775 1874 1930">
     <span class='ocr_line' id='line_1_21' title="bbox 80 1775 1874 1846; baseline 0.002 -19"><span class='ocrx_word' id='word_1_169' title='bbox 80 1796 166 1829; x_wconf 52' lang='lat'>:1424</span> <span class='ocrx_word' id='word_1_170' title='bbox 179 1795 228 1829; x_wconf 88' lang='lat' dir='ltr'>A.</span> <span class='ocrx_word' id='word_1_171' title='bbox 260 1775 533 1841; x_wconf 59' lang='grc' dir='ltr'>ἃδιδόμεναι</span> <span class='ocrx_word' id='word_1_172' title='bbox 570 1783 664 1829; x_wconf 89' lang='grc' dir='ltr'>τῶν</span> <span class='ocrx_word' id='word_1_173' title='bbox 702 1780 894 1844; x_wconf 86' lang='grc' dir='ltr'>ἀγαθῶν</span> <span class='ocrx_word' id='word_1_174' title='bbox 920 1779 1151 1846; x_wconf 85' lang='grc' dir='ltr'>χορηγίαι·</span> <span class='ocrx_word' id='word_1_175' title='bbox 1194 1778 1398 1845; x_wconf 80' lang='grc' dir='ltr'>δεύτεραι</span> <span class='ocrx_word' id='word_1_176' title='bbox 1436 1777 1485 1829; x_wconf 81' lang='grc' dir='ltr'>δὲ</span> <span class='ocrx_word' id='word_1_177' title='bbox 1519 1776 1680 1846; x_wconf 75' lang='grc' dir='ltr'>ὥσπερ</span> <span class='ocrx_word' id='word_1_178' title='bbox 1711 1776 1874 1831; x_wconf 52' lang='grc' dir='ltr'>ὑδάτων</span> 
     </span>
     <span class='ocr_line' id='line_1_22' title="bbox 298 1859 1874 1930; baseline 0.001 -19"><span class='ocrx_word' id='word_1_179' title='bbox 298 1859 486 1929; x_wconf 67' lang='grc' dir='ltr'>ἀφέω-εις</span> <span class='ocrx_word' id='word_1_180' title='bbox 520 1864 562 1911; x_wconf 81' lang='grc' dir='ltr'>οἱ</span> <span class='ocrx_word' id='word_1_181' title='bbox 595 1862 703 1927; x_wconf 93' lang='grc' dir='ltr'>παρ’</span> <span class='ocrx_word' id='word_1_182' title='bbox 739 1862 890 1912; x_wconf 82' lang='grc' dir='ltr'>αὐτῶν</span> <span class='ocrx_word' id='word_1_183' title='bbox 928 1866 989 1915; x_wconf 81' lang='grc' dir='ltr'>εἷς</span> <span class='ocrx_word' id='word_1_184' title='bbox 1026 1862 1146 1926; x_wconf 80' lang='grc' dir='ltr'>ἡμᾶς</span> <span class='ocrx_word' id='word_1_185' title='bbox 1184 1862 1473 1928; x_wconf 86' lang='grc' dir='ltr'>εὑρίσκονται</span> <span class='ocrx_word' id='word_1_186' title='bbox 1516 1861 1665 1928; x_wconf 86' lang='grc' dir='ltr'>λόγοι,</span> <span class='ocrx_word' id='word_1_187' title='bbox 1705 1863 1874 1930; x_wconf 87' lang='grc' dir='ltr'>χαρίσ-</span> 
     </span>
    </p>

    <p class='ocr_par' dir='ltr' id='par_1_12' title="bbox 298 1942 1874 2015">
     <span class='ocr_line' id='line_1_23' title="bbox 298 1942 1874 2015; baseline 0.003 -23"><span class='ocrx_word' id='word_1_188' title='bbox 298 1965 447 2006; x_wconf 90' lang='grc' dir='ltr'>μασιν</span> <span class='ocrx_word' id='word_1_189' title='bbox 489 1943 609 2006; x_wconf 81' lang='grc' dir='ltr'>ἡμᾶς</span> <span class='ocrx_word' id='word_1_190' title='bbox 653 1942 1036 2007; x_wconf 81' lang='grc' dir='ltr'>ἀναπιμπλάντες</span> <span class='ocrx_word' id='word_1_191' title='bbox 1072 1949 1409 2007; x_wconf 85' lang='grc' dir='ltr'>πνευματικοῖς.</span> <span class='ocrx_word' id='word_1_192' title='bbox 1489 1945 1517 2008; x_wconf 80' lang='grc' dir='ltr'>ἡ</span> <span class='ocrx_word' id='word_1_193' title='bbox 1567 1944 1615 1996; x_wconf 80' lang='grc' dir='ltr'>δὲ</span> <span class='ocrx_word' id='word_1_194' title='bbox 1667 1945 1712 2015; x_wconf 69' lang='grc' dir='ltr'>ἐξ</span> <span class='ocrx_word' id='word_1_195' title='bbox 1761 1947 1874 1997; x_wconf 74' lang='grc' dir='ltr'>οἴκου</span> 
     </span>
    </p>

    <p class='ocr_par' dir='ltr' id='par_1_13' title="bbox 299 2025 1875 2180">
     <span class='ocr_line' id='line_1_24' title="bbox 302 2025 1875 2094; baseline 0.003 -19"><span class='ocrx_word' id='word_1_196' title='bbox 302 2026 449 2094; x_wconf 80' lang='grc' dir='ltr'>Κυρίου</span> <span class='ocrx_word' id='word_1_197' title='bbox 506 2026 840 2093; x_wconf 78' lang='grc' dir='ltr'>ἐκπορευομένη</span> <span class='ocrx_word' id='word_1_198' title='bbox 902 2025 1024 2093; x_wconf 62' lang='grc' dir='ltr'>πηγὴ</span> <span class='ocrx_word' id='word_1_199' title='bbox 1087 2027 1156 2079; x_wconf 85' lang='grc' dir='ltr'>τίς</span> <span class='ocrx_word' id='word_1_200' title='bbox 1210 2025 1267 2078; x_wconf 77' lang='grc' dir='ltr'>ἂν</span> <span class='ocrx_word' id='word_1_201' title='bbox 1315 2026 1381 2092; x_wconf 82' lang='grc' dir='ltr'>ε’ίη</span> <span class='ocrx_word' id='word_1_202' title='bbox 1432 2027 1578 2078; x_wconf 86' lang='grc' dir='ltr'>πάλιν</span> <span class='ocrx_word' id='word_1_203' title='bbox 1626 2027 1756 2092; x_wconf 88' lang='grc' dir='ltr'>πλὴν</span> <span class='ocrx_word' id='word_1_204' title='bbox 1805 2029 1875 2080; x_wconf 80' lang='grc' dir='ltr'>ὅτι</span> 
     </span>
     <span class='ocr_line' id='line_1_25' title="bbox 299 2107 1875 2180; baseline 0.004 -23"><span class='ocrx_word' id='word_1_205' title='bbox 299 2107 543 2172; x_wconf 86' lang='grc' dir='ltr'>Χριστός;</span> <span class='ocrx_word' id='word_1_206' title='bbox 584 2110 704 2159; x_wconf 81' lang='grc' dir='ltr'>οὕτω</span> <span class='ocrx_word' id='word_1_207' title='bbox 738 2107 832 2175; x_wconf 79' lang='grc' dir='ltr'>γὰρ</span> <span class='ocrx_word' id='word_1_208' title='bbox 865 2108 1005 2159; x_wconf 84' lang='grc' dir='ltr'>αὐτὸν</span> <span class='ocrx_word' id='word_1_209' title='bbox 1035 2111 1109 2159; x_wconf 79' lang='grc' dir='ltr'>καὶ</span> <span class='ocrx_word' id='word_1_210' title='bbox 1134 2109 1158 2158; x_wconf 84' lang='grc' dir='ltr'>ὀ</span> <span class='ocrx_word' id='word_1_211' title='bbox 1182 2107 1404 2174; x_wconf 85' lang='grc' dir='ltr'>μακάριος</span> <span class='ocrx_word' id='word_1_212' title='bbox 1436 2107 1640 2175; x_wconf 75' lang='grc' dir='ltr'>ὠνόμαζε</span> <span class='ocrx_word' id='word_1_213' title='bbox 1665 2109 1875 2180; x_wconf 75' lang='grc' dir='ltr'>μελῳδὸς</span> 
     </span>
    </p>

    <p class='ocr_par' dir='ltr' id='par_1_14' title="bbox 126 2188 1875 2258">
     <span class='ocr_line' id='line_1_26' title="bbox 126 2188 1875 2258; baseline 0.002 -18"><span class='ocrx_word' id='word_1_214' title='bbox 126 2211 178 2242; x_wconf 81' lang='lat' dir='ltr'>Ps.</span> <span class='ocrx_word' id='word_1_215' title='bbox 191 2221 283 2241; x_wconf 77' lang='lat' dir='ltr'><strong>xxxv.</strong></span> <span class='ocrx_word' id='word_1_216' title='bbox 301 2188 455 2255; x_wconf 75' lang='grc' dir='ltr'>λέγων</span> <span class='ocrx_word' id='word_1_217' title='bbox 495 2190 613 2256; x_wconf 79' lang='grc' dir='ltr'>πρὸς</span> <span class='ocrx_word' id='word_1_218' title='bbox 657 2190 740 2242; x_wconf 82' lang='grc' dir='ltr'>τὸν</span> <span class='ocrx_word' id='word_1_219' title='bbox 776 2194 823 2242; x_wconf 77' lang='grc' dir='ltr'>ἐν</span> <span class='ocrx_word' id='word_1_220' title='bbox 861 2196 956 2245; x_wconf 90' lang='grc' dir='ltr'>τοῖς</span> <span class='ocrx_word' id='word_1_221' title='bbox 995 2192 1206 2257; x_wconf 79' lang='grc' dir='ltr'>οὐρανοῖς</span> <span class='ocrx_word' id='word_1_222' title='bbox 1245 2191 1438 2258; x_wconf 73' lang='grc' dir='ltr'>Πατέρα</span> <span class='ocrx_word' id='word_1_223' title='bbox 1475 2193 1551 2242; x_wconf 78' lang='grc' dir='ltr'>καὶ</span> <span class='ocrx_word' id='word_1_224' title='bbox 1589 2192 1712 2243; x_wconf 77' lang='grc' dir='ltr'>Θεόν</span> <span class='ocrx_word' id='word_1_225' title='bbox 1744 2193 1875 2247; x_wconf 44' lang='grc' dir='ltr'>“ςΩς</span> 
     </span>
    </p>
   </div>
   <div class='ocr_carea' id='block_1_5' title="bbox 124 2255 1875 2342">
    <p class='ocr_par' dir='ltr' id='par_1_15' title="bbox 124 2255 1875 2342">
     <span class='ocr_line' id='line_1_27' title="bbox 124 2255 1850 2301; baseline 0.003 -16"><span class='ocrx_word' id='word_1_226' title='bbox 124 2255 218 2286; x_wconf 82' lang='lat'><strong>8-10.</strong></span> <span class='ocrx_word' id='word_1_227' title='bbox 300 2278 327 2301; x_wconf 54' lang='grc' dir='ltr'>(ζ</span> <span class='ocrx_word' id='word_1_228' title='bbox 366 2273 376 2288; x_wconf 65' lang='lat' dir='ltr'><em>s</em></span> <span class='ocrx_word' id='word_1_229' title='bbox 461 2271 473 2288; x_wconf 72' lang='grc' dir='ltr'><em>ι</em></span> <span class='ocrx_word' id='word_1_230' title='bbox 685 2271 698 2287; x_wconf 69' lang='lat' dir='ltr'>x</span> <span class='ocrx_word' id='word_1_231' title='bbox 753 2272 773 2289; x_wconf 71' lang='lat' dir='ltr'>‚t</span> <span class='ocrx_word' id='word_1_232' title='bbox 835 2272 845 2288; x_wconf 79' lang='lat' dir='ltr'><em>t</em></span> <span class='ocrx_word' id='word_1_233' title='bbox 1060 2274 1070 2288; x_wconf 70' lang='lat' dir='ltr'>t</span> <span class='ocrx_word' id='word_1_234' title='bbox 1196 2272 1206 2287; x_wconf 78' lang='lat' dir='ltr'><em>t</em></span> <span class='ocrx_word' id='word_1_235' title='bbox 1237 2292 1246 2301; x_wconf 56' lang='lat'><strong>·</strong></span> <span class='ocrx_word' id='word_1_236' title='bbox 1317 2277 1326 2289; x_wconf 70' lang='lat' dir='ltr'>r</span> <span class='ocrx_word' id='word_1_237' title='bbox 1397 2273 1407 2290; x_wconf 65' lang='lat' dir='ltr'>x</span> <span class='ocrx_word' id='word_1_238' title='bbox 1473 2276 1482 2289; x_wconf 71' lang='lat' dir='ltr'><em>e</em></span> <span class='ocrx_word' id='word_1_239' title='bbox 1512 2275 1526 2291; x_wconf 73' lang='lat' dir='ltr'>x</span> <span class='ocrx_word' id='word_1_240' title='bbox 1608 2278 1628 2287; x_wconf 63' lang='lat' dir='ltr'>n</span> <span class='ocrx_word' id='word_1_241' title='bbox 1712 2276 1723 2290; x_wconf 74' lang='lat'>9</span> <span class='ocrx_word' id='word_1_242' title='bbox 1837 2274 1850 2291; x_wconf 78' lang='lat' dir='ltr'><em>t</em></span> 
     </span>
     <span class='ocr_line' id='line_1_28' title="bbox 354 2276 1875 2342; baseline 0.002 -19"><span class='ocrx_word' id='word_1_243' title='bbox 354 2276 619 2337; x_wconf 87' lang='grc' dir='ltr'>επληθυνας</span> <span class='ocrx_word' id='word_1_244' title='bbox 653 2296 706 2324; x_wconf 91' lang='grc' dir='ltr'>το</span> <span class='ocrx_word' id='word_1_245' title='bbox 744 2281 873 2327; x_wconf 88' lang='grc' dir='ltr'>ελεος</span> <span class='ocrx_word' id='word_1_246' title='bbox 910 2296 1013 2337; x_wconf 91' lang='grc' dir='ltr'>σου,</span> <span class='ocrx_word' id='word_1_247' title='bbox 1051 2296 1075 2323; x_wconf 96' lang='grc' dir='ltr'>ο</span> <span class='ocrx_word' id='word_1_248' title='bbox 1113 2277 1232 2328; x_wconf 79' lang='grc' dir='ltr'>Θεος</span> <span class='ocrx_word' id='word_1_249' title='bbox 1287 2296 1327 2324; x_wconf 91' lang='grc' dir='ltr'>οι</span> <span class='ocrx_word' id='word_1_250' title='bbox 1361 2277 1408 2325; x_wconf 89' lang='grc' dir='ltr'>δε</span> <span class='ocrx_word' id='word_1_251' title='bbox 1442 2296 1527 2324; x_wconf 88' lang='grc' dir='ltr'>υιοι</span> <span class='ocrx_word' id='word_1_252' title='bbox 1565 2297 1659 2325; x_wconf 91' lang='grc' dir='ltr'>των</span> <span class='ocrx_word' id='word_1_253' title='bbox 1697 2278 1875 2342; x_wconf 90' lang='grc' dir='ltr'>ανθρω-</span> 
     </span>
    </p>
   </div>
   <div class='ocr_carea' id='block_1_6' title="bbox 299 2480 1877 3037">
    <p class='ocr_par' dir='ltr' id='par_1_16' title="bbox 299 2480 1877 3037">
     <span class='ocr_line' id='line_1_29' title="bbox 350 2480 1876 2528; baseline 0.002 -13"><span class='ocrx_word' id='word_1_254' title='bbox 350 2492 379 2515; x_wconf 89' lang='lat'>1.</span> <span class='ocrx_word' id='word_1_255' title='bbox 405 2483 544 2526; x_wconf 81' lang='grc' dir='ltr'>τροφῶν</span> <span class='ocrx_word' id='word_1_256' title='bbox 561 2493 624 2526; x_wconf 80' lang='lat' dir='ltr'>pro</span> <span class='ocrx_word' id='word_1_257' title='bbox 641 2481 810 2526; x_wconf 85' lang='grc' dir='ltr'>τροφείων</span> <span class='ocrx_word' id='word_1_258' title='bbox 828 2480 921 2515; x_wconf 81' lang='lat' dir='ltr'><strong>Edd.</strong></span> <span class='ocrx_word' id='word_1_259' title='bbox 1170 2492 1199 2522; x_wconf 87' lang='grc' dir='ltr'>Ι,</span> <span class='ocrx_word' id='word_1_260' title='bbox 1220 2492 1251 2516; x_wconf 90' lang='grc'>2.</span> <span class='ocrx_word' id='word_1_261' title='bbox 1278 2481 1513 2526; x_wconf 80' lang='grc' dir='ltr'>διαμέμνηνται</span> <span class='ocrx_word' id='word_1_262' title='bbox 1530 2482 1691 2527; x_wconf 76' lang='grc' dir='ltr'>λέγοντος</span> <span class='ocrx_word' id='word_1_263' title='bbox 1707 2485 1766 2518; x_wconf 85' lang='grc' dir='ltr'>τοῦ</span> <span class='ocrx_word' id='word_1_264' title='bbox 1785 2484 1876 2528; x_wconf 84' lang='grc' dir='ltr'>ἱεροῦ</span> 
     </span>
     <span class='ocr_line' id='line_1_30' title="bbox 299 2527 1877 2574; baseline 0.002 -12"><span class='ocrx_word' id='word_1_265' title='bbox 299 2528 510 2574; x_wconf 76' lang='grc' dir='ltr'>γράμματος]</span> <span class='ocrx_word' id='word_1_266' title='bbox 531 2529 584 2562; x_wconf 87' lang='grc' dir='ltr'>διά</span> <span class='ocrx_word' id='word_1_267' title='bbox 600 2543 636 2562; x_wconf 92' lang='grc' dir='ltr'>τε</span> <span class='ocrx_word' id='word_1_268' title='bbox 652 2528 813 2574; x_wconf 75' lang='grc' dir='ltr'>λέγοντος</span> <span class='ocrx_word' id='word_1_269' title='bbox 831 2529 910 2572; x_wconf 84' lang='lat' dir='ltr'>(sic)</span> <span class='ocrx_word' id='word_1_270' title='bbox 929 2527 987 2562; x_wconf 84' lang='lat' dir='ltr'><strong>iid.</strong></span> <span class='ocrx_word' id='word_1_271' title='bbox 1130 2540 1162 2571; x_wconf 91' lang='lat'>4.</span> <span class='ocrx_word' id='word_1_272' title='bbox 1189 2531 1248 2562; x_wconf 86' lang='grc' dir='ltr'>τοῦ</span> <span class='ocrx_word' id='word_1_273' title='bbox 1266 2536 1486 2574; x_wconf 78' lang='lat' dir='ltr'><strong>assumptum</strong></span> <span class='ocrx_word' id='word_1_274' title='bbox 1504 2541 1545 2563; x_wconf 83' lang='lat' dir='ltr'>ex</span> <span class='ocrx_word' id='word_1_275' title='bbox 1565 2529 1608 2563; x_wconf 89' lang='lat' dir='ltr'>B.</span> <span class='ocrx_word' id='word_1_276' title='bbox 1749 2541 1781 2573; x_wconf 91' lang='lat'>5.</span> <span class='ocrx_word' id='word_1_277' title='bbox 1806 2533 1877 2567; x_wconf 87' lang='grc' dir='ltr'>τοῖς</span> 
     </span>
     <span class='ocr_line' id='line_1_31' title="bbox 300 2574 1876 2634; baseline 0.002 -26"><span class='ocrx_word' id='word_1_278' title='bbox 300 2576 444 2609; x_wconf 79' lang='lat' dir='ltr'>accessit</span> <span class='ocrx_word' id='word_1_279' title='bbox 465 2587 504 2609; x_wconf 85' lang='lat' dir='ltr'>ex</span> <span class='ocrx_word' id='word_1_280' title='bbox 525 2575 567 2609; x_wconf 82' lang='lat' dir='ltr'>B.</span> <span class='ocrx_word' id='word_1_281' title='bbox 801 2575 833 2609; x_wconf 87' lang='grc'>6.</span> <span class='ocrx_word' id='word_1_282' title='bbox 861 2574 945 2620; x_wconf 80' lang='grc' dir='ltr'>δεῖν]</span> <span class='ocrx_word' id='word_1_283' title='bbox 966 2575 1016 2608; x_wconf 82' lang='grc' dir='ltr'>δεῖ</span> <span class='ocrx_word' id='word_1_284' title='bbox 1034 2574 1125 2609; x_wconf 90' lang='lat' dir='ltr'><strong>Edd.</strong></span> <span class='ocrx_word' id='word_1_285' title='bbox 1138 2581 1217 2609; x_wconf 83' lang='lat' dir='ltr'>ante</span> <span class='ocrx_word' id='word_1_286' title='bbox 1236 2575 1876 2635; x_wconf 48' lang='grc' dir='ltr'>Μίςηο.1’1.αμφιλαφε“ς</span> 
     </span>
     <span class='ocr_line' id='line_1_32' title="bbox 301 2621 1876 2679; baseline 0.003 -24"><span class='ocrx_word' id='word_1_287' title='bbox 301 2636 399 2656; x_wconf 87' lang='grc' dir='ltr'>εσται</span> <span class='ocrx_word' id='word_1_288' title='bbox 418 2622 459 2655; x_wconf 92' lang='grc' dir='ltr'>Β.</span> <span class='ocrx_word' id='word_1_289' title='bbox 472 2622 506 2656; x_wconf 88' lang='lat' dir='ltr'>b.</span> <span class='ocrx_word' id='word_1_290' title='bbox 525 2621 725 2668; x_wconf 82' lang='grc' dir='ltr'>ἀμφιλαφες</span> <span class='ocrx_word' id='word_1_291' title='bbox 741 2637 777 2657; x_wconf 90' lang='grc' dir='ltr'>τε</span> <span class='ocrx_word' id='word_1_292' title='bbox 795 2622 886 2656; x_wconf 87' lang='lat' dir='ltr'><strong>Edd.</strong></span> <span class='ocrx_word' id='word_1_293' title='bbox 936 2622 1176 2679; x_wconf 51' lang='lat' dir='ltr'>‹purf‘vopevotc</span> <span class='ocrx_word' id='word_1_294' title='bbox 1201 2622 1235 2655; x_wconf 83' lang='grc' dir='ltr'>ἐν</span> <span class='ocrx_word' id='word_1_295' title='bbox 1259 2622 1337 2668; x_wconf 83' lang='grc' dir='ltr'>οἵκῳ</span> <span class='ocrx_word' id='word_1_296' title='bbox 1364 2622 1488 2667; x_wconf 83' lang='grc' dir='ltr'>Κυρίου</span> <span class='ocrx_word' id='word_1_297' title='bbox 1509 2635 1571 2668; x_wconf 89' lang='lat' dir='ltr'>pro</span> <span class='ocrx_word' id='word_1_298' title='bbox 1597 2623 1631 2657; x_wconf 81' lang='grc' dir='ltr'>ἐν</span> <span class='ocrx_word' id='word_1_299' title='bbox 1655 2623 1733 2670; x_wconf 88' lang='grc' dir='ltr'>οίκῳ</span> <span class='ocrx_word' id='word_1_300' title='bbox 1752 2625 1876 2668; x_wconf 87' lang='grc' dir='ltr'>Κυρίου</span> 
     </span>
     <span class='ocr_line' id='line_1_33' title="bbox 301 2659 1875 2714; baseline 0.002 -12"><span class='ocrx_word' id='word_1_301' title='bbox 301 2670 427 2712; x_wconf 86' lang='grc' dir='ltr'>πεφυτ.</span> <span class='ocrx_word' id='word_1_302' title='bbox 445 2669 480 2703; x_wconf 94' lang='lat' dir='ltr'>b.</span> <span class='ocrx_word' id='word_1_303' title='bbox 782 2680 832 2703; x_wconf 91' lang='lat'>12.</span> <span class='ocrx_word' id='word_1_304' title='bbox 846 2668 898 2703; x_wconf 74' lang='lat' dir='ltr'>lua</span> <span class='ocrx_word' id='word_1_305' title='bbox 917 2669 963 2703; x_wconf 91' lang='lat' dir='ltr'>D.</span> <span class='ocrx_word' id='word_1_306' title='bbox 1013 2668 1103 2712; x_wconf 87' lang='grc' dir='ltr'>ἡμῶν</span> <span class='ocrx_word' id='word_1_307' title='bbox 1117 2676 1336 2714; x_wconf 81' lang='lat' dir='ltr'><strong>assumptum</strong></span> <span class='ocrx_word' id='word_1_308' title='bbox 1355 2682 1396 2703; x_wconf 83' lang='lat' dir='ltr'>ex</span> <span class='ocrx_word' id='word_1_309' title='bbox 1413 2670 1457 2704; x_wconf 89' lang='lat' dir='ltr'>D.</span> <span class='ocrx_word' id='word_1_310' title='bbox 1470 2670 1503 2704; x_wconf 91' lang='lat' dir='ltr'>b.</span> <span class='ocrx_word' id='word_1_311' title='bbox 1554 2659 1824 2713; x_wconf 59' lang='grc' dir='ltr'>ἐξανθὴσέιανΒ.</span> <span class='ocrx_word' id='word_1_312' title='bbox 1840 2671 1875 2705; x_wconf 93' lang='lat' dir='ltr'><strong>b.</strong></span> 
     </span>
     <span class='ocr_line' id='line_1_34' title="bbox 303 2714 1875 2768; baseline 0.001 -19"><span class='ocrx_word' id='word_1_313' title='bbox 303 2714 336 2758; x_wconf 85' lang='grc' dir='ltr'>(ε</span> <span class='ocrx_word' id='word_1_314' title='bbox 332 2715 570 2758; x_wconf 75' lang='grc' dir='ltr'>’ξανθὴσ-ειαν’</span> <span class='ocrx_word' id='word_1_315' title='bbox 554 2731 588 2749; x_wconf 92' lang='grc' dir='ltr'>εν</span> <span class='ocrx_word' id='word_1_316' title='bbox 605 2717 676 2752; x_wconf 86' lang='grc' dir='ltr'>ταῖς</span> <span class='ocrx_word' id='word_1_317' title='bbox 693 2716 810 2751; x_wconf 75' lang='grc' dir='ltr'>οὔλαις</span> <span class='ocrx_word' id='word_1_318' title='bbox 826 2719 885 2750; x_wconf 85' lang='grc' dir='ltr'>τοῦ</span> <span class='ocrx_word' id='word_1_319' title='bbox 903 2717 990 2749; x_wconf 83' lang='grc' dir='ltr'>Θεοῦ</span> <span class='ocrx_word' id='word_1_320' title='bbox 1008 2715 1098 2759; x_wconf 85' lang='grc' dir='ltr'>ἡμῶν</span> <span class='ocrx_word' id='word_1_321' title='bbox 1115 2716 1148 2749; x_wconf 92' lang='lat' dir='ltr'>b.</span> <span class='ocrx_word' id='word_1_322' title='bbox 1153 2715 1168 2768; x_wconf 83' lang='lat'>)</span> <span class='ocrx_word' id='word_1_323' title='bbox 1187 2715 1401 2759; x_wconf 80' lang='grc' dir='ltr'>ἐξανθὴσειεν</span> <span class='ocrx_word' id='word_1_324' title='bbox 1419 2716 1464 2749; x_wconf 92' lang='lat' dir='ltr'><strong>D.</strong></span> <span class='ocrx_word' id='word_1_325' title='bbox 1484 2716 1575 2750; x_wconf 91' lang='lat' dir='ltr'><strong>Edd.</strong></span> <span class='ocrx_word' id='word_1_326' title='bbox 1627 2716 1784 2751; x_wconf 80' lang='lat' dir='ltr'>Statim</span> <span class='ocrx_word' id='word_1_327' title='bbox 1768 2733 1808 2752; x_wconf 91' lang='grc' dir='ltr'>αν</span> <span class='ocrx_word' id='word_1_328' title='bbox 1821 2730 1875 2751; x_wconf 90' lang='lat' dir='ltr'>as-</span> 
     </span>
     <span class='ocr_line' id='line_1_35' title="bbox 303 2762 1873 2823; baseline 0.003 -30"><span class='ocrx_word' id='word_1_329' title='bbox 303 2768 483 2814; x_wconf 78' lang='lat' dir='ltr'>sumptum</span> <span class='ocrx_word' id='word_1_330' title='bbox 502 2775 542 2797; x_wconf 78' lang='lat' dir='ltr'>ex</span> <span class='ocrx_word' id='word_1_331' title='bbox 562 2763 608 2796; x_wconf 90' lang='lat' dir='ltr'><strong>D.</strong></span> <span class='ocrx_word' id='word_1_332' title='bbox 810 2774 861 2807; x_wconf 82' lang='lat'>13.</span> <span class='ocrx_word' id='word_1_333' title='bbox 887 2764 1019 2798; x_wconf 84' lang='grc' dir='ltr'>πάντως</span> <span class='ocrx_word' id='word_1_334' title='bbox 1035 2764 1178 2796; x_wconf 81' lang='lat' dir='ltr'>accessit</span> <span class='ocrx_word' id='word_1_335' title='bbox 1204 2775 1244 2795; x_wconf 84' lang='lat' dir='ltr'>ex</span> <span class='ocrx_word' id='word_1_336' title='bbox 1264 2763 1310 2796; x_wconf 90' lang='lat' dir='ltr'>D.</span> <span class='ocrx_word' id='word_1_337' title='bbox 1322 2763 1356 2797; x_wconf 90' lang='lat' dir='ltr'><strong>b.</strong></span> <span class='ocrx_word' id='word_1_338' title='bbox 1408 2762 1532 2797; x_wconf 75' lang='lat' dir='ltr'><strong>Statim</strong></span> <span class='ocrx_word' id='word_1_339' title='bbox 1549 2763 1769 2823; x_wconf 79' lang='grc' dir='ltr'>ἅρδευόμενοι</span> <span class='ocrx_word' id='word_1_340' title='bbox 1782 2764 1873 2798; x_wconf 85' lang='lat' dir='ltr'><strong>Edd.</strong></span> 
     </span>
     <span class='ocr_line' id='line_1_36' title="bbox 304 2808 1875 2854; baseline 0.003 -15"><span class='ocrx_word' id='word_1_341' title='bbox 304 2808 418 2841; x_wconf 76' lang='lat' dir='ltr'>mxitis</span> <span class='ocrx_word' id='word_1_342' title='bbox 441 2808 479 2842; x_wconf 88' lang='lat' dir='ltr'>B.</span> <span class='ocrx_word' id='word_1_343' title='bbox 488 2810 531 2842; x_wconf 90' lang='lat' dir='ltr'>D.</span> <span class='ocrx_word' id='word_1_344' title='bbox 548 2810 582 2843; x_wconf 92' lang='lat' dir='ltr'>b.</span> <span class='ocrx_word' id='word_1_345' title='bbox 633 2810 686 2843; x_wconf 82' lang='grc' dir='ltr'>καὶ</span> <span class='ocrx_word' id='word_1_346' title='bbox 703 2808 819 2854; x_wconf 76' lang='lat' dir='ltr'>prius]</span> <span class='ocrx_word' id='word_1_347' title='bbox 840 2814 876 2849; x_wconf 75' lang='lat'>-}-</span> <span class='ocrx_word' id='word_1_348' title='bbox 894 2810 928 2844; x_wconf 84' lang='grc' dir='ltr'>ἐν</span> <span class='ocrx_word' id='word_1_349' title='bbox 946 2809 1037 2843; x_wconf 90' lang='lat' dir='ltr'><strong>Edd.</strong></span> <span class='ocrx_word' id='word_1_350' title='bbox 1056 2809 1172 2842; x_wconf 77' lang='lat' dir='ltr'>invitis</span> <span class='ocrx_word' id='word_1_351' title='bbox 1192 2809 1232 2842; x_wconf 83' lang='grc' dir='ltr'>Β.</span> <span class='ocrx_word' id='word_1_352' title='bbox 1241 2810 1284 2843; x_wconf 96' lang='lat' dir='ltr'>D.</span> <span class='ocrx_word' id='word_1_353' title='bbox 1594 2811 1647 2844; x_wconf 87' lang='lat'>18.</span> <span class='ocrx_word' id='word_1_354' title='bbox 1673 2813 1738 2844; x_wconf 70' lang='lat' dir='ltr'>elev</span> <span class='ocrx_word' id='word_1_355' title='bbox 1753 2808 1793 2844; x_wconf 83' lang='grc' dir='ltr'>ἂν</span> <span class='ocrx_word' id='word_1_356' title='bbox 1809 2810 1875 2844; x_wconf 88' lang='lat' dir='ltr'>hoc</span> 
     </span>
     <span class='ocr_line' id='line_1_37' title="bbox 303 2854 1876 2902; baseline 0.004 -17"><span class='ocrx_word' id='word_1_357' title='bbox 303 2854 423 2887; x_wconf 81' lang='lat' dir='ltr'>Ordme</span> <span class='ocrx_word' id='word_1_358' title='bbox 443 2855 483 2889; x_wconf 83' lang='grc' dir='ltr'>Β.</span> <span class='ocrx_word' id='word_1_359' title='bbox 533 2855 604 2902; x_wconf 83' lang='grc' dir='ltr'>διὰ]</span> <span class='ocrx_word' id='word_1_360' title='bbox 624 2861 661 2897; x_wconf 65' lang='lat' dir='ltr'>-ff-</span> <span class='ocrx_word' id='word_1_361' title='bbox 678 2859 736 2890; x_wconf 84' lang='grc' dir='ltr'>τοῦ</span> <span class='ocrx_word' id='word_1_362' title='bbox 755 2856 846 2890; x_wconf 82' lang='lat' dir='ltr'><strong>Edd.</strong></span> <span class='ocrx_word' id='word_1_363' title='bbox 1014 2867 1065 2901; x_wconf 78' lang='lat'>19.</span> <span class='ocrx_word' id='word_1_364' title='bbox 1093 2856 1261 2899; x_wconf 84' lang='grc' dir='ltr'>διδόμεναι</span> <span class='ocrx_word' id='word_1_365' title='bbox 1279 2857 1421 2890; x_wconf 80' lang='lat' dir='ltr'>accessit</span> <span class='ocrx_word' id='word_1_366' title='bbox 1437 2868 1479 2891; x_wconf 76' lang='lat' dir='ltr'>ex</span> <span class='ocrx_word' id='word_1_367' title='bbox 1498 2856 1540 2891; x_wconf 89' lang='grc' dir='ltr'>Β.</span> <span class='ocrx_word' id='word_1_368' title='bbox 1589 2858 1718 2892; x_wconf 80' lang='grc' dir='ltr'>ὑδάτων</span> <span class='ocrx_word' id='word_1_369' title='bbox 1733 2856 1876 2901; x_wconf 78' lang='grc' dir='ltr'>ἆφεσεις</span> 
     </span>
     <span class='ocr_line' id='line_1_38' title="bbox 305 2898 1876 2949; baseline 0.004 -17"><span class='ocrx_word' id='word_1_370' title='bbox 305 2898 369 2933; x_wconf 91' lang='lat' dir='ltr'>hoc</span> <span class='ocrx_word' id='word_1_371' title='bbox 387 2901 507 2935; x_wconf 80' lang='lat' dir='ltr'>ordine</span> <span class='ocrx_word' id='word_1_372' title='bbox 526 2902 566 2936; x_wconf 92' lang='lat' dir='ltr'>B.</span> <span class='ocrx_word' id='word_1_373' title='bbox 796 2914 850 2937; x_wconf 90' lang='lat'>20.</span> <span class='ocrx_word' id='word_1_374' title='bbox 878 2901 1105 2948; x_wconf 79' lang='grc' dir='ltr'>εὑρίσκονται]</span> <span class='ocrx_word' id='word_1_375' title='bbox 1125 2903 1334 2947; x_wconf 84' lang='grc' dir='ltr'>εὑρίσκοιντο</span> <span class='ocrx_word' id='word_1_376' title='bbox 1352 2903 1411 2937; x_wconf 84' lang='lat' dir='ltr'><strong>iid.</strong></span> <span class='ocrx_word' id='word_1_377' title='bbox 1636 2915 1691 2949; x_wconf 86' lang='lat'>23.</span> <span class='ocrx_word' id='word_1_378' title='bbox 1716 2905 1876 2947; x_wconf 87' lang='grc' dir='ltr'>μακάριος</span> 
     </span>
     <span class='ocr_line' id='line_1_39' title="bbox 304 2949 1874 2996; baseline 0.004 -18"><span class='ocrx_word' id='word_1_379' title='bbox 304 2953 523 2990; x_wconf 83' lang='lat' dir='ltr'>assumptum</span> <span class='ocrx_word' id='word_1_380' title='bbox 541 2961 582 2983; x_wconf 86' lang='lat' dir='ltr'>ex</span> <span class='ocrx_word' id='word_1_381' title='bbox 601 2949 642 2984; x_wconf 91' lang='lat' dir='ltr'>B.</span> <span class='ocrx_word' id='word_1_382' title='bbox 694 2950 820 2984; x_wconf 86' lang='lat' dir='ltr'><strong>Statim</strong></span> <span class='ocrx_word' id='word_1_383' title='bbox 837 2950 984 2993; x_wconf 80' lang='grc' dir='ltr'>ὠνόμαζε</span> <span class='ocrx_word' id='word_1_384' title='bbox 1001 2950 1152 2996; x_wconf 81' lang='grc' dir='ltr'>μελῳδὸς</span> <span class='ocrx_word' id='word_1_385' title='bbox 1169 2949 1235 2984; x_wconf 89' lang='lat' dir='ltr'>hoc</span> <span class='ocrx_word' id='word_1_386' title='bbox 1251 2949 1372 2985; x_wconf 85' lang='lat' dir='ltr'>ordine</span> <span class='ocrx_word' id='word_1_387' title='bbox 1391 2950 1433 2984; x_wconf 89' lang='lat' dir='ltr'>B</span> <span class='ocrx_word' id='word_1_388' title='bbox 1613 2961 1656 2994; x_wconf 90' lang='lat'>24</span> <span class='ocrx_word' id='word_1_389' title='bbox 1675 2962 1750 2996; x_wconf 88' lang='lat' dir='ltr'><strong>sqq.</strong></span> <span class='ocrx_word' id='word_1_390' title='bbox 1778 2949 1874 2984; x_wconf 87' lang='lat' dir='ltr'>Haec</span> 
     </span>
     <span class='ocr_line' id='line_1_40' title="bbox 304 2991 1244 3037; baseline 0.006 -12"><span class='ocrx_word' id='word_1_391' title='bbox 304 2991 348 3027; x_wconf 79' lang='grc' dir='ltr'>ὡς</span> <span class='ocrx_word' id='word_1_392' title='bbox 365 2992 690 3037; x_wconf 81' lang='grc' dir='ltr'>ἐπλήθυνας-οἵκου</span> <span class='ocrx_word' id='word_1_393' title='bbox 708 3011 773 3031; x_wconf 89' lang='grc' dir='ltr'>σου</span> <span class='ocrx_word' id='word_1_394' title='bbox 789 2997 842 3031; x_wconf 85' lang='grc' dir='ltr'>καὶ</span> <span class='ocrx_word' id='word_1_395' title='bbox 859 3003 1078 3031; x_wconf 81' lang='lat' dir='ltr'>accesserunt</span> <span class='ocrx_word' id='word_1_396' title='bbox 1095 3008 1137 3030; x_wconf 81' lang='lat' dir='ltr'>ex</span> <span class='ocrx_word' id='word_1_397' title='bbox 1156 2995 1197 3030; x_wconf 86' lang='lat' dir='ltr'>B.</span> <span class='ocrx_word' id='word_1_398' title='bbox 1210 2996 1244 3031; x_wconf 90' lang='lat' dir='ltr'>b.</span> 
     </span>
    </p>
   </div>
   <div class='ocr_carea' id='block_1_7' title="bbox 1894 1063 1940 1088">
    <p class='ocr_par' dir='ltr' id='par_1_17' title="bbox 1894 1063 1940 1088">
     <span class='ocr_line' id='line_1_41' title="bbox 1894 1063 1940 1088; baseline 0.022 -1"><span class='ocrx_word' id='word_1_399' title='bbox 1894 1063 1940 1088; x_wconf 93' lang='lat'>10</span> 
     </span>
    </p>
   </div>
   <div class='ocr_carea' id='block_1_8' title="bbox 1894 1887 2005 1918">
    <p class='ocr_par' dir='ltr' id='par_1_18' title="bbox 1894 1887 2005 1918">
     <span class='ocr_line' id='line_1_42' title="bbox 1894 1887 2005 1918; baseline 0.009 -6"><span class='ocrx_word' id='word_1_400' title='bbox 1894 1887 1943 1913; x_wconf 88' lang='lat'>20</span> <span class='ocrx_word' id='word_1_401' title='bbox 2002 1890 2005 1918; x_wconf 59' lang='lat'>1¹</span> 
     </span>
    </p>
   </div>
  </div>
 </body>
</html>
