2021 3434
267 237 348 276 114
652 232 703 271 B.
748 231 1022 271 CYRILLI
1065 229 1442 270 ALEXANDR.
1697 228 1748 267 iv.
1777 228 1836 268 16.

263 348 373 399 ἀλλ’
411 344 533 398 οἶκος
573 343 766 395 εἰδώλου
817 344 1019 409 γέγονεν,
1059 343 1369 405 ἀδικηθέντων
1410 340 1586 407 τρόπον
1623 339 1726 389 τινὰ
1763 341 1838 389 καὶ

264 436 346 482 τοῦ
369 428 646 495 πράγματος
677 428 751 476 καὶ
782 426 922 489 αὐτῆς
957 424 1005 475 δὲ
1040 427 1122 488 τῆς
1154 424 1427 487 ἐπωνυμίας.
1497 419 1619 475 οἶκος
1644 419 1750 487 γὰρ,
1777 422 1840 473 ὡς

265 514 396 579 ἔφην,
424 508 617 560 εἰδώλου
646 507 836 574 γε’γονεν
869 509 893 558 ὀ
929 505 1051 561 οἶκος
1079 512 1161 557 τοῦ
1188 510 1328 557 Θεοῦ.
1394 508 1468 556 καὶ
1493 510 1609 570 γοῦν
1633 503 1724 572 ἔφη
1748 525 1841 553 που

265 593 340 644 διὰ
370 595 451 655 τῆς
476 590 694 655 Ἱερεμίου
727 593 887 659 φωνῆς
922 591 1028 655 περὶ
1059 591 1140 652 τῆς
1171 587 1384 652 πληθύος
1417 592 1511 638 τῶν
1541 587 1598 656 ἐξ
1617 583 1837 652 Ἰσραήλ·

46 687 194 718 Hier-xi·
266 683 292 706 ‘⁶
313 676 378 727 Τί
400 675 427 738 ἡ
454 673 728 738 ἠγαπημένη
754 674 801 723 ἐν
821 676 887 741 τῷ
911 672 1020 740 οἴκῳ
1046 694 1137 734 μου
1163 672 1354 734 ἐποίησε
1373 669 1621 735 βδέλυγμα
1641 670 1679 729 ;”
1724 669 1840 737 φαίη
1861 683 1882 720 5

49 742 95 771 ¹⁵¹
266 758 305 809 δ’
341 755 398 808 ἂν
431 754 614 808 εἰκότως
646 757 670 806 ὁ
707 760 801 806 τῶν
836 755 962 806 ὅλων
1001 753 1120 807 Θεὸς
1156 753 1234 804 ἐπί
1259 776 1314 819 γε
1354 757 1449 807 τοῖς
1490 753 1545 821 ἐξ
1575 752 1728 802 Ἰούδα
1765 753 1841 802 καὶ

453 841 464 857 s

47 846 100 927 Es
117 845 205 875 xxix.
268 844 487 903 Βενιαμίν
520 839 768 906 66Ἐγγίζει
805 861 884 902 μοι
916 839 940 888 ὁ
975 836 1091 891 λαὸς
1129 836 1276 898 οὗτος,
1315 840 1410 889 τοῖς
1448 836 1656 902 χείλεσιν
1690 835 1842 885 αὐτῶν

229 946 250 971 e
269 930 295 952 ‘⁶
322 924 497 987 τιμῶσί
519 946 589 987 με,
617 923 645 987 ἡ
671 920 720 973 δὲ
745 921 911 988 καρδία
937 921 1089 970 αὐτῶν
1113 919 1273 986 πόῤῥω
1299 918 1459 985 ἀπέχει
1485 918 1562 968 ἀπ’
1591 918 1747 980 ἐμοῦ.”

202 1082 356 1129 16⁰0n
388 1083 448 1123 ὡς
481 1082 661 1131 δάμαλις
695 1080 1014 1137 Παροιστρώσα,
1045 1081 1182 1120 οὕτως
1216 1078 1528 1135 ΠαροίστρΗσεν
1549 1077 1734 1133 Ἰσραήλ·
1775 1076 1843 1117 καὶ

335 1168 401 1207 νῦν
428 1166 600 1213 νεμήσει
628 1164 780 1206 αὐτοὺς
810 1164 957 1219 Κύριος
984 1164 1043 1204 ὡς
1071 1162 1202 1211 ἀμνὸν
1229 1163 1272 1203 ἐν
1300 1161 1543 1219 εὐρυχώρῳ.
1869 1189 1914 1213 10

344 1267 513 1333 Σοφῶς
553 1286 624 1317 τις
667 1264 786 1327 ἡμᾶς
828 1267 921 1313 τῶν
965 1263 1110 1328 ἁγίων
1153 1264 1226 1313 ἐπὶ
1270 1260 1354 1325 τὴν
1393 1266 1476 1311 τοῦ
1519 1259 1845 1327 συμφέροντος

48 1349 204 1433 ξζῧζ·17
269 1344 417 1411 θήραν
454 1345 719 1411 ἀποκομίζει
759 1346 913 1410 λέγων
951 1352 977 1373 “
999 1343 1093 1406 Υἱὲ,
1132 1342 1197 1408 μὴ
1242 1342 1451 1409 ζηλούτω
1488 1343 1516 1406 ἡ
1552 1341 1716 1408 καρδία
1753 1363 1846 1390 σου

68 1453 127 1486 80
150 1452 201 1486 A,
232 1461 255 1486 a
271 1436 298 1457 “
325 1427 648 1494 ἁμαρτωλοὺς,
672 1428 783 1477 ἀλλ’
806 1428 854 1477 ἐν
880 1425 1018 1496 φόβῳ
1048 1428 1224 1493 Κυρίου
1247 1426 1347 1476 ἰ’σθι
1373 1424 1492 1488 ὅλην
1516 1423 1601 1488 τὴν
1629 1420 1843 1488 ἡμέραν.”

270 1510 348 1565 οὓς
371 1510 463 1576 γὰρ
488 1510 545 1560 ἄν
575 1532 643 1563 τις
674 1509 965 1577 καταψέξειε,
989 1513 1088 1562 πῶς
1123 1507 1180 1559 ἂν
1218 1507 1371 1559 ’ἕλοιτο
1399 1507 1593 1574 ζηλοῦν,
1637 1502 1845 1556 τοιοῦτόν

268 1617 312 1645 τι
342 1595 408 1662 τῷ
425 1592 580 1661 Ἰούδᾳ
611 1594 761 1660 φησὶν
788 1593 812 1642 ὁ
838 1596 932 1642 τῶν
962 1591 1088 1642 ὅλων
1121 1590 1254 1644 <3⁶69-
1304 1588 1390 1654 Μὴ
1418 1589 1510 1654 γάρ
1536 1611 1616 1639 σοι
1640 1587 1845 1654 γινέσθω
1870 1610 1914 1646 15

268 1673 512 1744 πρόφασις
549 1678 611 1728 εἰς
649 1674 919 1724 ἀπόστασιν
957 1673 1010 1724 τὸ
1046 1672 1362 1740 παρσιστρῆσ-σιι
1401 1670 1482 1722 τὸν
1511 1670 1729 1737 Ἰσραὴλ,
1771 1672 1847 1720 καὶ

270 1759 406 1809 οἱονεὶ
442 1760 525 1821 τῆς
566 1755 744 1821 ἀγέλης
778 1758 1061 1822 ἀποδραμεῖν
1100 1757 1147 1805 ἐν
1185 1754 1276 1823 ἰ’σῳ
1316 1753 1582 1822 &bauaima-tv,
1613 1751 1684 1807 αἶς
1723 1752 1848 1817 εἴπερ

270 1838 458 1907 οἶστρος
500 1839 757 1906 ἐνιζήσειεν,
796 1838 898 1902 ἦτοι
931 1837 1180 1899 βούτυπος·
1231 1835 1348 1891 εἶδος
1390 1836 1438 1887 δὲ
1477 1842 1615 1887 τοῦτο
1658 1836 1849 1896 ἐμπίδος

271 1921 534 1987 δακνούσης
585 1922 638 1972 οὐ
688 1925 920 1989 φορητῶς·
985 1920 1210 1988 ἀποφέρει
1258 1921 1340 1984 τῆς
1391 1919 1579 1984 ἀγέλης,
1626 1920 1701 1969 καὶ
1751 1915 1855 1983 ὀξεῖ

271 2005 499 2073 φέρεσθαι
545 2003 703 2073 δρόμῳ
746 2001 1086 2069 παρασκευάζει
1129 2001 1310 2062 λοιπὸν,
1349 2000 1543 2067 ὅποιπερ
1588 1999 1646 2051 ἂν
1696 2000 1844 2067 τύχοι.
1870 2025 1918 2049 20

227 2086 300 2152 bv')
352 2089 454 2155 οὐχὶ
504 2092 640 2137 τοῦτο
690 2084 958 2137 πεπονθότα
1013 2083 1094 2134 τὸν
1143 2082 1325 2154 Ἰσραὴλ
1376 2082 1666 2150 εὑρήσομεν;
1731 2084 1844 2133 ἀπε-

273 2171 473 2239 φοίτησε
497 2167 580 2232 μὲν
604 2168 696 2233 γὰρ
724 2172 817 2218 τῶν
842 2167 1201 2232 Ἱεροσολύμων,
1228 2169 1302 2218 καὶ
1336 2165 1418 2217 τὸν
1455 2166 1618 2230 ἑαυτῆς
1651 2164 1851 2216 αἰπόλον

273 2255 464 2317 ἀφεῖσα,
499 2250 712 2302 τουτέστι
747 2249 882 2310 Θεὸν,
912 2248 1062 2312 δεινὴν
1099 2251 1173 2299 καὶ
1211 2247 1442 2315 ἐπάρατον
1480 2247 1735 2312 ἐποιήσατο
1764 2246 1850 2312 τὴν

273 2333 560 2386 ἀπόστασιν.

376 2415 462 2479 Μὴ
517 2414 735 2482 ζηλώσῃς
797 2419 1057 2479 τοιγαροῦν,
1121 2410 1157 2462 ὦ
1204 2411 1374 2474 Ἰούδα,
1436 2415 1602 2481 φησὶν·
1669 2416 1706 2463 εἰ
1757 2411 1849 2479 γὰρ
1872 2437 1919 2474 25

276 2501 350 2550 καὶ
385 2501 433 2549 ἐν
466 2498 556 2566 ἰ’σῳ
602 2496 835 2564 δαμάλεσι
887 2497 1212 2562 παροιστρῆσας
1257 2497 1281 2545 ὁ
1323 2494 1502 2563 Ἰσραὴλ
1547 2494 1695 2564 ᾤχετο
1734 2495 1852 2560 πρὸς

277 2580 562 2639 ἀπόστασιν,
607 2578 717 2629 ἀλλ’
763 2579 844 2628 οὐκ
898 2577 1088 2644 ἀζήμιον
1130 2576 1262 2627 ἔσται
1311 2577 1365 2628 τὸ
1413 2577 1665 2644 ἐγχείρημα
1712 2578 1850 2646 αὐτῷ.

330 2726 359 2748 Ι.
377 2714 481 2760 οἵκος]
497 2715 543 2750 εἰς
559 2714 650 2748 οἵκον
663 2714 706 2748 D.
803 2725 836 2759 3.
855 2716 914 2748 τοῦ
925 2726 994 2748 om.
1012 2714 1057 2747 D.
1154 2713 1185 2747 6.
1204 2712 1290 2759 τοῖς]
1306 2713 1564 2758 Εάθῖ)8.1;υῐ·τῆς.
1661 2723 1692 2759 7.
1710 2715 1780 2749 τοῖς
1797 2726 1851 2748 as-

280 2768 461 2805 sumptum
476 2773 515 2794 ex
530 2761 620 2796 BD.
659 2761 754 2795 Haec
767 2762 874 2796 αὐτῶν
890 2762 1069 2812 τιμῶσίνμε
1084 2767 1305 2794 accesserunt
1322 2773 1362 2794 ex
1378 2760 1424 2794 D.
1437 2760 1480 2795 cf.
1496 2761 1531 2794 in
1543 2761 1602 2795 Es.
1617 2771 1682 2805 215
1696 2772 1726 2795 a.
1744 2760 1851 2794 Hom.

281 2807 405 2841 Pasch.
424 2808 487 2841 118
499 2819 527 2841 c.
624 2820 656 2853 9.
669 2807 747 2842 Ὅτι
763 2809 852 2842 BD.
868 2809 983 2851 (Alex.
1000 2807 1102 2850 Ml.)
1119 2809 1212 2841 Διότι
1232 2807 1322 2841 Edd.
1335 2806 1456 2852 (vat.)
1505 2808 1559 2841 καὶ
1576 2820 1645 2842 om.
1665 2808 1707 2841 D.
1722 2807 1852 2841 habent

282 2853 318 2887 F.
341 2854 430 2887 Edd.
561 2866 612 2888 12.
638 2855 656 2898 ἡ
675 2855 791 2899 καρδία
810 2870 874 2890 σου
893 2855 958 2889 hoc
976 2854 1097 2888 ordine
1119 2855 1161 2887 D.
1180 2855 1223 2887 cf.
1242 2854 1276 2888 in
1299 2854 1359 2888 Es.
1376 2865 1435 2896 141
1453 2866 1482 2888 e.
1606 2866 1658 2899 13.
1685 2856 1772 2888 Θεοῦ
1789 2865 1852 2899 pro

281 2901 405 2943 Κυρίου
426 2899 470 2934 D.
593 2911 643 2945 15.
669 2901 832 2946 γινέσθω]
851 2902 1002 2947 γενέσθω
1022 2901 1112 2935 Edd.
1241 2912 1295 2935 20.
1322 2900 1489 2946 φέρεσθαι
1506 2913 1575 2935 om.
1596 2901 1640 2935 D.
1689 2900 1786 2946 τύχοι
1805 2901 1851 2935 D.

281 2946 365 2992 τύχῃ
383 2947 474 2998 Edd.
641 2994 646 3000 ἱ
713 2960 766 2981 21.
792 2949 810 2992 ἢ
829 2949 906 2993 οὐχὶ
923 2961 992 2982 om.
1014 2948 1057 2981 D.
1284 2959 1337 2981 22.
1364 2949 1481 2991 ἑαυτῆς
1498 2948 1640 2982 αἰπόλον
1656 2947 1785 2993 ἀφεῖσα
1805 2948 1850 2982 D.

364 3003 395 3018 Οἲ]
627 3004 663 3021 Εἰς

282 3029 397 3070 ἑαυτῆς
413 3027 554 3060 αἰπόλον
571 3027 698 3071 ἀφεῖσα
720 3028 759 3061 B.
780 3029 898 3062 ἑαυτοῦ
915 3029 1056 3062 αἰπόλον
1073 3028 1171 3074 ἀφεὶς
1190 3027 1280 3062 Edd.
