2021 3434
304 182 391 222 494
695 190 743 230 B.
788 191 1065 235 CYRILLI
1106 197 1486 242 ALEXANDR.
1636 205 1691 246 vi.
1719 219 1784 260 13,
1812 218 1874 256 14.

300 293 395 342 τοῖς
432 293 514 354 τῆς
556 293 747 359 φύσεως
784 298 986 366 κέντροις
1026 301 1215 364 θηλείαις
1253 309 1512 374 παρούσαις
1549 314 1877 378 ἐπιθηγόμενοί

299 392 348 419 τε
385 374 459 421 καὶ
494 374 874 443 ἐπιθρώσκοντες,
913 384 1058 439 οὕτως
1095 388 1177 437 οὐκ
1212 387 1268 438 ἂν
1305 390 1586 455 ἠρεμήσειαν
1621 399 1662 445 οἱ
1701 397 1870 463 ἐχθροὶ,

298 454 584 519 θερμοτάτην
620 459 722 509 τινὰ
760 464 834 511 καὶ
874 464 1129 518 ἀκάθεκτον
1169 469 1288 520 κατὰ
1325 477 1418 522 τῶν
1455 475 1870 540 δεδυσσεβηκότων

252 537 278 577 (1
296 533 559 596 ποιούμενοι
584 537 668 602 τὴν
689 541 850 606 ὁρμήν.
907 548 982 596 καὶ
1014 549 1083 601 τίς
1109 549 1136 612 ἡ
1163 555 1295 602 τοῦδε
1318 553 1593 621 πρόφασις;
1638 561 1774 625 ὑμεῖς,
1795 562 1869 610 καὶ

295 615 382 681 οὐχ
414 616 572 683 ἕτεροι.
639 620 691 672 τὸ
723 623 816 690 γὰρ
852 625 963 688 ε’μὸν
998 629 1172 681 δίκαιον
1201 634 1306 699 περὶ
1336 636 1452 697 ὑμᾶς
1479 640 1617 705 κρῖμα
1642 641 1861 706 παρετρέ-
1888 657 1909 694 5

293 698 424 763 ψατέ
458 703 609 767 φησιν
649 709 709 758 εἰς
743 704 881 773 θυμὶν,
920 711 995 760 καὶ
1033 712 1134 762 ἀντὶ
1172 720 1254 764 τοῦ
1294 717 1491 786 καρποὺς
1532 719 1651 787 ἔχειν
1691 719 1860 774 δικαιο-

292 778 426 841 σύνης,
478 781 560 832 τὸν
608 785 798 851 ἀπάσης
850 791 955 852 ὑμῖν
1005 794 1221 857 εὐθυμίας
1276 799 1500 864 πρύτανιν
1548 803 1864 870 ἐξεβιάσασθε

290 860 408 926 πρὸς
445 864 600 929 ὀργὰς,
643 872 826 936 πικρίας
864 872 975 941 ἄξια
1016 877 1427 943 δεδυσσεβηκότες.
1492 883 1615 947 ἠλέει
1653 885 1737 948 μὲν
1770 886 1863 951 γὰρ

291 943 316 992 ὁ
348 943 537 996 πάντων
577 948 697 1003 Θεὸς
735 953 796 1005 ὡς
839 954 886 1003 ἐν
928 956 1153 1027 Αἰγύπτῳ
1193 963 1488 1026 πεπονηκότα
1528 964 1609 1016 τὸν
1643 967 1858 1033 Ἰσραὴλ,

288 1026 398 1075 ἀλλ’
427 1028 480 1077 οὐ
518 1030 850 1084 διαλελοίπασι
886 1039 1267 1105 παροτρύνοντες.
1331 1046 1406 1095 καὶ
1435 1052 1573 1098 τοῦτο
1603 1046 1733 1112 οἶμαί
1759 1054 1860 1101 ἐστι
1884 1077 1929 1102 10

287 1105 341 1157 τὸ
366 1108 666 1179 ἐξεστρέψοιτε
695 1119 754 1169 εἰς
778 1115 902 1184 θνμῦν
932 1123 1084 1189 κρῖμα.

364 1190 619 1244 Πάνδεινον
643 1195 723 1246 οὖν
743 1197 833 1263 ἄρα
859 1203 940 1264 τῆς
966 1204 1243 1270 ἀχαριστίας
1266 1206 1319 1258 τὸ
1346 1209 1574 1275 ἔγκλημα·
1617 1213 1857 1281 κολάζεται

247 1297 269 1323 e
287 1269 348 1330 δὲ,
375 1275 449 1322 καὶ
477 1275 669 1343 σφόδρα
695 1280 890 1334 δικαίως.
954 1282 1006 1334 ὃν
1030 1285 1122 1352 γὰρ
1157 1287 1244 1339 ε”δει
1275 1295 1464 1353 μᾶλλον
1490 1299 1588 1348 ταῖς
1613 1297 1855 1364 εὐφημίαις

284 1353 537 1421 ἐξημεροῦν
562 1357 639 1420 ἔτι,
668 1364 742 1410 καὶ
768 1367 1087 1431 χαριστηρίοις
1119 1373 1468 1438 κατευφραίνειν
1493 1379 1682 1443 φωναῖς,
1707 1402 1852 1444 παρο-

279 1435 459 1500 τρύνειν
485 1440 688 1503 ἀμαθῶς,
713 1447 812 1497 πῶς
836 1446 889 1496 οὐ
912 1448 1086 1504 παντὸς
1110 1451 1218 1514 ἡμῖν
1243 1453 1375 1506 ε”σται
1401 1456 1627 1526 πρόξενον
1653 1467 1821 1523 κακοῦ;
1874 1483 1919 1521 15

236 1690 256 1725 3
278 1676 327 1719 Οἱ
365 1680 694 1737 εὐφραινόμενοι
719 1687 778 1729 ἐπ’
811 1689 952 1733 οὐδενὶ
988 1694 1103 1750 λόΓῳ
1121 1696 1279 1752 ἀπαθῲ,
1313 1698 1351 1741 οἶ
1389 1703 1586 1750 λέΓοντεε
1613 1707 1698 1749 Οὐκ
1725 1710 1770 1752 ὲν
1795 1716 1845 1770 τῷ

211 1779 257 1813 14
344 1760 449 1819 ἰσχύϊ
473 1766 594 1814 ἡμῶν
626 1769 801 1825 ἔσχομεν
835 1776 1018 1832 κέρατα;
1055 1777 1160 1821 ὃιότι
1187 1779 1275 1822 ἰδοὺ
1301 1783 1386 1831 {sch
1411 1786 1619 1845 ὲΠεΓείρω
1645 1791 1706 1847 ἐφ’
1739 1795 1845 1842 ὑμᾶς

341 1842 457 1889 οἶκος
482 1853 556 1891 τοῦ
573 1851 748 1909 Ἰσραήλ
775 1856 909 1910 ἔθνος,
937 1862 1004 1901 καὶ
1030 1862 1301 1914 ἐκθλίψουσιν
1328 1869 1435 1917 ὑμᾶς
1460 1875 1533 1912 τοῦ
1556 1874 1612 1921 μὴ
1640 1873 1843 1921 εἰσελθεῖν

52 1935 135 1970 322
151 1936 200 1971 Α.
234 1947 255 1972 a
338 1928 398 1972 eie
423 1930 556 1982 Αἰμὰθ
584 1936 651 1977 καὶ
676 1939 759 1979 ἕως
785 1943 857 1981 τοῦ
881 1945 1105 2001 χειμάῤῥου
1131 1948 1216 1990 τῶν
1244 1949 1424 2000 δυσμῶν.

51 2062 157 2102 Supra

50 2117 115 2138 vel'.

140 2117 187 2139 12.

343 2064 642 2136 Ἐστρέψατε
677 2072 830 2123 τοίνυν
872 2078 1009 2143 φησὶ,
1049 2085 1076 2107 ‘⁶
1092 2085 1233 2145 κρῖμα
1274 2086 1334 2137 εἰς
1373 2086 1534 2150 θυμὸν,
1576 2091 1755 2158 καρπὸν
1791 2094 1839 2146 δὲ
1860 2115 1908 2140 20

270 2153 297 2175 “
316 2149 612 2216 δικαιοσύνης
638 2157 698 2207 εἷς
724 2159 910 2223 πικρίαν
937 2162 1099 2225 ὑμεῖς,”
1128 2168 1170 2215 οἱ
1193 2166 1315 2232 μέγα
1342 2173 1622 2238 φρονοῦντες
1645 2175 1717 2245 ἐφ’
1737 2177 1838 2230 ἑαυ-

266 2235 373 2293 τοῖς,
402 2235 476 2283 καὶ
512 2235 704 2302 ὑψηλὴν
737 2239 1040 2297 ἀνασπῶντες
1070 2247 1188 2297 κατὰ
1223 2252 1347 2302 Θεοῦ
1385 2254 1469 2317 τὴν
1498 2256 1661 2324 ὀφρῦν,
1688 2262 1730 2309 οἱ
1763 2262 1836 2312 ἐπὶ

265 2317 430 2383 σαθρῷ
463 2317 538 2367 καὶ
571 2318 779 2390 ἀσυνέτῳ
809 2324 1048 2389 χαίροντες
1082 2329 1218 2400 λόγῳ.
1282 2334 1487 2400 εἰρήκατε
1514 2337 1620 2404 γὰρ,
1647 2341 1729 2392 οὐκ
1757 2342 1835 2406 ἐμὲ

264 2399 546 2460 γεγενῆσθαι
578 2401 786 2467 χορηγὸν
819 2408 901 2468 τῆς
934 2408 1127 2474 ἐνούσης
1158 2413 1263 2476 ὑμῖν
1290 2415 1461 2479 ἰσχύος,
1486 2422 1560 2470 καὶ
1586 2427 1668 2472 τοῦ
1692 2446 1831 2475 κατα-

263 2480 392 2528 θλεῖν
427 2478 656 2532 δύνασθαι
695 2489 789 2536 τῶν
826 2488 1019 2555 ἐχθρῶν,
1059 2492 1189 2544 ἀλλά
1227 2502 1326 2551 ταῖς
1366 2499 1541 2551 ἑαυτῶν
1579 2503 1830 2567 δυνάμεσιν
1850 2528 1896 2567 25

310 2665 340 2688 1.
365 2657 435 2691 τοῖς
452 2667 672 2704 assumptum
691 2674 732 2696 ex
750 2663 837 2698 A.B.
857 2664 1151 2713 (suprascriptum
1169 2672 1234 2717 A.)
1509 2691 1541 2721 4.
1568 2679 1672 2726 ὀργὴν
1689 2681 1730 2717 Β.
1779 2685 1829 2720 τίς

260 2710 479 2746 assumptum
498 2717 538 2738 ex
557 2707 647 2740 A.B.
835 2723 868 2755 5.
895 2713 967 2755 ἐμοὶ
987 2715 1077 2750 Edd.
1268 2729 1299 2766 7.
1323 2723 1508 2766 προθυμίας
1526 2727 1569 2760 A.
1750 2741 1782 2775 9.
1807 2733 1826 2764 ὁ

259 2747 390 2781 πάντων
407 2750 496 2785 A.B.
515 2754 532 2785 ὁ
550 2757 615 2787 τῶν
631 2754 784 2790 ἁπάντων
802 2757 892 2792 Edd.
1282 2778 1332 2801 12.
1359 2771 1532 2806 πάνδεινον
1547 2773 1591 2808 Α.
1609 2774 1716 2809 δεινὸν
1733 2776 1823 2811 Edd.

263 2803 315 2835 14.
342 2796 484 2842 φωναῖς]
509 2803 544 2839 -Ι-
566 2801 603 2833 τὸ
623 2801 712 2836 Edd.
731 2804 848 2839 invitis
866 2806 956 2841 A.ss.
1168 2822 1219 2856 15¹.
1245 2814 1321 2858 ὑμῖν
1337 2816 1395 2850 fid.
1634 2821 1684 2855 16.
1711 2822 1822 2869 ἀγαθῷ

259 2849 477 2886 assumptum
496 2857 536 2879 ex
558 2846 596 2880 Β.
617 2848 678 2892 (22
697 2850 760 2894 al.)
983 2863 1034 2900 17.
1061 2856 1150 2899 ὑμῶν
1169 2859 1258 2895 Edd.
1310 2861 1433 2897 Statim
1459 2865 1579 2910 ἔχομεν
1595 2867 1653 2901 iid.
1673 2867 1747 2913 (91,
1765 2880 1820 2913 95,

262 2886 356 2930 185.)
406 2889 564 2935 ἐπεγείρω
582 2894 624 2927 A.
645 2896 776 2937 (Alex.)
794 2898 941 2944 ἐπεγερῶ
960 2901 1050 2937 Edd.
1069 2904 1180 2950 (Vat.)
1324 2909 1375 2943 18.
1400 2911 1476 2955 ἔθνη
1494 2913 1537 2946 A.
1589 2914 1711 2948 Statim
1729 2916 1819 2960 λέγει

259 2931 379 2975 Κύριος
395 2939 459 2969 τῶν
476 2937 644 2981 δυνάμεων
659 2942 739 2977 add.
761 2944 848 2980 Edd.
867 2945 988 2992 (Vat.)

1308 2966 1358 3000 19.
1384 2959 1444 2990 τοῦ
1461 2970 1529 2993 om.
1550 2959 1585 2993 F.
1606 2960 1694 2995 Edd.
1713 2960 1818 3005 (Co.)

258 2987 312 3012 20.
338 2981 447 3015 τοίνυν
465 2994 683 3031 assumptum
703 3001 743 3023 ex
761 2992 803 3024 A.
853 2993 888 3026 δέ
906 3005 975 3029 om.
994 2995 1037 3029 A.
