2021 3434
107 187 132 227 i.
157 186 196 236 6,
221 197 257 239 7.
559 191 632 231 IN
675 190 951 231 JOELEM.
1012 189 1161 230 TOM.
1196 189 1231 229 Ι.
1594 184 1675 223 297

106 296 283 360 μένους,
311 297 453 350 ἐκεῖνό
488 322 537 351 τε
571 300 725 366 λέγειν
754 301 986 352 ἀναπείθει
1011 297 1179 350 λοιπὸν
1194 295 1303 348 ’Ότι
1338 293 1443 349 ἔθνος
1478 290 1574 354 ἧκεν
1601 290 1677 341 ἐπὶ

106 375 174 437 Τῆν
204 377 283 444 ’γῆν
308 404 405 447 μου,
433 383 601 451 ἱσχυρον
628 389 705 434 noe.)
742 381 1036 451 ἀναρίθμητον,
1065 382 1139 431 καὶ
1178 378 1294 430 ὅσον
1332 377 1440 441 ἤκεν
1478 378 1539 428 εἰς
1573 369 1679 425 ὁδόν-

106 484 185 510 των
211 461 372 525 ἀκμὰς,
398 461 546 514 λέουσί
566 487 616 515 τε
639 465 714 514 καὶ
740 468 945 532 σκύμνοις
973 464 1112 528 ὀλίγα
1137 464 1462 528 παραχωροῦν.
1510 453 1682 519 ἀληθὲς·

106 539 192 604 μὲν
217 543 298 593 οὖν
331 543 386 595 τὸ
418 547 589 612 χρῆμα,
614 543 699 596 κᾶν
729 550 766 597 εἰ
800 547 873 597 ἐπὶ
909 545 1092 611 ἀκρίδος
1119 547 1269 595 νοοῖτο
1294 539 1451 608 τυχὸν,
1477 536 1684 606 βρούχου

67 639 88 678 5
109 645 158 673 τε
183 628 259 674 καὶ
284 624 483 690 κοῖμπης.
553 627 735 694 ἄμαχον
762 627 853 693 γὰρ
884 626 938 678 τὸ
971 626 1132 694 χρῆμά
1159 626 1275 687 ἐστι,
1307 625 1382 673 καὶ
1406 618 1678 686 ἀνανταγώ-

110 728 267 760 νιστος
305 711 470 776 κομιδῇ
507 713 600 759 τῶν
634 709 854 760 τοιούτων
883 709 911 772 ἡ
947 708 1126 776 ἔφοδος,
1158 705 1288 771 ἱκανή
1319 727 1367 756 τε
1403 703 1549 769 ἄρδην
1587 703 1679 752 ἀπ-

110 788 278 839 ολέσαι
323 788 382 840 τὰ
426 791 494 841 ἐπ’
527 793 699 857 ἀγροῖς,
744 791 949 858 καρπούς
990 813 1039 841 τε
1080 791 1202 858 φημὶ
1243 790 1317 838 καὶ
1358 785 1493 838 πόαν·
1535 806 1681 835 κατα-

111 871 301 940 φθεῖραί
333 894 382 922 τε
421 874 567 928 ο-υκᾶς
600 875 675 923 καὶ
712 873 958 941 ἀμπέλους,
993 871 1137 936 κακὴν
1175 871 1223 922 δὲ
1259 872 1334 920 καὶ
1375 869 1564 930 ἀκαλλῆ
1603 867 1724 929 τῆςθ

111 952 312 1019 ἀρούρας
337 955 574 1022 ἀποφῆναι
600 955 686 1019 τὴν
711 954 844 1023 ὄψιν.
909 959 946 1006 εἰ
977 953 1026 1005 δὲ
1053 953 1109 1018 δὴ
1138 951 1458 1020 περιτρέποιτο
1488 948 1635 1000 πάλιν
1661 948 1686 998 ὃ

49 1057 94 1081 10
113 1034 256 1100 λόγος
281 1038 342 1089 εἷς
374 1034 459 1100 τὴν
492 1041 586 1087 τῶν
618 1035 984 1103 πεπορθηκότων
1010 1034 1360 1101 ἀπανθρωπίαν,
1386 1032 1461 1083 καὶ
1487 1031 1688 1094 ὁλοτελῆ

112 1119 195 1181 τῆς
243 1117 399 1185 χώρας
443 1117 692 1184 ἐρήμωσιν,
738 1117 1044 1188 ὑπεμφήνειεν
1079 1116 1135 1169 ἂν
1172 1115 1329 1183 ἕτερον
1367 1114 1511 1177 οὐδὲν,
1549 1111 1578 1177 ἢ
1619 1112 1690 1163 ὅτι

113 1203 248 1251 πᾶσα
284 1199 368 1263 μὲν
403 1201 556 1255 αὐτοῖς
595 1201 846 1253 ἀπόλωλεν
888 1202 916 1265 ἡ
960 1200 1106 1269 χώρα,
1145 1198 1484 1263 δεδαπάνηνται
1525 1195 1574 1247 δὲ
1614 1197 1690 1246 καὶ

115 1285 157 1332 οἱ
199 1283 482 1350 προῦχοντες
524 1285 632 1350 παρ’
673 1285 840 1347 αὐτοῖς,
884 1283 1001 1353 δόξῃ
1043 1306 1092 1334 τε
1143 1284 1218 1333 καὶ
1261 1280 1456 1349 πλούτῳ
1498 1277 1553 1330 τὸ
1596 1282 1692 1329 τῶν

116 1365 348 1431 ἀγελαίων
399 1366 808 1434 ὑπερθρώσκοντες
859 1365 1042 1433 μέτρον·
1106 1367 1168 1419 ὡς
1215 1365 1263 1415 ἐν
1310 1363 1440 1432 τάξει
1485 1364 1693 1413 νοεῖσθαι

52 1462 98 1501 15
118 1446 252 1508 συκῆς
289 1471 337 1499 τε
374 1450 449 1499 καὶ
486 1447 714 1517 ἀμπέλου·
754 1451 863 1515 πρὶν
902 1450 1141 1511 ὑπομεῖναι
1178 1446 1260 1498 τὸν
1297 1443 1567 1512 μαρασμόν·
1611 1467 1693 1495 κα-

118 1528 266 1597 θάπερ
298 1530 457 1594 ἀμέλει
493 1534 567 1582 καὶ
599 1533 667 1584 ἐπ’
696 1533 849 1583 αὐτῶν
876 1536 1044 1582 νοεῖται
1067 1535 1160 1582 τῶν
1187 1534 1427 1594 αἰσθητῶν
1452 1527 1691 1591 ἀμπέλων,
1711 1555 1733 1580 a
1757 1545 1846 1580 204
1859 1543 1912 1578 A.

119 1616 156 1663 εἰ
185 1618 279 1666 τοῖς
316 1618 409 1664 τῶν
447 1614 646 1680 ἀκρίδων
682 1611 819 1666 ὀδοῦσι
852 1614 1064 1678 συμβαίη
1099 1616 1381 1678 περιπεσεῖν·
1425 1611 1695 1662 ἐκπίνουσαι

120 1693 213 1761 γὰρ
261 1694 346 1759 τὴν
394 1698 442 1746 ἐν
491 1701 586 1750 τοῖς
638 1701 801 1766 φυτοῖς
851 1696 1033 1759 ἰκμάδα,
1076 1698 1150 1746 καὶ
1198 1699 1361 1746 πᾶσαν
1412 1693 1566 1746 αὐτοῖς
1609 1692 1696 1756 τὴν

122 1775 342 1842 ζωοποιὸν
377 1780 731 1847 ἀναῤῥοφοῦσαι
765 1778 972 1843 δύναμιν,
999 1779 1081 1829 οὐκ
1119 1781 1181 1830 εἷς
1217 1775 1401 1843 μακρὰν
1439 1776 1696 1838 αὐαίνουσι,

55 1877 102 1902 20
122 1861 196 1910 καὶ
235 1859 404 1924 λευκὴν
446 1862 646 1927 ὁρᾶσθαι
689 1861 905 1929 ταύτῃτοι
941 1857 1391 1925 παρασκευάζουσιν),
1455 1859 1620 1909 οὐκοῦν
1663 1863 1697 1909 οἱ

123 1938 280 1997 ὀδόντες
325 1946 418 1993 τῶν
457 1943 773 1994 δαπανώντων
814 1944 994 2010 ἐχθρῶν
1040 1941 1147 1995 τοὺς
1195 1943 1242 1992 ἐν
1291 1939 1421 2009 τάξει
1467 1941 1700 2003 κειμένους

123 2024 356 2090 ἀμπέλων,
387 2022 415 2088 ἢ
455 2027 530 2075 καὶ
564 2027 611 2075 ἐν
645 2025 747 2076 ε’ίδει
786 2024 940 2087 συκῶν,
974 2028 1034 2078 εἷς
1072 2022 1198 2074 ἅπαν
1237 2021 1585 2087 δεδαπανήκασι
1624 2024 1700 2072 καὶ

124 2109 185 2158 εἷς
216 2106 492 2173 ἀχρειότητα
524 2107 808 2175 πεπόμφασι
841 2111 1066 2170 παντελῆ,
1098 2105 1126 2171 ὴ
1167 2106 1332 2174 ξίφεσι
1369 2106 1744 2159 καταπαίοντεςῖ)

124 2185 152 2250 ἦ
179 2189 254 2237 καὶ
276 2194 371 2242 τοῖς
395 2192 476 2253 τῆς
502 2191 711 2242 δουλείας
737 2187 1063 2255 ὑπενεγκόντες
1089 2188 1255 2254 ζυγοῖς.

58 2281 105 2317 25
198 2268 464 2339 Ἐκδέξεται
498 2272 551 2321 δέ
579 2293 658 2333 τις,
686 2271 812 2336 ε’ίπερ
847 2271 1000 2322 ἕλοιτο
1025 2276 1143 2321 νοεῖν
1169 2271 1244 2320 καὶ
1269 2273 1600 2331 πνευματικῶς,
1628 2270 1704 2319 καὶ

126 2349 195 2401 ἐπ’
232 2352 491 2418 ἀνθρώπων
535 2354 830 2418 ἁμαρτωλῶν
878 2351 938 2402 τὰ
974 2351 1126 2403 τοιοίδε
1166 2351 1328 2402 πάλιν·
1385 2348 1451 2404 οἷς
1494 2354 1556 2404 εἶς
1594 2355 1704 2401 νοῦν

128 2435 202 2484 καὶ
240 2435 433 2498 καρδίαν
473 2436 532 2487 ὡς
569 2436 616 2484 ἐν
654 2435 838 2500 ἀκρίδος
867 2433 1026 2503 τρόπῳ
1065 2436 1140 2484 καὶ
1176 2432 1396 2499 βρούχου,
1435 2433 1510 2482 καὶ
1547 2433 1704 2494 με’ντοι

129 2517 203 2566 καὶ
235 2515 420 2580 κάμπης
451 2515 685 2566 εἶσδύεταί
710 2539 811 2569 πως
841 2517 910 2566 ἀεὶ
944 2515 1003 2567 τὰ
1028 2514 1210 2582 πονηρὰ
1235 2515 1461 2579 δαιμόνια,
1489 2517 1563 2565 καὶ
1588 2513 1706 2565 αὐτὰ

181 2678 211 2700 Ι.
235 2666 405 2700 ἀναπείθει
422 2666 543 2699 λοιπὸν
558 2664 625 2698 hoc
643 2665 763 2699 ordine
781 2665 823 2699 B.
872 2663 965 2710 ἧκεν]
984 2665 1086 2708 ἀνέβη
1105 2664 1196 2698 Edd.
1501 2675 1533 2698 2.
1558 2664 1628 2709 ἥκει
1645 2664 1706 2699 iid.

131 2724 164 2758 3.
190 2711 431 2757 παραχωροῦν]
450 2714 645 2757 παραχωρεῖ
662 2711 722 2745 iid.
864 2724 896 2753 4.
923 2714 1031 2745 νοοῖτο
1049 2712 1151 2756 τυχὸν
1168 2712 1233 2745 hoe
1251 2710 1371 2745 ordine
1390 2711 1432 2745 B.
1590 2721 1623 2756 5.
1649 2711 1706 2745 ἀν-

131 2758 397 2804 ανταγώνιστος]
415 2759 600 2803 ἀκαταγών.
618 2758 678 2792 iid.
832 2767 863 2803 7.
890 2758 925 2791 ἐν
942 2770 1004 2803 pro
1023 2757 1071 2792 ἐπ’
1090 2758 1149 2793 iid.
1198 2773 1234 2792 τε
1251 2770 1321 2792 om.
1342 2758 1384 2791 B.
1525 2758 1558 2792 8.
1586 2758 1703 2804 κακὴν]

132 2806 242 2850 ψιλὴν
259 2805 319 2839 iid.
580 2816 632 2838 ΙΙ.
659 2804 862 2850 ὑποφὴνειεν
878 2804 937 2838 iid.
1196 2816 1248 2848 14.
1275 2804 1586 2850 ὑπερθρώσκοντες]
1604 2806 1706 2850 ὑπερ-

134 2853 266 2887 θέοντες
284 2851 344 2885 iid.
568 2862 619 2895 15.
646 2866 682 2885 τε
699 2864 768 2885 om.
789 2852 829 2885 Β.
878 2850 972 2896 πρὶν]
993 2851 1080 2895 πλὴν
1097 2851 1156 2886 iid.
1372 2863 1425 2896 17.
1450 2853 1519 2886 τοῖς
1535 2858 1615 2896 post
1631 2852 1707 2896 ἆκρ.

135 2908 177 2932 tr.
195 2899 255 2933 iid.
504 2910 553 2943 19.
581 2897 770 2942 αὐαίνουσι]
790 2898 1054 2942 ἀποξηραίνουσι
1072 2898 1130 2932 iid.
1374 2910 1428 2932 20.
1454 2897 1610 2942 ταύτῃτοι
1628 2906 1708 2933 ante

135 2947 187 2979 καὶ
206 2948 297 2979 λευκ.
320 2951 361 2978 tr.
379 2944 437 2978 iid.
660 2956 714 2978 22.
736 2945 782 2980 εἷς
798 2945 901 2989 ἅπαν]
923 2945 968 2981 εἷς
983 2946 1085 2990 ἄκρον
1101 2945 1159 2978 iid.
1374 2957 1428 2988 24.
1453 2945 1706 2992 ὑπενεγκόντες]

137 2993 382 3037 καθυπάγοντες
399 2991 457 3026 iid.
648 2992 701 3025 28.
727 2991 895 3036 δαιμόνια]
914 2991 1084 3036 πνεύματα
1099 2992 1159 3028 iid,

196 3064 285 3092 voL.
313 3064 336 3090 ι.
873 3063 901 3102 Q
922 3066 947 3105 q
