2021 3434
309 186 392 225 602
692 189 742 229 B.
785 189 1060 231 CYRILLI
1100 191 1479 234 ALEXANDR.
1790 189 1817 230 i.
1845 202 1881 229 1.

309 297 475 348 ἐκεῖθεν
514 297 683 360 πέμπει
723 301 973 370 Ῥαψάκην
1011 303 1394 370 πολιορκήσοντα
1433 302 1519 367 τὴν
1555 299 1883 370 Ἰερουσαλὴμ,

310 376 361 431 ὃς
404 382 478 429 καὶ
517 383 600 444 τῆς
643 382 910 448 ἀλαζονείας
955 387 1030 436 καὶ
1073 388 1156 449 τῆς
1206 385 1324 436 κατὰ
1367 389 1492 436 Θεοῦ
1532 385 1886 451 γλωσσαλγίας

91 459 234 542 {ig-egb·
310 458 553 527 ἐξαιτεῖται
583 463 730 526 δίκας,
760 466 1102 517 ἀποθανουσῶν
1126 468 1175 517 ἐν
1197 471 1282 535 μιᾷ
1307 469 1433 517 νυκτὶ
1462 470 1544 531 τῆς
1574 470 1668 517 τῶν
1691 467 1880 517 Ἀσσυ-

309 540 422 606 ρίων
459 548 683 609 στρατιᾶς
720 545 883 596 ἑκατὸν
921 548 1208 613 ὀγδοήκοντα
1248 547 1383 600 πέντε
1421 548 1663 615 χιλιάδων.
1728 549 1888 614 γέγονε

311 621 479 687 τοίνυν,
529 628 693 693 φησὶν,
745 628 769 677 ὁ
818 626 962 694 λόγος
1019 630 1192 696 Κυρίου
1240 629 1358 696 πρὸς
1412 631 1625 698 Μιχαίαν
1675 628 1757 680 τὸν
1806 635 1930 683 τοῦ5

270 698 297 739 b
316 707 535 771 Μωραθί.

96 919 195 969 Κεφ.
219 914 265 957 α’.
317 919 391 960 Καὶ
434 921 601 968 ἑΓένε-το
643 926 766 971 λόΓοο
812 925 960 982 Κυρίου
1004 927 1111 983 Πρὸς
1149 927 1335 983 Μιχαίαν
1377 927 1450 969 τὸν
1493 929 1566 967 τοῦ
1611 925 1808 981 ΛΛωραθί,
1844 923 1888 965 ὲν

380 1002 556 1060 ἡμέραις
576 1005 584 1018 ’
599 1006 767 1056 Ιωάθαμ
794 1009 862 1049 καί
881 1009 1002 1066 Ἄχας
1030 1010 1099 1050 καὶ
1119 1011 1127 1023 ’
1142 1010 1306 1068 Εςεκίου
1335 1011 1542 1060 βασιλέων
1564 1008 1721 1049 Ἰούδα.

385 1123 494 1190 Χρὴ
534 1126 696 1177 εἰδέναι
745 1126 905 1189 πάλιν,
949 1132 1010 1183 ὡς
1051 1131 1265 1196 Ἑβραῖοι
1313 1130 1616 1197 γεγράφασιν
1658 1131 1759 1180 ἀντὶ
1809 1132 1892 1178 τοῦ

315 1206 493 1275 Μωραθὶ
526 1207 608 1259 τὸν
644 1211 944 1275 Μωραθίτην,
976 1212 1052 1262 ἵνα
1085 1212 1150 1276 μὴ
1189 1215 1249 1266 ὡς
1288 1215 1337 1263 ἐκ
1374 1213 1565 1276 πατρὸς,
1600 1210 1710 1262 ἀλλ’
1744 1213 1806 1265 ὡς
1843 1211 1892 1261 ἐκ
1915 1230 1992 1258 10

279 1287 462 1340 οτόπου
487 1291 785 1355 σημαίνηται.
854 1295 977 1360 φασὶ
1002 1293 1095 1359 γὰρ
1127 1293 1241 1345 εἶναι
1274 1294 1359 1359 τὴν
1385 1294 1563 1364 Μωροιθ)
1599 1293 1759 1357 κώμην
1792 1292 1894 1357 ἤτοι
1988 1290 1990 1292 ’

313 1371 546 1438 πολίχνην
584 1375 667 1435 τῆς
701 1373 939 1425 Ἰουδαίων
981 1376 1200 1440 γενέσθαι
1246 1376 1417 1444 χώρας.
1484 1376 1805 1443 συμφέρονται
1844 1374 1894 1426 δὲ

312 1456 371 1519 τῇ
412 1453 592 1504 ἐκδόσει
631 1457 707 1505 καὶ
747 1459 789 1506 οἱ
833 1457 978 1523 ἕτεροι
1021 1462 1115 1508 τῶν
1153 1459 1460 1524 ἑρμηνευτῶν.
1527 1459 1693 1509 οὐκοῦν
1731 1457 1798 1521 ε’ίη
1836 1456 1894 1507 ἂν

313 1536 416 1602 οὐχὶ
453 1541 536 1586 τοῦ
577 1537 837 1606 Προφήτου
873 1538 1031 1605 πατὴρ
1076 1542 1101 1590 ὁ
1143 1542 1363 1607 Μωραθί·
1413 1541 1690 1605 σημαίνεται
1730 1539 1792 1603 δὲ,
1832 1541 1894 1593 ὡς

313 1617 447 1685 ἔφην,
484 1619 533 1668 ἐκ
565 1618 712 1670 τόπου
750 1625 938 1680 μᾶλλον
972 1624 1047 1672 καὶ
1083 1624 1384 1689 Μωραθίτης.
1449 1624 1566 1676 τίνες
1599 1621 1646 1672 δὲ
1679 1624 1771 1687 ἄρα
1794 1629 1893 1672 λοι-
1915 1635 1987 1675 15

314 1698 405 1750 πον
431 1703 472 1751 οἱ
498 1699 615 1766 πρὸς
641 1700 781 1752 αὐτὸν
805 1704 1050 1768 γεγονότες
1076 1703 1226 1770 λόγοι,
1249 1708 1513 1772 περιαθρεῖν
1535 1707 1804 1769 ἀναγκαῖον.
1986 1702 1987 1707 ¹

537 1903 640 1959 Περὶ
666 1901 725 1945 ὧν
751 1899 863 1946 εἶδεν
890 1906 987 1962 Περὶ
1012 1905 1257 1963 Σαμαρείας
1285 1907 1664 1962 καίἿερουσαλύμ.

391 2015 615 2066 Τεθεάται
655 2016 748 2082 γὰρ
789 2019 850 2071 ὡς
888 2019 936 2068 ἐν
977 2017 1136 2084 ὁράσει
1177 2018 1236 2068 τὰ
1279 2018 1494 2082 ἐσόμενα,
1531 2019 1606 2069 καὶ
1646 2023 1740 2068 τῶν
1778 2018 1896 2069 ὅσον

276 2096 497 2150 ᾱούδέπω
537 2099 870 2163 παρεσομένων
907 2098 936 2163 ἦ
980 2101 1053 2150 καὶ
1091 2102 1164 2152 ἐπὶ
1209 2101 1369 2166 θύραις
1406 2100 1555 2152 ὅντων
1592 2105 1760 2164 κακῶν,
1794 2101 1896 2168 οὐχὶ
2011 2164 2016 2178 .

317 2179 465 2244 μόνην
502 2179 623 2231 ἑλὼν
657 2180 742 2244 τὴν
778 2186 970 2247 γνῶ-σιν,
1005 2183 1114 2232 ἀλλ’
1151 2181 1268 2233 ὅσον
1305 2183 1412 2247 ἧκεν
1450 2186 1510 2237 εἰς
1549 2182 1679 2252 ὄψιν,
1713 2182 1796 2247 τὴν
1835 2185 1896 2237 ὡς
1915 2203 1962 2228 20

368 2364 399 2387 2.
427 2367 479 2386 και
495 2355 554 2397 τῆς
571 2355 653 2387 κατὰ
671 2356 874 2399 Θ.γλ.0111.
893 2355 937 2388 A.
988 2354 1113 2389 Statim
1131 2354 1285 2399 ἐξῃτηται
1304 2356 1347 2389 A.
1582 2368 1615 2398 4.
1641 2356 1759 2389 ἑκατὸν
1774 2355 1894 2402 ὀγδοή-

320 2415 420 2434 κοντα
443 2414 542 2434 πεντε
567 2402 608 2434 A.
614 2401 656 2435 B.
682 2402 799 2434 ἑκατὸν
825 2403 877 2435 καὶ
903 2402 1207 2447 ὀγδοηκονταπέντε
1227 2402 1272 2435 D.
1294 2401 1350 2446 [ut
1377 2401 1436 2436 ES.
1456 2403 1584 2436 xxxvii.
1611 2402 1655 2446 36
1680 2401 1799 2448 Alex.]
1818 2417 1894 2448 ρπε.

322 2446 413 2480 Edd.
465 2446 591 2481 Statim
607 2448 763 2491 χιλιάδας
783 2448 828 2482 D.
1022 2448 1101 2491 4-6.
1126 2449 1437 2506 γέγονε-Μωραθί
1453 2461 1522 2483 om.
1545 2449 1584 2483 B.
1590 2449 1636 2483 D.
1816 2460 1849 2495 5.
1875 2451 1894 2484 ὁ

320 2500 541 2537 assumptum
560 2506 599 2527 ex
618 2495 661 2528 A.
758 2494 790 2528 6.
817 2500 900 2539 Μωρ
904 2495 1006 2529 αθίᾹ
976 2520 987 2528 .
1012 2501 1122 2540 ,ρΜω
1125 2494 1208 2529 ασθί
1224 2495 1315 2529 Edd.
1423 2505 1454 2540 7,
1473 2497 1505 2529 8.
1532 2496 1666 2530 sextus
1683 2495 1803 2530 deest
1796 2508 1832 2530 1n
1849 2496 1893 2530 A.

320 2540 515 2585 ΜωραθὶΙ)
520 2540 647 2583 ,(ΧΙΙ.
653 2542 664 2584 )
691 2547 777 2587 Μορ(
771 2542 826 2575 αθὶ
846 2510 900 2575 Βίο
908 2543 1091 2587 Μωρασθεὶ
1111 2542 1201 2576 Edd.
1229 2541 1281 2586 (A
1284 2542 1350 2587 at.)
1371 2541 1548 2588 [Μωραθει
1565 2544 1666 2577 Alex.
1670 2541 1684 2588 ]
1769 2542 1896 2577 Statim

320 2587 356 2620 ἐν
372 2587 554 2640 ἡμέραις-
555 2587 665 2621 Ἰούδα
682 2600 751 2622 om.
772 2588 814 2622 B.
868 2589 963 2622 Haec
979 2589 1115 2629 xetinui,
1131 2596 1304 2623 annuente
1322 2589 1368 2623 D.
1630 2601 1663 2634 9.
1690 2589 1778 2634 Χρὴ]
1801 2594 1839 2629 -Ι-
1860 2590 1895 2624 δὲ

321 2633 414 2667 Edd.
432 2634 490 2667 inv
492 2634 548 2668 itis
565 2634 674 2668 libris.
691 2634 820 2670 Ἰστέον
837 2647 899 2680 pro
915 2636 986 2678 Χρὴ
1005 2636 1064 2670 εἷδ.
1082 2637 1185 2670 πάλιν
1204 2636 1250 2669 D.
1625 2647 1677 2670 10.
1704 2641 1787 2680 Μωρ
1790 2637 1845 2671 αθι
1862 2642 1896 2670 et

322 2679 525 2724 Μωραθιτην
550 2680 641 2715 edidi
666 2693 707 2715 ex
732 2683 775 2715 A.
781 2682 828 2717 D.
855 2683 989 2727 Μοραθὶ
1014 2690 1047 2717 et
1072 2683 1267 2733 Μοραθίτην
1291 2682 1333 2716 Β.
1362 2682 1530 2726 Μωρασθὶ
1555 2688 1588 2716 et
1610 2688 1694 2727 Μωρ
1697 2684 1776 2716 ασθ.
1803 2682 1895 2717 Edd.

322 2728 381 2760 τὸν
397 2733 476 2761 ante
494 2728 722 2772 Μωρασθίτην
739 2741 809 2764 om.
827 2729 871 2763 A.
1108 2741 1159 2764 11.
1186 2732 1267 2763 εἰναι
1284 2741 1353 2763 om.
1372 2730 1416 2763 A.
1464 2744 1524 2772 την
1541 2735 1588 2763 Μ.
1592 2728 1606 2774 ]
1625 2731 1684 2763 τὸν
1701 2735 1777 2774 Μορ
1780 2730 1835 2763 αθὶ
1853 2729 1894 2763 Β.

324 2776 434 2817 κώμην
451 2774 495 2807 Α.
500 2774 547 2808 D.
564 2776 666 2808 πόλιν
684 2775 775 2809 Edd.
1084 2787 1137 2810 12.
1163 2776 1210 2812 εἷς
1226 2788 1289 2821 pro
1305 2778 1364 2820 τῆς
1382 2775 1473 2810 Edd.
1491 2744 1777 2821 repugnantibus
1785 2776 1894 2810 libris.

328 2831 380 2862 14.
406 2821 605 2864 σημαίνηται
621 2821 681 2855 iid.
700 2822 817 2856 invitis
834 2822 944 2856 libris.
1276 2822 1328 2856 16.
1353 2825 1515 2868 γεγόνασι
1534 2835 1595 2867 pro
1611 2824 1786 2868 γεγονότες
1804 2822 1846 2857 A.
1853 2821 1894 2857 B.

323 2867 515 2911 περιαθρεῖν
531 2868 574 2902 A.
581 2868 626 2902 D.
643 2869 839 2913 παραθεῖναι
859 2869 900 2903 Β.
916 2869 1102 2913 παραθῆναι
1121 2868 1213 2903 Edd.
1501 2871 1620 2914 ,Περι
1637 2869 1734 2914 prius
1750 2869 1795 2903 A.
1801 2869 1842 2903 B.
1848 2869 1893 2903 D.

324 2913 451 2957 (XII.)
473 2913 574 2958 Ὑπὲρ
600 2914 692 2948 Edd.
691 2883 857 2959 (p‘A.V.)
921 2913 1023 2961 εἶδεν]
1047 2921 1084 2956 -1-
1106 2917 1194 2960 φησι
1212 2916 1255 2950 Α.
1335 2914 1405 2960 και]
1430 2881 1469 2956 -†—I
1486 2917 1563 2962 περὶ
1580 2915 1672 2951 Edd.
1691 2915 1754 2961 (A
1760 2916 1801 2949 V.
1806 2916 1893 2960 )1n-

324 2959 403 2992 vitis
421 2962 462 2992 A.
470 2960 511 2994 B.
516 2961 561 2994 D.
580 2961 640 3006 (36
657 2963 699 2995 a]
706 2963 716 3005 )
893 2963 945 2996 18.
973 2964 1016 2998 ὡς
1033 2968 1254 3007 assumptum
1271 2975 1312 2997 ex
1330 2964 1373 2998 A
1380 2963 1420 2997 B.
1428 2963 1472 2998 D.
1640 2973 1693 2997 20.
1719 2963 1828 3007 μόνων
1845 2962 1890 2997 D.

324 3004 382 3047 τὴν
399 3018 461 3050 pro
479 3007 524 3042 εἷς
543 3007 584 3042 A.
635 3008 677 3044 ὡς
695 3015 916 3054 assumptum
933 3021 974 3044 ex
992 3009 1168 3044 omnibus.
