2021 3434
322 298 418 347 τοῖς
457 293 762 360 γεγεννηκόσι
800 295 1115 364 ἐπιφυόμενοι,
1143 299 1186 347 οἱ
1224 295 1271 347 δὲ
1304 302 1443 347 τοῦτο
1482 299 1631 362 δρῶσι
1669 299 1743 347 καὶ
1778 296 1901 349 Θεὸν

323 376 649 442 εὐφραίνοντες
690 379 764 428 καὶ
802 376 886 431 τὰς
920 378 1038 431 ἰδίας
1077 377 1240 446 ψυχὰς
1279 377 1612 443 ἀνασώζοντες.
1675 380 1749 428 καὶ
1786 385 1902 444 γοῦν

103 457 134 487 S.
153 457 236 489 Luc.
333 457 354 474 Ἰ
567 459 577 473 ‘
735 458 747 474 '
811 466 838 489 ςς
983 464 1001 473 Α
1082 459 1104 477 ‘l
1211 464 1220 477 ⁹
1267 458 1279 475 Ι
1614 458 1624 473 l
1806 466 1825 474 Α

101 500 237 540 xii.51-·
323 462 533 526 εφασκεν
558 481 583 509 ο
611 462 779 525 Σωτηρ
855 464 1047 510 Δοκειτε
1080 483 1150 511 οτι
1184 483 1366 525 ειρηνην
1396 482 1719 526 παρεγενομην
1746 463 1901 510 δουναι

102 553 154 583 53·
284 559 305 586 c
324 547 350 569 ‘⁶
377 541 425 590 ἐν
458 543 516 608 τῇ
548 544 610 608 γῇ
632 563 643 602 ;
691 542 806 609 οὐχὶ,
833 542 959 608 λε’γω
987 543 1107 606 ὑμῖν,
1131 542 1242 593 ἀλλ’
1272 541 1299 607 ἢ
1331 540 1653 608 διαμερισμόν.
1714 541 1902 593 ε”σονται

325 185 409 224 720
719 187 768 226 B.
813 186 1095 227 CYRILLI
1145 187 1528 228 ALEXANDR.
1769 188 1839 230 vii.
1861 199 1896 241 7.
2004 162 2009 277 j

2005 375 2010 452 ἰ

2006 501 2011 575 ἒ

2008 711 2012 735 ἱ

324 629 350 651 “
376 622 468 688 γὰρ
507 622 600 674 ἀπὸ
634 630 718 675 τοῦ
749 629 830 675 νῦν
861 624 998 675 πέντε
1029 626 1077 675 ἐν
1105 625 1170 675 ἑνὶ
1200 624 1309 694 οἴκῳ
1339 623 1755 690 διαμεμερισμένοι,
1782 629 1902 690 τρεῖς
1921 643 1943 682 5

323 711 350 734 ‘⁶
374 707 447 756 ἐπὶ
473 707 582 756 δυσὶ
614 708 691 757 καὶ
722 706 805 757 δύο
835 708 910 758 ἐπὶ
940 706 1085 773 τρισί.
1153 706 1599 773 διαμερισθήσονται
1631 705 1789 772 πατὴρ
1827 707 1902 757 ἐπὶ

322 793 349 816 “
376 790 458 856 υἱῲ
488 789 564 838 καὶ
603 786 698 842 υἱὸς
735 789 808 840 ἐπὶ
846 790 1002 855 πατρὶ,
1036 788 1191 856 μητὴρ
1230 790 1304 840 ἐπὶ
1342 787 1427 853 τὴν
1452 787 1685 855 θυγατέρα
1719 789 1794 838 καὶ
1822 791 1902 839 θυ-

322 876 348 899 “
374 868 526 935 γάτηρ
567 870 641 921 ἐπὶ
679 869 764 934 τὴν
803 871 996 936 μητέρα,
1036 870 1239 936 πενθερὰ
1283 872 1356 922 ἐπὶ
1401 869 1487 934 τὴν
1528 870 1718 940 νύμφην
1761 871 1903 934 αὐτῆς

321 958 348 981 “
373 953 449 1002 καὶ
487 951 648 1021 νύμφη
686 953 760 1004 ἐπὶ
798 952 884 1017 τὴν
913 951 1188 1019 πενθεράν.”
1249 951 1404 1022 ψήφῳ
1436 951 1492 1016 δὴ
1525 953 1606 1003 οὖν
1637 953 1754 1021 ὀρθῇ
1793 975 1902 1004 στε-
2008 989 2013 1012 ,

319 1033 608 1101 φανώσομεν
633 1033 719 1099 τὴν
745 1036 865 1086 οὕτω
898 1033 1126 1102 λαμπρὰν
1152 1036 1549 1104 ἀφιλοστοργίαν.
1617 1039 1972 1101 προσοικειοῖιο
2008 1061 2014 1098 ι

319 1116 413 1182 γὰρ
451 1120 517 1186 τῷ
556 1120 680 1186 Θεῷ,
715 1116 802 1168 κᾶν
837 1121 873 1168 εἱ
906 1119 988 1181 τῆς
1023 1116 1143 1168 κατὰ
1180 1117 1339 1183 σάρκα
1369 1117 1645 1183 συγγενείας
1680 1116 1903 1180 ἀποτέμοι
2008 1103 2013 1180 3

320 1197 467 1263 τινὰς,
509 1197 633 1251 ὥστε
674 1203 749 1250 καὶ
793 1201 1110 1269 ἀναμελῳδεῖν
1148 1200 1196 1250 εὖ
1234 1199 1367 1262 μάλα
1403 1198 1458 1250 τὸ
1503 1199 1578 1250 διὰ
1617 1202 1776 1268 φωνῆς
1820 1205 1903 1251 τοῦ
2009 1181 2014 1257 ξ

100 1298 255 1330 Ps.xxvi.
275 1287 348 1327 d“
374 1283 549 1333 Δαυείδ
576 1280 692 1333 ’Ότι
723 1283 748 1333 ὁ
778 1281 934 1348 πατήρ
959 1305 1051 1345 μου
1083 1282 1159 1332 καὶ
1197 1282 1224 1346 ἡ
1262 1281 1416 1348 μήτηρ
1451 1306 1540 1346 μου
1571 1280 1903 1348 ἐγκατέλειπόν
2010 1290 2014 1306 '

104 1352 149 1374 10.
320 1373 348 1394 (ί
489 1366 500 1379 1
573 1364 585 1382 x
683 1364 695 1379 t
1028 1364 1040 1378 l
1140 1364 1149 1378 t
1262 1365 1286 1380 n

373 1387 444 1428 με,
481 1388 506 1415 ο
537 1368 585 1416 δε
620 1369 791 1430 Κυριος
821 1369 1152 1430 προσελαβετο
1183 1388 1254 1428 με.

282 1560 434 1610 7ἘΓὼ
471 1560 516 1602 δὲ
551 1559 621 1601 ὲῐτί
657 1560 730 1602 τὸν
768 1559 917 1617 Κύριον
944 1558 1245 1609 ἐπιβλέψομαι,
1273 1560 1475 1609 ὑπομενῶ
1512 1560 1580 1601 ἐπὶ
1613 1562 1674 1614 τῷ
1707 1559 1804 1614 Θεῷ
1840 1562 1901 1615 τῷ
1926 1572 1970 1611 15
2017 1575 2019 1607 ς

391 1644 567 1701 Σωτὴρί
591 1659 686 1695 μου,
712 1641 1011 1686 εἰσακούσεταί
1036 1659 1116 1693 μου
1142 1643 1165 1685 ὁ
1193 1643 1302 1685 Θεόε
1329 1658 1422 1692 μου.
1747 1640 1751 1641 ’

396 1771 675 1838 Ἀρμόσειεν
702 1769 772 1833 ἂν,
799 1773 874 1822 καὶ
899 1770 1034 1834 μάλα
1065 1769 1264 1832 εἰκότως,
1290 1772 1423 1821 ταυτὶ
1449 1768 1744 1838 μετανοούσῃ
1770 1791 1818 1820 τε
1843 1773 1901 1837 τῇ
2010 1661 2016 1822 ι

324 1853 465 1917 Σιὼν,
495 1856 570 1904 καὶ
605 1857 699 1904 τῶν
722 1855 805 1917 τῆς
842 1853 1172 1920 αἰχμαλωσίας
1206 1851 1364 1904 πόνων
1390 1855 1451 1906 ὡς
1478 1849 1762 1903 ἔσται’κατά
1796 1874 1896 1902 και·
2010 1823 2015 1892 Ι

322 1935 432 2002 ροῦς
457 1936 824 2004 προαναθρούσῃ
849 1935 903 1987 τὸ
928 1936 1086 2002 πέρας.
1137 1934 1229 1986 εἷλε
1255 1934 1340 1999 μὲν
1366 1934 1458 2001 γὰρ
1477 1933 1561 1998 τὴν
1581 1934 1902 1994 Βαβυλωνίων
2010 1893 2016 1977 q

104 2047 114 2067 1
132 2037 264 2069 Esdr.1.
282 2046 303 2073 e
324 2019 349 2068 ὃ
376 2023 546 2085 Κῦρος,
573 2019 711 2082 ἀνῆκε
737 2016 784 2069 δὲ
816 2016 956 2082 μόλις
980 2019 1028 2068 ἐν
1054 2017 1300 2087 λειψάνοις
1334 2016 1447 2068 ὅντα
1480 2016 1563 2068 τὸν
1585 2015 1801 2083 Ἰσραὴλ,
1827 2017 1901 2067 καὶ
1922 2044 1969 2070 20

323 2102 440 2165 ὁμοῦ
465 2105 561 2155 τοῖς
592 2100 785 2151 σκεύεσι
819 2105 914 2154 τοῖς
953 2103 1100 2167 ἱεροῖς,
1125 2100 1241 2151 οἴκοι
1274 2123 1324 2150 τε
1363 2099 1475 2151 ἱέναι
1508 2098 1803 2166 προστέταχε
1827 2102 1902 2150 καὶ

320 2182 402 2234 τὸν
434 2185 482 2235 ἐν
513 2188 607 2237 τοῖς
631 2181 980 2249 Ἱεροσολύμοις
1004 2182 1347 2247 ἀναδείμασθαι
1381 2182 1512 2233 νεών.
1572 2182 1677 2233 τότε
1709 2179 1801 2248 γὰρ
1828 2179 1903 2232 οἷά

319 2289 408 2333 περ
445 2268 495 2318 ἐκ
533 2267 734 2319 σκότους
772 2268 846 2317 καὶ
886 2269 1074 2329 δεσμῶν
1112 2265 1356 2333 ἀῤῥήκτων
1394 2263 1815 2331 διαδιδράσκοντες,
1853 2265 1901 2315 ἐν

321 2351 443 2418 φωτὶ
483 2348 724 2415 γεγόνασι,
767 2352 890 2399 Θεοῦ
932 2349 1339 2414 κατοικτείροντος,
1384 2349 1459 2398 καὶ
1499 2351 1561 2401 εἷς
1597 2345 1683 2411 τὴν
1724 2346 1900 2398 ἄνωθεν

372 2511 401 2534 1.
432 2499 670 2545 ἐπιφερόμενοι
688 2511 751 2544 pro
769 2498 933 2544 ἐπιφυόμ.
952 2498 1045 2533 Edd.
1062 2498 1182 2532 invitis
1201 2498 1290 2532 A.B.
1496 2508 1530 2543 3.
1554 2495 1660 2541 ἦλθον
1677 2507 1740 2541 pro
1757 2509 1900 2540 παρεγε-

321 2548 425 2591 νόμην
441 2547 485 2581 Α.
666 2556 699 2592 5.
727 2546 774 2580 ἐνὶ
791 2546 936 2580 accessit
953 2558 994 2580 ex
1012 2546 1056 2579 A.
1076 2545 1369 2590 (suprascriptum
1387 2544 1448 2588 A.)
1624 2543 1658 2577 6.
1684 2541 1901 2588 διαμερισθή-

322 2609 440 2628 σονται
458 2595 501 2628 Α.
520 2593 818 2638 διαμερισθὴσεται
836 2592 895 2627 iid.
946 2593 1000 2627 ἐπὶ
1018 2593 1061 2627 A.
1080 2592 1135 2638 ἐφ’
1154 2592 1214 2626 iid.
1513 2600 1545 2637 7.
1569 2589 1689 2636 πατρὶ]
1713 2594 1750 2631 -†-
1771 2591 1824 2623 καὶ
1840 2588 1899 2623 iid.

321 2641 430 2675 invito
448 2641 491 2675 A.
541 2640 595 2675 ἐπὶ
613 2641 671 2684 τὴν
689 2640 857 2685 θυγατέρα
874 2640 965 2674 Α.Β.
984 2640 1038 2674 ε’πὶ
1055 2639 1213 2685 θυγατέρι
1232 2637 1324 2672 Edd.
1648 2638 1681 2672 8.
1707 2638 1825 2680 ἑαυτῆς
1842 2634 1900 2670 iid.

326 2698 379 2722 10.
413 2688 666 2733 φιλοστοργίαν
698 2687 755 2721 iid.
790 2693 871 2720 ante
906 2687 1039 2732 Migne.
1107 2686 1233 2720 Statim
1265 2687 1442 2730 προσοικεῖ
1474 2696 1538 2730 pro
1569 2685 1780 2729 προσοικειοῖ
1809 2681 1900 2718 Edd.

325 2745 379 2768 11.
405 2737 451 2781 τῷ
470 2746 540 2769 om.
558 2734 603 2769 A.
652 2734 681 2768 εἷ
697 2732 774 2779 τῆς]
794 2733 825 2768 εἴ
840 2748 890 2769 τις
907 2735 951 2768 Α.
1144 2744 1196 2767 12.
1222 2733 1411 2777 ἀναφωνεῖν
1428 2744 1490 2777 pro
1508 2731 1734 2777 ἀναμελῳδεῖν
1750 2731 1794 2764 A.
1841 2730 1901 2764 τοῦ

322 2792 393 2815 om.
411 2781 455 2815 A.
757 2792 808 2825 13.
835 2780 886 2815 ὅτι
904 2793 974 2815 om.
992 2780 1037 2815 A.
1098 2779 1338 2826 ἔγκατέλειπόν
1355 2780 1399 2813 Α.
1418 2779 1552 2823 (Alex.)
1570 2777 1792 2824 ἐγκατέλιπόν
1810 2774 1900 2810 Edd.

326 2836 379 2872 15.
406 2828 460 2862 ἐπὶ
478 2829 536 2863 alt.
556 2827 652 2862 deest
669 2827 705 2862 in
723 2827 767 2862 B.
786 2828 899 2873 (153.)
947 2830 994 2874 τῷ
1012 2827 1141 2871 Σωτῆρί
1157 2839 1227 2861 om.
1245 2827 1290 2860 A.
1451 2827 1504 2860 16.
1530 2840 1595 2869 μου
1612 2826 1670 2859 alt.
1689 2824 1786 2858 deest
1802 2823 1839 2857 in
1858 2822 1899 2857 B.

323 2874 395 2916 (22,
417 2886 493 2919 130,
515 2876 608 2920 153.)
739 2883 792 2920 17.
817 2874 1018 2920 Ἀρμόσειεν
1034 2874 1074 2908 ἂν
1093 2875 1135 2908 Β.
1154 2874 1193 2908 ἂν
1211 2873 1308 2907 deest
1325 2873 1361 2906 in
1377 2872 1422 2906 A.
1440 2872 1621 2917 ‘Appdo-ete
1638 2871 1666 2907 δ’
1685 2871 1725 2906 ἅν
1740 2885 1790 2906 τις
1807 2867 1898 2904 Edd.

321 2921 416 2954 ταυτὶ
434 2923 578 2956 accessit
594 2933 635 2956 ex
655 2922 698 2956 B.
852 2933 908 2965 19.
933 2921 1194 2968 προαναθρούσῃ
1214 2920 1257 2954 Β.
1275 2918 1515 2964 προαναθοὺσῃ
1534 2921 1578 2954 A.
1595 2915 1899 2964 προαναθεωρούσῃ

323 2966 415 3001 Edd.
635 2979 691 3003 20.
717 2968 754 3003 δὲ
773 2980 843 3002 om.
861 2969 906 3004 A.
1159 2979 1213 3002 21.
1240 2965 1339 3012 ἴέναι]
1361 2966 1418 3001 Sic
1436 2966 1570 3001 correxi
1587 2978 1629 3000 ex
1648 2965 1690 3000 B.
1707 2962 1789 2999 εἶναι
1806 2961 1898 2998 Edd.

323 3023 379 3048 22.
404 3013 632 3058 ἆναδέμασθαι
650 3015 731 3060 (sic)
750 3014 844 3049 Edd.
