2021 3434
134 207 171 231 v.
204 203 356 246 25-27-
593 193 665 233 IN
707 192 900 234 AMOS.
961 191 1111 233 TOM.
1154 190 1240 231 ΠΙ.
1627 188 1708 227 475

133 299 187 349 τὸ
233 301 658 362 διαπεπλασμένον.
729 300 837 351 ἀλλ’
893 302 974 351 οὐκ
1023 299 1271 365 ἠγνόησεν,
1324 297 1394 348 ὅτι
1443 299 1518 346 καὶ
1568 295 1711 360 ἕτεροι

132 382 546 448 προσειργάσαντο
586 382 643 433 τὰ
681 383 885 448 γλυπτά.
956 384 980 432 ὁ
1025 382 1078 432 δέ
1102 405 1155 448 γε
1193 379 1415 446 μακάριος
1456 377 1709 444 Στέφανος,

133 464 530 529 κατηγορούμενος
569 487 681 515 ποτε
722 463 851 530 παρὰ
899 469 993 518 τοῖς
1033 465 1268 514 Ἰουδαίων
1310 463 1592 525 καθηγηταῖς
1637 458 1711 508 ἐπὶ

131 545 419 613 δυσφημίαις
443 550 542 599 ταῖς
567 550 626 599 εἷς
653 547 777 597 Θεὸν
803 548 878 596 καὶ
908 546 1134 608 Μωυσέα,
1162 547 1234 595 καὶ
1267 548 1365 597 ταῖς
1397 539 1711 605 καθηκούσαις

88 639 109 677 5
130 625 406 692 ἀπολογίαις
444 626 813 693 ἀποκρουόμενος
851 627 933 681 τὰς
971 627 1305 695 συκοφαντίας,
1345 623 1441 675 εἶτα
1480 621 1710 684 δεικνύων,

129 707 198 758 ὅτι
225 709 624 774 δεδυσσεβηκότες
651 709 835 776 ἀγρίως,
862 711 936 760 καὶ
961 707 1388 776 ἐμπαροινήσαντες
1415 707 1481 774 τῷ
1508 707 1709 772 Χριστῷ

127 788 213 853 τὴν
238 794 331 841 τῶν
358 792 483 842 ἰδίων
513 792 727 858 πατέρων
762 792 1105 854 ἀπομιμοῦνται
1136 788 1414 858 φαυλότητα
1441 791 1515 838 καὶ
1548 794 1704 849 σκλη-

125 872 386 939 ροκαρδίαν,
412 873 712 938 διαμέμνηται
738 877 909 940 σαφῶς
940 876 1021 936 τῆς
1047 874 1095 922 ἐν
1121 875 1178 938 τῇ
1203 869 1357 939 ἐρήμῳ
1383 867 1706 935 μοσχοποιΐας,

126 955 205 1004 καί
245 959 368 1021 φησι
409 957 513 1021 περὶ
552 961 634 1006 τοῦ
673 952 927 1023 πανσόφου
973 953 1218 1006 Μωυσέως
1269 960 1294 982 “
1316 950 1471 1004 Οὗτός
1514 951 1644 1000 ἐστιν
1683 949 1747 998 &a

61 1054 108 1078 ¹0
128 1043 153 1065 ‘⁶
177 1035 421 1102 γενόμενος
459 1038 506 1088 ἐν
540 1041 598 1104 τῇ
633 1037 860 1104 ἐκκλησίᾳ
891 1038 938 1086 ἐν
969 1040 1026 1103 τῇ
1061 1034 1215 1103 ἐρήμῳ
1241 1032 1359 1097 μετὰ
1389 1038 1472 1083 τοῦ
1498 1029 1707 1097 ἀγγέλου

126 1125 152 1146 “
178 1124 260 1168 τοῦ
302 1124 563 1173 λαλοῦντος
604 1119 729 1188 αὐτῷ
766 1120 813 1168 ἐν
852 1122 918 1187 τῷ
956 1116 1051 1183 ὄρει
1096 1120 1211 1167 Σινᾶ
1249 1117 1324 1166 καὶ
1362 1119 1455 1166 τῶν
1492 1113 1707 1179 πατέρων

125 1208 152 1228 “
180 1201 324 1264 ἡμῶν,
346 1199 395 1254 ὃς
420 1201 608 1269 ἐδέξατο
635 1199 776 1265 λόγια
803 1199 951 1266 ζῶντα
977 1202 1134 1250 δοῦναι
1159 1199 1282 1262 ἡμῖν,
1300 1195 1337 1266 ᾧ
1357 1198 1439 1247 οὐκ
1465 1195 1708 1260 ἠθέλησαν

125 1289 151 1311 “
178 1282 369 1347 ὑπήκοοι
408 1282 628 1348 γενέσθαι
669 1285 710 1333 οἱ
752 1281 946 1347 πατέρες
986 1283 1136 1345 ἡμῶν,
1179 1282 1288 1330 ἀλλ’
1330 1279 1588 1331 ἀπώσαντο
1630 1279 1705 1327 καὶ

124 1371 151 1394 “
176 1364 492 1434 ἐστράφησαν
541 1366 589 1415 ε’ν
636 1369 736 1418 ταῖς
779 1365 985 1431 καρδίαις
1035 1364 1188 1413 αὐτῶν
1232 1366 1293 1416 εὶς
1342 1361 1598 1428 Αἴγυπτον,
1638 1362 1703 1410 εὶ-

59 1460 105 1498 Ι5
124 1453 151 1476 “
176 1446 342 1500 πάντες
366 1450 433 1515 τῷ
457 1446 645 1513 Ἀαρών
673 1447 888 1510 Ποίησον
913 1447 1022 1511 ἡμῖν
1049 1444 1179 1499 θεοὺς
1218 1444 1260 1495 οἳ
1296 1442 1706 1510 προπορεύσονται

124 1537 150 1559 “
174 1529 320 1592 ἡμῶν·
381 1529 405 1579 ὁ
440 1528 532 1595 γὰρ
573 1531 788 1592 Μωυσῆς
827 1528 973 1589 οὗτος,
1014 1527 1063 1581 ὅς
1101 1526 1332 1596 ἐξήγαγεν
1369 1526 1490 1590 ἡμᾶς
1530 1526 1580 1575 ἐκ
1619 1527 1706 1590 γῆς

124 1619 150 1640 “
178 1610 434 1710 Αἰγύπτου,
480 1612 562 1662 οὐκ
605 1610 794 1674 οἴδαμεν
835 1611 884 1661 τί
923 1609 1115 1675 γέγονεν
1162 1610 1302 1678 αὐτῷ.
1381 1609 1454 1658 καὶ
1501 1609 1705 1673 ἐμοσχο-

123 1694 382 1757 “wolvo-av
426 1694 473 1744 ἐν
517 1697 575 1761 τῇ
622 1692 776 1762 ἐρήμῳ
821 1694 870 1743 ἐν
916 1697 1016 1747 ταῖς
1057 1691 1248 1758 ἡμέραις
1285 1692 1474 1744 ἐκείναις
1513 1691 1587 1740 καὶ
1627 1691 1705 1739 ἀν-

122 1782 150 1804 “
175 1773 356 1840 ήγαγον
420 1776 589 1826 θυσίαν
645 1780 712 1825 τῶ
768 1774 959 1844 εἰδώλῳ,
1012 1778 1086 1825 καὶ
1135 1774 1447 1842 ηὐφραίνοντο
1511 1774 1559 1823 ἐν
1610 1776 1705 1824 τοῖς

57 1870 104 1894 20
124 1862 150 1885 ‘⁶
176 1855 326 1922 ε’ργοις
387 1862 481 1908 τῶν
542 1861 705 1924 χειρῶν
768 1858 934 1908 αὐτῶν.
1023 1856 1227 1924 έστρεψε
1286 1855 1333 1906 δὲ
1383 1856 1407 1905 ὁ
1460 1853 1581 1908 Θεὸς
1630 1877 1705 1905 και

122 1940 439 2004 “παρεδωκεν
489 1938 654 1992 αὐτους
705 1939 944 2004 λατρεύειν
1010 1942 1068 2006 τῇ
1117 1942 1316 2007 στρατιᾷ
1362 1943 1444 1988 τοῦ
1493 1937 1703 2003 οὐρανοῦ,

123 2027 150 2050 “
175 2020 327 2075 καθὼς
368 2022 628 2087 γέγραπται
668 2022 716 2071 ἐν
756 2022 916 2090 βίβλῳ
957 2025 1051 2071 τῶν
1087 2024 1345 2090 προφητῶν
1390 2018 1477 2082 Μὴ
1515 2019 1704 2086 σφάγια

123 2109 149 2132 “
177 2105 251 2153 καὶ
287 2104 453 2156 θυσίας
487 2102 846 2169 προσηνέγκατέ
872 2126 950 2166 μοι
984 2104 1031 2153 ἐν
1069 2107 1126 2171 τῇ
1165 2103 1319 2172 ἐρήμῳ
1344 2101 1704 2166 τεσσαράκοντα

122 2191 151 2213 (ς
185 2184 206 2201 ’l
352 2183 371 2205 ‘3
497 2186 506 2200 ⁹
645 2184 657 2200 N
816 2184 829 2202 Ι
1015 2184 1026 2200 Ι
1248 2186 1262 2203 x
1331 2186 1341 2200 2
1450 2182 1462 2197 f
1656 2181 1668 2198 N

176 2208 269 2249 67'77,
326 2208 447 2239 omos*
514 2188 712 2250 Ισραηλ,
765 2191 891 2251 λΕγΕί
951 2189 1137 2250 Κυρίθς,
1190 2207 1265 2235 Καί
1316 2188 1569 2244 ανΕλαβΕΤΕ
1618 2206 1704 2247 Τηι]

58 2278 75 2302 2
125 2273 151 2296 κ
310 2266 321 2281 x
466 2273 485 2282 Α
666 2266 678 2281 x
845 2269 859 2285 x
955 2266 968 2281 x
1049 2267 1072 2285 ‚s
1327 2271 1348 2281 Α
1495 2270 1514 2279 Α
1585 2266 1596 2280 .
1651 2269 1671 2278 ,

84 2274 105 2313 5
176 2290 356 2331 σκηνην
404 2291 486 2318 του
541 2271 734 2334 Μολοχ,
786 2290 861 2318 και
923 2290 976 2317 το
1038 2290 1217 2333 αστρον
1267 2290 1349 2317 του
1409 2270 1516 2316 θεου
1574 2288 1703 2328 υμων

124 2356 151 2377 “
177 2349 393 2417 “Ραιφάν,
438 2348 544 2402 τοὺς
582 2349 754 2402 τύπους
803 2348 880 2402 οὓς
921 2348 1170 2413 ἐποιήσατε
1205 2352 1488 2414 προσκυνεῖν
1532 2347 1702 2405 αὐτοῖς,

125 2438 151 2460 “
181 2433 255 2481 καὶ
295 2436 507 2494 μετοικιῶ
554 2432 670 2493 ὑμᾶς
712 2431 917 2481 ἐπέκεινα
959 2431 1294 2491 Βαβυλῶνος.”
1354 2429 1484 2494 ἄθρει
1528 2428 1583 2492 δὴ
1624 2429 1705 2479 οὖν

125 2512 193 2563 ὅτι
244 2517 318 2564 καὶ
369 2515 393 2564 ὁ
444 2512 696 2566 θεσπέσιος
749 2511 1000 2580 Στέφανος,
1047 2511 1164 2577 ἀνὴρ
1212 2512 1378 2576 ”Αγιόυ
1430 2511 1703 2574 Πνεύματος

123 2595 322 2661 πλήρης,
356 2595 705 2662 μεμαρτύρηκεν
740 2593 809 2644 ὅτι
845 2593 1285 2661 μεμοσχοποιήκασι
1317 2593 1412 2656 μὲν,
1447 2591 1702 2659 ἐτράποντο

58 2701 106 2736 30
125 2678 172 2729 δὲ
217 2680 291 2728 καὶ
332 2682 393 2732 εἷς
437 2677 490 2729 τὸ
533 2677 771 2743 λατρεύειν
813 2677 870 2743 τῇ
914 2680 1116 2745 στρατιᾷ
1159 2681 1240 2726 τοῦ
1279 2676 1494 2741 οὐρανοῦ·
1548 2675 1746 2737 διαμέ-ὶ)

192 2822 220 2843 1.
247 2808 466 2854 ἠγνόηκενΑ.
486 2807 621 2843 habet’
608 2810 773 2854 ηγνόησεν
798 2808 946 2852 Niceph.
967 2807 1044 2843 Cat.
1063 2808 1098 2842 in
1121 2807 1230 2841 Exod.
1252 2807 1357 2841 xxxii.
1377 2818 1431 2852 31.
1452 2813 1476 2840 t
1495 2819 1515 2841 1
1535 2807 1599 2841 col.
1619 2816 1700 2852 917.

125 2857 231 2902 ἕτεροι
251 2858 292 2890 B.
308 2857 341 2890 b.
361 2857 486 2901 ἕτεροις
503 2856 559 2899 (=
582 2855 708 2900 ἕτεροι)
727 2856 770 2888 A.
789 2854 886 2899 ἕτερα
906 2854 996 2889 Edd.
1265 2866 1298 2898 9.
1328 2853 1425 2888 Haec
1442 2856 1501 2888 τοῦ
1519 2855 1700 2899 πανσόφου

127 2943 280 2965 accessel
285 2936 346 2964 unt
364 2943 404 2964 ex
422 2931 464 2964 A
471 2930 511 2963 B.
690 2940 741 2963 12.
770 2929 844 2972 ὑμῖν
862 2929 904 2962 A.
1077 2940 1129 2973 13.
1155 2930 1245 2972 ὑμῶν
1264 2928 1306 2961 Α.
1476 2939 1539 2972 13-
1543 2927 1597 2962 26.
1624 2927 1700 2965 ἀλλ’

126 2977 360 3012 ἀπώσαντο-ι
367 2976 511 3021 Ραιφὰν]
531 2978 583 3010 καὶ
601 2977 641 3010 τὰ
659 2975 769 3021 ἑξῆς
752 2991 812 3011 εως
831 2975 921 3009 Edd.
1047 2987 1101 3020 23.
1127 2975 1247 3009 θυσίαν
1266 2975 1307 3008 Β.
1430 2975 1483 3008 26.
1501 2974 1640 3021 Ῥαιφᾶν
1657 2975 1700 3009 Α.

127 3026 327 3069 προσκυνεῖν
344 3023 471 3069 αὐτοῖς]
491 3025 620 3059 ἑαυτοῖς
638 3024 680 3057 A.
701 3023 744 3057 Cf.
765 3034 869 3067 supra
887 3023 953 3067 308
973 3033 1002 3055 c.
1185 3033 1238 3066 27.
1265 3020 1323 3056 οὖν
1340 3033 1409 3055 0111.
1431 3022 1471 3056 B.

863 3090 976 3131 3122

1775 962 1855 995 310
1877 962 1926 995 A.

1768 1011 1858 1041 Acba
1870 1012 1925 1042 SS.

1768 1054 1834 1094 Ap.
1854 1056 1909 1086 vii.

1769 1099 1885 1138 38-43·
