2021 3434
288 230 356 271 xvi
864 233 1298 274 PRAEFATIO,

287 353 385 395 mihi
415 354 553 410 aliqua
582 369 634 396 ex
667 354 774 396 Osee
805 360 1002 410 excerpta
1034 355 1204 409 Syriaee
1234 355 1517 411 transcripsit:
1558 356 1623 407 (ea
1649 355 1747 409 Syr.
1776 359 1874 394 nota

285 421 582 476 indicavimus.)

346 490 477 545 Atqui
507 495 635 537 tanta,
657 490 754 530 dum
782 503 958 544 peregre
988 489 1216 538 studebam,
1241 504 1370 545 usque
1394 491 1447 531 ab
1476 490 1662 531 omnibus
1688 488 1874 530 humani-

285 563 373 599 tate
398 563 594 613 exoeptus
619 572 720 604 sum,
743 563 789 598 ut
812 557 988 598 omnium
1019 557 1155 599 omnia
1181 557 1233 599 de
1257 572 1322 598 me
1350 558 1497 600 merita
1522 572 1765 599 enumerare
1793 572 1873 597 non

286 625 449 681 possim.
523 625 573 666 Id
605 631 744 666 tamen
779 625 925 666 nollem
959 625 1092 675 silere,
1127 625 1330 667 Phila-reti
1365 626 1502 681 gratia
1533 625 1873 672 reverendissimi,

285 708 418 748 nuper
450 692 741 734 Muscoviensis
773 693 966 748 Episcopi
997 693 1320 749 Metropolitani,
1347 709 1411 734 me
1436 693 1669 734 Museoviae
1698 691 1874 748 hospitio

285 775 402 801 usum
436 775 523 801 esse
554 760 596 801 in
629 760 856 802 Academia
885 761 1149 818 Theologica‚
1181 776 1256 817 per
1291 762 1452 802 labores
1486 760 1660 816 amplius
1694 775 1874 801 mensem

285 828 567 870 continuatas:
605 829 670 870 vel
696 828 861 884 impigri
887 829 963 870 viri
994 845 1040 871 ae
1071 830 1272 885 praeclari
1302 829 1500 871 beneficia
1529 828 1873 884 praetermittere,

285 897 478 938 Andreae
508 897 750 938 Buchanani
781 897 957 953 Equitis‚
989 898 1060 940 ubi
1093 898 1256 940 Matriti
1287 913 1397 941 anno
1434 897 1542 953 1858
1575 898 1737 953 legatus
1766 901 1875 938 esset

285 965 437 1021 regius.

342 1099 451 1140 Preli
476 1099 719 1141 Oxoniensis
739 1099 952 1156 Delegatis
977 1115 1153 1141 summas
1181 1101 1337 1156 gratias
1363 1100 1510 1150 habeo,
1532 1100 1641 1155 quod
1669 1100 1746 1141 hoc
1773 1115 1874 1156 opus

283 1182 360 1223 pro
381 1182 447 1209 me
467 1168 577 1223 typis
598 1169 902 1224 expresserint3
929 1169 1113 1210 Indicem
1131 1170 1285 1211 Rerum
1304 1175 1485 1225 (praeter
1506 1169 1723 1210 admodum
1746 1184 1876 1225 pauca

283 1251 309 1278 a
330 1251 394 1277 me
414 1236 570 1291 addita)
592 1251 617 1278 a
632 1237 720 1278 viro
740 1237 968 1278 reverendo
989 1238 1030 1278 J.
1048 1238 1096 1278 Ε.
1114 1238 1277 1285 Tweed,
1296 1238 1433 1288 A.M.,
1451 1237 1645 1279 ecelesiae
1668 1238 1872 1280 Stratton-

287 1304 486 1346 Audleiae
508 1304 645 1346 vicarii
671 1310 712 1346 et
732 1305 938 1360 quondam
966 1305 1009 1346 in
1036 1306 1113 1347 hac
1135 1306 1254 1347 Aede
1279 1321 1303 1347 a
1331 1306 1468 1357 sacris,
1490 1306 1651 1361 accepi:
1683 1299 1889 1361 denique,v

283 1373 390 1414 hane
429 1373 558 1428 ipsam
598 1373 900 1414 Praefationem
944 1373 1112 1429 puriore
1148 1374 1387 1425 Latinitate,
1424 1389 1546 1430 quam
1586 1374 1673 1430 ipse
1712 1375 1875 1430 assequi

283 1441 516 1497 potuissem,
551 1442 718 1483 donavit
748 1442 810 1484 vir
843 1442 1095 1484 reverendus
1132 1443 1196 1485 W.
1231 1442 1289 1484 H.
1323 1443 1502 1493 Simeox,
1533 1442 1667 1494 A.B.‚
1701 1442 1875 1500 Collegii

283 1509 471 1565 Reginae
501 1509 643 1551 socius.

343 1646 510 1689 Gratias
530 1645 706 1701 denique
726 1646 781 1686 D.
799 1646 848 1687 O.
868 1647 929 1688 Μ.
953 1647 1149 1689 submisse
1170 1647 1241 1689 sed
1262 1654 1349 1689 toto
1378 1648 1501 1689 corde
1529 1662 1621 1704 ago,
1644 1647 1712 1704 qui
1742 1662 1805 1689 me
1832 1647 1873 1689 in

283 1716 404 1772 liujus
424 1715 545 1757 finem
566 1715 702 1771 operis
722 1715 900 1757 absoluti
921 1716 1145 1758 clementer
1166 1717 1406 1758 servaverit.

683 1893 885 1931 OXONII,

326 1948 391 1979 Die
408 1947 500 1980 Festi
515 1947 547 1979 S.
562 1947 678 1986 Marci,
696 1949 798 1978 Anno
815 1947 938 1979 Christi
955 1956 1218 1981 M.Dccc.val11.
