2021 3434
280 188 365 228 488
686 191 734 231 B.
779 190 1053 231 CYRILLI
1096 191 1473 232 ALEXANDR.
1743 190 1797 230 vi.
1822 188 1859 228 8.

277 296 464 358 Ἰακὼβ,
505 294 570 346 ὧν
612 296 697 358 τὴν
736 298 969 362 ἐπάρατον
1010 297 1297 364 ἀλαζονείαν·
1341 299 1457 368 ὕβριν
1501 298 1593 364 γὰρ
1636 298 1738 352 ε”θος
1777 296 1863 360 τὴν

278 378 540 447 ὑπεροψίαν
584 379 823 445 ὀνομάζειν
864 382 922 448 τῇ
967 381 1068 449 θείᾳ
1111 384 1293 448 γραφῇ·
1348 380 1647 448 μεμισηκέναι
1691 380 1857 448 φησίν.

238 460 305 525 ei}
346 460 439 526 γὰρ
482 461 586 528 οὐχὶ
626 460 680 512 τὸ
722 462 883 529 χρῆμά
925 464 1056 513 ἐστιν
1102 463 1338 529 ὑπεροψία
1376 460 1557 525 λοιπὸν,
1602 462 1656 513 τὸ
1695 484 1860 528 παρω-

276 541 466 593 θεῖσθαί
489 546 611 610 φημι
645 541 699 594 τὸ
735 547 797 597 εἰς
831 543 955 595 Θεὸν
984 544 1146 606 <rex-{az
1173 544 1381 598 εἰδώλοις
1420 544 1468 595 δὲ
1506 544 1751 607 ἀπονέμειν
1777 542 1864 606 τὴν

275 625 403 694 αὐτῷ
433 625 837 690 πρεπωδεστάτην
872 626 942 677 ὅτι
977 625 1191 688 μάλιστα
1220 625 1378 696 δόξαν,
1414 628 1489 678 καὶ
1523 627 1720 691 προσέτι
1757 626 1862 677 τού-
1882 644 1904 681 5

273 733 369 763 τοις
396 709 512 774 μήδε
538 710 711 761 ἐπαΐειν
738 711 901 780 ἀξιοῦν
929 709 995 762 ὧν
1029 710 1087 762 ἀν
1121 712 1275 762 ἕλοιτο
1308 714 1482 776 δηλοῦν
1507 711 1582 762 διὰ
1606 714 1865 779 προφητῶν

275 792 435 857 ἁγίων,
463 791 651 858 ἄθυρμα
686 793 734 844 δὲ
771 791 935 859 ὥσπερ
964 798 1202 845 ποιεῖσθαι
1236 793 1321 858 τὴν
1352 793 1564 858 ἀπειλὴν,
1594 796 1667 844 καὶ
1693 793 1864 856 πλήθει

275 873 541 942 συμμάχων
588 875 1016 942 ε’πιθαρσήσαντας,
1059 878 1298 942 ἀλογῆσαι
1339 880 1583 930 παντελῶς
1627 878 1709 938 τῆς
1753 876 1861 941 παρ’

276 957 419 1007 αὑτοῦ
445 960 631 1024 φειδοῦς
657 960 731 1008 καὶ
757 958 1048 1024 ἐπικουρίας;
1094 956 1208 1019 εἶτα,
1235 963 1335 1012 πῶς
1360 964 1498 1009 τοῦτο
1524 958 1798 1026 ἀμφίβολον
1820 979 1832 1018 ;

52 1053 132 1086 318
152 1052 203 1086 A.
237 1061 259 1086 a
348 1037 601 1103 Ὀμώμοκε
634 1041 790 1090 τοίνυν
828 1039 929 1091 καθ’
960 1042 1125 1103 ἑαυτοῦ,
1152 1043 1317 1107 φησὶν,
1350 1042 1375 1091 ὁ
1409 1044 1504 1091 τῶν
1543 1039 1671 1091 ὅλων
1704 1038 1862 1109 Κύριος.
1887 1063 1935 1089 10

52 1124 140 1207 {⁶1²
159 1124 203 1155 vi.
280 1119 382 1172 καθ’
406 1122 557 1173 ἑαυτοῦ
584 1121 645 1183 δὲ,
677 1122 747 1173 ὅτι
770 1129 796 1152 “
817 1123 913 1174 κατ’
937 1121 1118 1176 οὐδενὸς
1146 1120 1240 1191 εἶχε
1265 1121 1469 1188 μείῷνος
1495 1121 1707 1186 ὀμόσαι.”
1754 1120 1866 1172 τίδὲ

98 1191 105 1198 ’
275 1201 330 1253 τὸ
366 1203 736 1267 ὀμωμοσμένους
777 1204 838 1255 ’ὅτι
878 1201 1196 1273 βδελύσσομαι
1233 1207 1394 1256 πᾶσαν
1432 1203 1502 1264 τὴν
1534 1205 1651 1271 ὕβριν
1677 1202 1864 1266 Ἰάκωβ,

277 1285 379 1348 ἤτοι
442 1285 527 1349 τὴν
576 1287 841 1354 ὑπεροψίαν
888 1292 970 1337 τοῦ
1019 1286 1207 1348 Ἰακὼβ,
1263 1292 1340 1338 καὶ
1394 1285 1586 1340 ἁπάσας
1638 1285 1686 1337 δὲ
1736 1287 1867 1338 αὐτοῦ

276 1369 514 1435 μεμίσηκά
559 1366 644 1422 τας
679 1368 844 1437 χώρας.
907 1369 960 1419 οὐ
1006 1367 1098 1434 γὰρ
1137 1367 1195 1432 ἦν
1238 1371 1286 1419 ἐν
1327 1369 1485 1423 αὐταῖς
1528 1370 1553 1419 ὁ
1597 1373 1691 1419 τῶν
1731 1369 1866 1419 θείων

276 1449 556 1513 θελημάτων
583 1449 900 1516 ἐκπληρωτής·
940 1451 1022 1501 οὐκ
1053 1450 1110 1515 ἦν
1145 1452 1169 1501 ὁ
1205 1450 1258 1501 τὸ
1290 1450 1438 1510 σέβας
1473 1449 1694 1501 ἀνάπτων
1727 1451 1864 1520 αὐτῷ,
1888 1468 1934 1506 15

275 1532 350 1581 καὶ
388 1536 483 1584 τοῖς
523 1535 586 1585 εἷς
625 1532 926 1596 δικαιοσύνην
961 1531 1203 1600 αὐχήμασι
1238 1532 1518 1599 διαπρέπων.
1583 1534 1638 1583 οὐ
1675 1531 1769 1598 γὰρ
1808 1531 1866 1584 ἂν

275 1613 564 1682 ἀπεστράφη
600 1612 735 1676 Θεὸς,
775 1615 901 1680 ε’ίπερ
939 1614 1057 1668 τινὲς
1094 1613 1233 1678 ἦσαν,
1274 1614 1361 1666 κᾶν
1399 1621 1514 1681 γοῦν
1553 1615 1863 1680 εὐαρίθμητοι,

274 1696 383 1762 παρ’
425 1696 592 1759 αὐτοῖς,
635 1695 703 1749 οἷς
741 1694 799 1760 ἧν
832 1698 880 1747 ἐν
919 1696 1051 1766 λόγῳ
1092 1696 1145 1748 τὸ
1189 1696 1400 1748 ἁνδάνειν
1437 1698 1576 1766 αὐτῷ.
1643 1699 1718 1747 καὶ
1751 1703 1866 1761 γοῦν

54 1789 150 1821 Hier.
166 1800 196 1821 v.
228 1777 368 1844 1)ε”φη
429 1777 505 1829 διὰ
563 1781 724 1846 φωνῆς
773 1780 995 1845 Ἱερεμίου
1059 1786 1085 1809 “
1113 1779 1428 1846 Περιδράμετε
1480 1781 1528 1830 ἐν
1588 1784 1688 1834 ταῖς
1744 1780 1866 1833 ὁδοῖς

57 1843 83 1865 Ῑ’
277 1868 304 1890 “
330 1860 661 1926 Ἰερουσαλὴμ,
704 1863 779 1912 καὶ
830 1861 947 1912 ’ίδετε
992 1864 1068 1912 καὶ
1119 1860 1350 1927 ζητήσατε
1391 1863 1439 1913 ἐν
1483 1866 1583 1915 ταῖς
1622 1862 1865 1915 πλατείαις
1886 1893 1935 1917 20

277 1949 305 1972 ‘⁴
332 1944 490 2007 αὐτῆς,
518 1941 598 1993 ἐὰν
623 1944 784 2009 εὕρητε
809 1944 969 2010 ἄνδρα,
996 1948 1033 1995 εἰ
1068 1944 1170 1995 ἔστι
1205 1948 1353 1995 ποιῶν
1388 1948 1530 2007 κρῖμα
1563 1946 1637 1994 καὶ
1667 1945 1865 2010 ἀγαπῶν

277 2032 304 2054 “
330 2025 507 2087 πίστιν,
535 2027 610 2075 καὶ
644 2025 783 2079 ἵλεως
818 2026 986 2089 ε”σομαι
1024 2027 1152 2094 αὐτῇ,
1187 2026 1313 2092 λε’γει
1349 2024 1565 2093 Κύριος.”
1629 2027 1784 2091 ἐπειδὴ
1816 2025 1865 2077 δὲ

279 2112 363 2157 τοῦ
402 2106 580 2168 Ἰακὼβ
621 2110 668 2158 αἱ
711 2107 852 2177 χῶραι
895 2106 1151 2174 γεγόνασιν
1194 2110 1242 2159 ἐν
1281 2109 1427 2177 ἐνδείᾳ
1465 2107 1640 2162 παντὸς
1683 2110 1864 2174 ἀγαθοῦ

277 2191 353 2239 καὶ
398 2192 648 2258 θεοφιλοῦς
696 2189 877 2256 ἀνδρὸς,
921 2190 1138 2259 ταύτῃτοι
1187 2191 1396 2242 δέδονται
1445 2190 1563 2257 πρὸς
1613 2190 1863 2257 ἐρήμωσιν,

277 2273 353 2322 καὶ
396 2273 514 2335 ὁμοῦ
563 2277 658 2326 τοῖς
710 2274 967 2324 ἐνοικοῦσιν
1018 2273 1333 2325 ἀπολώλασιν
1374 2277 1419 2324 αἱ
1463 2274 1636 2327 πόλεις.
1700 2272 1862 2337 πολλὴ
1884 2303 1933 2341 25

277 2359 526 2419 τοιγαροῦν
569 2358 664 2405 τῶν
705 2355 852 2420 ἁγίων
893 2356 919 2419 ἡ
971 2356 1115 2423 χρεία·
1174 2355 1381 2421 σώζουσι
1429 2354 1522 2422 γὰρ
1567 2354 1741 2418 πόλεις,
1788 2357 1864 2406 καὶ

279 2436 644 2488 ἀπαλλάττουσι
682 2436 838 2504 χώρας
873 2443 1127 2507 συμφορᾶς
1170 2437 1501 2504 ἐπηρτημένης,
1541 2442 1598 2506 τῇ
1638 2443 1721 2489 τοῦ
1757 2439 1864 2499 βίου

240 2536 261 2562 c
281 2517 556 2586 φαιδρότητι
595 2519 996 2585 παρεγκόπτοντες
1041 2522 1114 2571 ἐπὶ
1156 2519 1210 2571 τὸ
1252 2519 1464 2588 ῥᾴθυμον
1508 2521 1656 2571 καίτοι
1705 2519 1864 2586 ζέοντα

330 2678 359 2700 1.
387 2667 431 2700 ὧν
447 2666 506 2710 τὴν
523 2678 592 2701 om.
612 2668 655 2701 A.
902 2680 935 2713 3.
962 2669 1153 2714 ὑπεροψίας
1171 2668 1262 2704 Edd.
1312 2669 1534 2714 παρωθῆσθαι
1552 2669 1611 2704 iid.
1630 2676 1709 2704 ante
1727 2671 1861 2715 Migne.

281 2712 313 2746 6.
339 2713 382 2757 μὴ
402 2726 465 2758 pro
482 2714 565 2756 μηδὲ
587 2714 626 2747 Β,
679 2713 802 2748 Statim
822 2715 967 2750 ε’παῖέναι
985 2715 1073 2760 (Sic)
1092 2717 1135 2750 A.
1528 2728 1581 2750 ΙΙ.
1606 2718 1740 2760 μείζονα
1758 2717 1850 2752 Edd.

285 2770 337 2803 13.
367 2760 462 2794 Haec
488 2763 547 2793 τοῦ
571 2759 694 2800 Ἰακὼβ
719 2768 899 2807 assumpta
924 2775 966 2796 ex
990 2763 1082 2797 AB.
1150 2762 1275 2797 Statim
1300 2764 1353 2797 καὶ
1378 2762 1514 2798 ἁπάσας
1539 2764 1575 2797 δὲ
1600 2764 1701 2798 αὐτοῦ
1726 2776 1796 2799 om.
1815 2764 1860 2797 A.

281 2807 388 2840 αὐτῶν
406 2819 467 2850 pro
484 2808 586 2841 αὐτοῦ
606 2807 696 2841 Edd.
1040 2821 1092 2851 14.
1121 2810 1218 2844 Haec
1236 2810 1270 2843 ἐν
1286 2810 1400 2845 αὐταῖς
1420 2809 1548 2856 [αὐτοῖς
1566 2810 1628 2856 Α.]
1648 2812 1666 2845 ὁ
1682 2815 1748 2845 τῶν
1764 2811 1861 2844 θείων

281 2852 476 2896 θελημάτων
493 2854 709 2899 ἐκπληρωτὴς
729 2854 951 2900 [θεραπευτής
967 2855 1028 2901 Α.]
1049 2857 1108 2890 οὐκ
1125 2855 1164 2899 ἧν
1181 2863 1400 2891 accesserunt
1417 2869 1457 2890 ex
1476 2857 1568 2891 A.B.
1723 2857 1776 2891 18.
1801 2856 1859 2890 ἁν-

281 2899 380 2931 δάνον
398 2899 488 2933 Edd.
856 2914 909 2948 19.
935 2904 1025 2948 φησὶ
1043 2915 1103 2947 pro
1122 2903 1187 2947 ἔφη
1205 2903 1264 2937 iid.
1643 2914 1697 2938 21.
1722 2903 1860 2948 ἀγαπῶν

281 2943 410 2978 habent
429 2946 518 2980 A.B.
852 2961 907 2984 22.
933 2951 1015 2994 αὐτῇ
1035 2951 1076 2983 A.
1098 2949 1224 2994 (XII.)
1242 2950 1352 2985 αὐτοῖς
1372 2950 1412 2984 Β.
1433 2949 1523 2985 Edd.
1543 2950 1655 2995 (ΑΝ.
1675 2950 1746 2985 XII
1766 2949 1859 2994 mg.)

284 2990 338 3023 26.
365 2993 458 3035 χώρα
476 3005 538 3036 pro
555 2994 652 3038 χρεία
672 2995 759 3039 (sic)
779 2997 820 3030 A.
