2021 3434
142 168 329 225 vii.7—9.
596 172 670 213 IN
710 172 907 214 AMOS.
967 172 1121 214 TOM.
1164 171 1250 212 III.
1631 169 1709 209 501

140 290 313 356 ἑτέραις
354 293 487 346 ὕλαις
537 292 689 347 διδοὺς
737 293 791 345 τὸ
836 297 1085 344 καταθλεῖν
1125 291 1355 343 δύνασθαι
1393 292 1475 354 τῆς
1518 288 1713 351 ἐνούσης

140 371 307 440 ἰσχύος
333 375 471 444 αὐτῷ,
494 374 618 442 τάχα
652 375 706 425 δέ
734 399 825 426 που
860 377 934 426 καὶ
967 378 1049 439 τῆς
1074 379 1156 425 τοῦ
1179 371 1325 439 πυρὸς
1351 373 1498 436 ἀκμῆς
1523 373 1714 435 ἀλογεῖν

139 455 410 518 εἰθισμένος.
464 457 618 521 ἐπειδὴ
645 456 693 508 δὲ
718 455 776 521 ἦν
796 459 821 508 ὁ
848 458 920 508 ἐπὶ
947 463 1029 508 τοῦ
1054 458 1221 519 τείχους
1248 453 1441 514 ἑστηκὼς
1466 448 1714 520 ἀδάμαντα

140 534 298 603 φέρων
342 538 380 589 ἐν
421 545 546 609 χειρὶ,
586 538 909 590 διεπυνθάνετο
951 545 1034 590 τοῦ
1079 535 1338 605 Προφήτου
1375 535 1529 601 λέγων
1566 534 1624 585 Τί
1660 531 1712 583 σῖ)

98 633 120 671 5
141 623 255 689 ὁρᾷς,
291 619 441 687 Ἀμώς
460 647 470 681 3
512 626 596 672 τοῦ
630 620 678 671 δὲ
715 621 947 683 συνέντος,
987 623 1060 672 καὶ
1100 619 1214 685 ὅπερ
1251 617 1308 683 ἧν
1345 617 1581 682 λέγοντος·
1621 614 1758 682 ἔφηᾶ

139 698 232 766 γὰρ
257 698 540 769 Ἀδάμαντα·
579 707 743 753 τοῦτον
769 701 963 771 ἐπάξειν
996 707 1054 757 εἷς
1085 701 1216 769 μέσον
1243 704 1325 750 τοῦ
1350 696 1529 767 Ἰσραὴλ
1560 700 1710 756 διεβε-

139 787 332 843 βαιοῦτο
374 787 560 851 σαφῶς.
627 781 874 852 ἀδάμαντα
919 783 966 834 δὲ
1007 781 1202 847 νοήσεις,
1242 779 1271 845 ἢ
1313 778 1396 831 τὸν
1434 777 1714 843 Ἀσσύριον,

141 866 204 918 ὡς
245 867 321 915 καὶ
361 867 515 930 ἀπηνῆ
553 888 603 916 τε
642 868 716 916 καὶ
754 865 1037 931 ἄθραυστον,
1073 866 1147 915 καὶ
1184 867 1247 916 εἰς
1284 867 1421 913 τοῦτο
1458 858 1719 922 τεθειμένον

140 945 269 1013 παρὰ
304 950 445 998 Θεοῦ·
499 949 698 1011 δυναμοῖ
725 946 818 1012 γὰρ
856 948 880 997 ὁ
925 951 1019 997 τῶν
1058 944 1295 1007 δυνάμεων
1335 942 1509 1008 Κύριος
1547 940 1624 995 οὓς
1664 939 1721 990 ἂν

75 1049 123 1073 10
143 1026 299 1079 ἕλοιτο
339 1028 495 1096 τυχόν·
552 1028 697 1095 ἤγουν
738 1028 820 1079 τὸν
861 1026 1130 1094 ἄθραυστόν
1169 1049 1218 1077 τε
1262 1027 1337 1076 καὶ
1379 1025 1600 1086 παναλκῆ
1639 1027 1721 1072 τοῦ

1376 1106 1398 1124 ,Ι
1555 1105 1578 1122 ³!

143 1113 267 1161 Θεοῦ
294 1109 466 1176 Λόγον,
492 1109 545 1162 ὃν
576 1111 658 1162 οὐκ
692 1111 822 1162 ἔστιν
857 1108 1162 1177 ἀποστρέψαι
1194 1106 1338 1169 κενὸν,
1363 1129 1509 1171 ηγουν
1543 1127 1723 1171 απρακ-

144 1214 225 1243 τον
261 1194 517 1260 ἀποφῆναι·
560 1196 797 1259 δραμεῖται
841 1191 935 1258 γὰρ
971 1190 1158 1245 πάντως
1196 1193 1258 1243 εἰς
1294 1188 1438 1255 πέρας
1472 1185 1761 1253 ἀντιπράτ-θ

143 1296 304 1328 τοντος
355 1273 551 1337 οὐδενὸς,
603 1274 716 1341 ὅπερ
765 1274 822 1325 ἂν
873 1273 1137 1344 φθέγξηται
1187 1270 1324 1325 Θεός.
1406 1272 1527 1321 οὕτω
1579 1271 1653 1320 καὶ
1697 1269 1721 1318 ὁ

148 1354 321 1422 Κύριος
349 1356 480 1420 ἡμῶν
510 1355 696 1422 Ἰησοῦς
727 1358 752 1408 ὃ
783 1356 995 1422 Χριστός
1030 1363 1057 1386 “
1076 1356 1138 1407 ‘O
1171 1352 1380 1421 οὐρανὸς,
1412 1353 1549 1422 φησὶ,
1589 1354 1663 1402 καὶ
1693 1351 1721 1415 ἡ

78 1453 124 1492 15
146 1444 172 1467 “
197 1440 258 1504 ’γῆ
299 1438 653 1504 παρελεύσεται,
696 1442 738 1490 οἱ
781 1438 829 1490 δὲ
869 1436 1006 1504 λόγοι
1047 1460 1136 1501 μου
1174 1438 1227 1488 οὐ
1267 1434 1332 1500 μὴ
1370 1433 1719 1501 παρέλθωσιν.”

144 1520 236 1588 ἔφη
274 1520 322 1571 δὲ
357 1522 420 1574 ὡς
452 1521 536 1571 οὐκ
566 1519 624 1571 ἂν
656 1520 865 1590 παρέλθοι
903 1520 984 1571 τὸν
1008 1518 1222 1586 Ἰσραὴλ,
1254 1517 1508 1579 τουτέστιν,
1542 1514 1723 1579 αἰτήσει

144 1603 274 1656 δίκας
315 1607 410 1653 τῶν
449 1603 650 1657 ἀνοσίως
690 1605 815 1671 αὐτῷ
855 1601 1337 1667 πεπλημμελημένων·
1383 1601 1458 1650 καὶ
1502 1597 1716 1666 ἀνεξικα-

145 1682 280 1748 κήσει
329 1683 413 1747 μὲν
461 1684 623 1747 οὐκέτι,
674 1683 947 1751 παραδώσει
997 1683 1045 1734 δὲ
1095 1681 1263 1734 λοιπὸν
1313 1686 1408 1735 τοῖς
1459 1681 1526 1731 ἐπ’
1580 1678 1722 1730 αὐτὸν

146 1765 454 1830 κεκλημένοις,
494 1767 610 1830 ὁμοῦ
652 1766 860 1830 τεμένεσι
901 1768 975 1817 καὶ
1017 1770 1193 1828 βωμοῖς
1244 1766 1317 1815 καὶ
1359 1767 1454 1816 τοῖς
1499 1762 1720 1815 εἰδώλοις.

77 1870 128 1895 20
148 1846 519 1917 σἰφανισθήσονται
567 1848 659 1915 γάρ
706 1857 855 1916 φησιν
904 1854 938 1900 οἱ
987 1850 1131 1915 βωμοὶ
1183 1848 1254 1898 τοῦ
1297 1844 1506 1912 γέλωτος.
1574 1843 1723 1910 γέλως

146 1931 230 1996 μὲν
264 1933 345 1983 οὖν
383 1934 571 1997 άληθῶς
607 1933 636 1997 ἡ
670 1931 845 1986 παντὸς
879 1932 1074 1983 εἰδώλου
1110 1932 1313 1996 ποίησις·
1367 1929 1535 1995 πρέποι
1573 1929 1615 1979 δ’
1651 1926 1721 1991 ἄν,

1782 1349 1944 1400 S.Matth.

1782 1404 1870 1425 xnv.
1887 1402 1939 1434 35.

146 2013 285 2078 οἶμαι,
312 2015 478 2081 κυρίως
512 2038 560 2065 τε
593 2017 667 2066 καὶ
701 2018 853 2069 ἰδικῶς
875 2014 1059 2081 ’γέλωτα
1084 2018 1291 2064 νοεῖσθαι
1314 2010 1396 2064 τὸν
1423 2009 1720 2079 Βεελφεγὼρ,
1738 2034 1759 2058 a
1785 2020 1869 2058 326
1885 2023 1940 2056 A.

147 2096 293 2148 διάτοι
333 2098 408 2147 καὶ
451 2095 563 2147 αὐτὸ
603 2096 657 2148 τὸ
696 2103 779 2148 τοῦ
829 2096 1073 2164 σχήματος
1122 2095 1342 2148 άκαλλές.
1417 2093 1624 2158 διασύρει
1675 2091 1722 2143 δὲ

149 2176 344 2230 ἅπασαν
375 2177 461 2242 τὴν
498 2180 868 2243 εἰδωλοποίησιν,
897 2181 959 2231 ὡς
989 2178 1044 2247 ἐξ
1072 2177 1171 2231 ἑνὸς
1202 2176 1258 2241 δὴ
1290 2175 1456 2227 τούτου
1490 2180 1572 2226 τοῦ
1604 2173 1722 2225 πάν-

80 2275 128 2313 25
149 2283 242 2312 των
286 2262 538 2328 αἰσχίονος.
611 2261 775 2311 οὐκοῦν
825 2258 1314 2323 κατασπασθήσονται
1364 2256 1447 2321 μὲν
1496 2263 1528 2308 οἱ
1575 2258 1727 2325 βωμοί

150 2347 287 2411 φησι,
319 2342 754 2411 συνεξαρθήσονται
788 2341 835 2393 δὲ
873 2349 949 2394 καὶ
986 2349 1033 2393 αἱ
1068 2347 1243 2393 τελεταὶ
1284 2342 1354 2392 τοῦ
1387 2338 1581 2411 Ἰσ-ραῆλ,
1618 2362 1723 2391 του-

150 2425 293 2487 τέστι,
335 2423 394 2475 τὰ
444 2428 526 2489 τῆς
576 2425 958 2491 εἰδωλολατρείας
1009 2423 1267 2490 ἀθύρματα,
1315 2421 1505 2486 βέβηλά
1550 2444 1600 2472 τε
1649 2423 1724 2472 καὶ

150 2507 359 2574 βδελυρὰ
401 2506 652 2573 μυστήρια.
717 2505 787 2557 ὅτι
831 2504 878 2558 δὲ
926 2511 1020 2560 τοῖς
1066 2506 1192 2559 ἰδίοις
1236 2509 1354 2558 θεοῖς
1394 2502 1724 2571 συνοιχήσεται

201 2703 231 2727 1.
255 2707 292 2727 τε
309 2704 370 2737 pro
387 2693 426 2727 τὸ
444 2693 488 2727 Α.
815 2701 848 2734 5.
879 2689 1048 2726 συνιέντος
1065 2689 1156 2724 Edd.
1484 2697 1515 2733 7.
1542 2689 1662 2732 σοφῶς
1680 2688 1724 2722 Α.

152 2740 185 2774 8.
213 2740 265 2773 καὶ
283 2740 435 2784 primum
452 2745 672 2783 assumptum
691 2750 732 2772 ex
750 2737 784 2772 b.
940 2749 992 2772 12.
1017 2738 1147 2772 πάντως
1166 2742 1245 2781 post
1260 2735 1364 2780 πέρας
1379 2741 1422 2769 tr.
1442 2735 1533 2769 Edd.
1552 2735 1661 2768 invito
1678 2735 1722 2768 A.

156 2798 209 2831 13.
234 2786 422 2831 φθέγξοιτο
440 2786 532 2820 Edd.
865 2796 916 2827 14.
950 2784 1044 2818 Haec
1062 2783 1153 2828 ἡμῶν
1167 2783 1300 2826 Ἰησοῦς
1317 2784 1335 2816 ὁ
1355 2781 1390 2827 [ὁ
1407 2794 1476 2816 om.
1495 2781 1556 2827 A.]
1577 2783 1725 2826 Χριστός

153 2840 373 2868 accesserunt
391 2845 432 2867 ex
450 2832 541 2867 AB.
591 2832 644 2866 καὶ
661 2831 678 2875 ἡ
696 2832 738 2876 γῆ
757 2843 826 2865 om.
847 2831 888 2865 B.
1050 2841 1103 2873 15.
1126 2830 1169 2873 μὴ
1187 2841 1256 2864 om.
1275 2830 1319 2862 A.
1511 2828 1563 2862 16.
1581 2829 1624 2863 ὡς
1642 2828 1723 2862 A.b.

153 2879 205 2914 ὅτι
223 2879 315 2913 Edd.
554 2888 606 2924 17.
635 2879 780 2913 ἀνοσίων
795 2877 853 2912 iid.
1089 2888 1143 2911 21.
1173 2876 1298 2920 ἀληθὴς
1314 2875 1372 2910 iid.
1608 2886 1663 2920 23.
1689 2875 1725 2908 δέ

154 2938 224 2960 orn.
241 2927 285 2960 A.
504 2937 558 2969 24.
586 2925 726 2959 εἰδώλου
742 2927 880 2969 ποίησιν
896 2925 939 2959 Α.
989 2923 1049 2970 ὡς]
1073 2928 1108 2965 -ἦ-
1130 2924 1183 2958 καὶ
1200 2924 1244 2957 Α.
1458 2921 1511 2956 26.
1541 2922 1619 2956 Hoc
1636 2923 1725 2967 φησι

155 2980 376 3018 assumptum
394 2985 434 3007 ex
454 2973 495 3007 B.
545 2972 926 3018 συνεξαρπασθήσονται
945 2971 988 3005 A.
1179 2971 1232 3004 28.
1260 2968 1510 3015 συνηχθὴσεται
1527 2969 1570 3002 A.
