2021 3434
299 184 381 223 372
686 182 736 221 Β.
781 180 1055 221 CYRILLI
1097 180 1473 220 ALEXANDR.
1778 178 1801 219 i.
1830 190 1864 217 1.

299 299 436 344 τοῦτο
467 292 742 357 δεδρακότας
771 292 1042 358 εὑρήσομεν·
1085 291 1180 342 οἷον
1213 292 1548 352 βασιλεύοντος
1572 289 1763 357 Ἀχαὰβ
1785 293 1868 352 τῆς

84 474 101 502 3
119 463 200 502 Reg.

82 507 147 536 xxi.
172 515 197 536 Ι.

302 375 562 440 Σαμαρείας
607 376 681 425 καὶ
724 377 796 425 ἐπὶ
837 374 918 425 τὸν
961 373 1176 438 Ἰσραήλ.
1244 374 1502 440 γέγραπται
1546 371 1593 423 δὲ
1635 373 1781 425 οὕτως
1822 372 1869 421 ἐν

300 459 357 524 τῇ
408 456 538 524 τρίτῃ
588 461 681 506 τῶν
731 460 986 517 βασιλειῶν
1037 463 1063 485 ‘⁶
1082 458 1175 506 Καὶ
1221 456 1533 521 συνήθροισεν
1588 453 1681 506 υἱὸς
1721 451 1871 517 ”Αδερ

83 556 169 589 250
185 554 235 588 Α.
263 546 328 586 ειεί
354 543 515 589 πᾶσαν
551 537 636 602 τὴν
675 538 867 601 δύναμιν
898 539 1051 600 αὐτοῦ,
1078 540 1153 588 καὶ
1188 538 1331 602 ἀνέβη
1358 539 1433 588 καὶ
1455 535 1777 603 περιεκάθισεν
1809 539 1871 588 εἰς

83 1304 103 1333 4
119 1293 202 1333 Reg.

82 1337 135 1367 xii.
149 1337 250 1376 1218.

301 627 329 649 “
356 619 636 685 Σαμάρειαν,
691 622 765 670 καὶ
825 619 1154 685 τριακονταδύο
1201 624 1417 680 βασιλεῖς
1468 620 1562 681 μετ’
1608 619 1749 668 αὐτοῦ
1797 619 1913 670 καὶὸ

302 710 328 732 “
353 707 444 756 πᾶς
494 703 637 757 ἵππος
685 704 761 753 καὶ
811 700 948 768 ἅρμα·
1000 703 1075 752 καὶ
1127 702 1368 765 ἀνέβησαν
1418 703 1491 751 καὶ
1543 699 1873 766 περιεκάθισαν

301 791 328 812 “
353 786 426 835 ἐπὶ
467 783 732 850 Σαμάρειαν
770 786 844 834 καὶ
882 784 1184 848 ἐπολέμησαν
1221 784 1288 834 ἐπ’
1318 781 1506 846 αὐτήν.”
1542 781 1671 847 ἄθρει
1703 779 1758 844 δὴ
1793 781 1874 830 οὖν

302 866 371 917 ὅτι
414 865 749 920 συνασπιστάς
793 867 986 917 ἐποιεῖτο
1031 865 1147 916 κατὰ
1191 871 1273 916 τοῦ
1307 863 1507 930 Ἰσραὴλ
1545 865 1570 914 ὁ
1609 869 1875 927 Δαμασκοῦ

303 947 546 1009 βασιλεὺς,
600 948 842 999 τουτέστιν
893 947 1114 1013 ὁ”Αδερ,
1165 946 1344 1012 ἑτέρους
1395 946 1727 1012 τριακονταδύο
1782 949 1876 996 τῶν

300 1030 567 1096 προσοίκων
622 1032 767 1081 ἐθνῶν
820 1030 1113 1095 ἡγουμένους,
1161 1028 1462 1092 πεπολέμηκέ
1514 1051 1561 1078 τε
1617 1029 1735 1078 οὕτω
1791 1027 1876 1090 τὴν
1899 1048 1945 1073 10

302 1116 405 1178 γῆν.
474 1111 604 1163 ἀλλὰ
645 1116 720 1162 καὶ
759 1114 807 1162 ἐν
848 1112 1031 1178 χρόνοις
1072 1110 1203 1164 Ἰωάς
1241 1109 1478 1171 βασιλέως
1521 1109 1674 1160 Ἰούδα
1722 1132 1870 1160 πεπο-

302 1195 472 1258 λέμηκε
515 1194 599 1258 τὴν
641 1193 955 1261 Ἰερουσαλὴμ
994 1193 1175 1260 Ἀζαὴλ
1217 1194 1242 1244 ὁ
1285 1193 1447 1258 Σύρος,
1518 1193 1779 1258 γέγραπται
1829 1189 1877 1242 δὲ

302 1276 448 1327 πάλιν
483 1279 530 1327 ἐν
569 1280 626 1341 τῆ
667 1299 864 1344 τεταρτῃ
901 1280 995 1326 τῶν
1029 1275 1288 1336 βασιλείων
1315 1282 1343 1304 “
1362 1274 1482 1326 Τότε
1521 1275 1665 1339 ἀνέβη
1697 1273 1878 1340 Ἀζαὴλ

304 1366 330 1388 “
355 1358 583 1420 βασιλεὺς
629 1358 798 1425 Συρίας
843 1359 918 1408 καὶ
956 1357 1248 1421 ἐπολέμησεν
1289 1358 1362 1408 ἐπὶ
1405 1356 1510 1419 Γὲθ,
1548 1359 1622 1407 καὶ
1664 1379 1872 1423 προκατ-

303 1447 329 1468 ‘c
429 1440 441 1454 Ι
645 1441 654 1455 2
703 1440 713 1454 Ι
891 1442 904 1457 x
966 1439 988 1456 ,Ι
1161 1440 1172 1455 2
1289 1436 1301 1453 Χ
1419 1438 1431 1452 Χ
1570 1438 1580 1453 Ι
1841 1439 1851 1453 ’

355 1445 552 1500 ελαβετο
602 1463 759 1504 αυτην.
832 1463 906 1490 και
959 1439 1119 1508 εταξεν
1178 1439 1342 1506 Αζαηλ
1387 1462 1439 1489 το
1488 1461 1748 1505 προσωπον
1797 1461 1879 1491 αυ-,
1900 1457 1946 1496 15

303 1529 330 1551 ς(
417 1528 436 1537 Α
489 1524 499 1538 5
606 1525 625 1534 Α
758 1524 767 1538 3
803 1524 816 1539 X
851 1522 861 1536 ἓ
1114 1521 1125 1537 l
1308 1523 1321 1539 X
1373 1520 1392 1536 'l
1570 1521 1580 1536 2
1659 1519 1672 1536 Χ

355 1545 437 1573 του
474 1528 703 1586 αναβηναι
746 1545 817 1573 επι
868 1525 1180 1588 Ιερουσαλημ.
1249 1545 1323 1572 και
1363 1525 1533 1582 ελαβεν
1587 1524 1701 1574 Ιωας
1736 1525 1879 1582 βασι-

303 1612 329 1633 “
356 1603 463 1657 λεὺς
504 1605 658 1655 Ἰούδα
697 1604 852 1656 πάντα
893 1603 951 1654 τὰ
997 1601 1107 1669 ἅγια
1147 1602 1241 1654 ὅσα
1282 1603 1474 1669 ἡγίασεν
1513 1601 1760 1670 Ἰωσαφὰτ
1804 1604 1879 1653 καὶ

304 1695 329 1716 “
356 1686 529 1751 Ἰωρὰμ
579 1689 654 1738 καὶ
697 1686 936 1753 (Οχοζιάς,
989 1689 1030 1736 οἱ
1079 1686 1272 1751 πατέρες
1329 1686 1470 1735 αὑτοῦ
1527 1688 1601 1734 καὶ
1663 1689 1880 1746 βασιλεῖς

303 1776 331 1798 “
357 1768 523 1832 Ἰούδα,
563 1771 637 1820 καὶ
671 1768 731 1819 τὰ
775 1765 885 1834 ἅγια
923 1769 1064 1819 αὐτοῦ
1104 1770 1177 1819 καὶ
1211 1772 1306 1818 πᾶν
1344 1766 1397 1817 τὸ
1436 1768 1632 1834 χρυσίον
1665 1765 1718 1816 τὸ
1748 1767 1874 1832 εὑρε-

305 1860 331 1881 “
358 1852 434 1903 θεν
473 1855 520 1902 ἐν
559 1855 812 1917 θησαυροῖς
856 1850 980 1901 οἴκου
1024 1852 1199 1916 Κυρίου
1238 1852 1312 1900 καὶ
1354 1849 1478 1900 οἴκου
1517 1855 1598 1899 τοῦ
1640 1848 1880 1908 βασίλεως
1900 1873 1949 1897 20

305 1943 331 1964 ‘⁶
355 1935 429 1985 καὶ
468 1934 718 1984 ἀπέστειλε
752 1936 818 2002 τῷ
842 1931 1023 1997 Ἀζαὴλ
1056 1937 1255 1994 βασιλεῖ
1289 1932 1472 1998 Συρίας,
1499 1933 1572 1981 καὶ
1612 1931 1755 1995 ἀνέβη
1787 1929 1881 1982 ἀπὸ

307 2024 334 2045 “
359 2014 717 2083 Ἱερουσαλήμ,”
783 2015 927 2079 ἔδρων
960 2013 1042 2078 μὲν
1074 2013 1166 2081 γὰρ
1199 2013 1259 2064 τὰ
1292 2013 1444 2064 τοιάδε
1483 2011 1601 2064 κατὰ
1640 2017 1766 2063 θεῖαν
1804 2014 1882 2080 ὀρ-

305 2101 407 2164 γὴν,
446 2096 874 2164 προσκεκρουκότος
918 2102 1000 2147 τοῦ
1042 2096 1257 2162 Ἰσραὴλ,
1302 2096 1377 2147 διά
1424 2119 1493 2146 τοι
1532 2094 1586 2146 τὸ
1626 2099 1882 2147 ἀπονεῦσαι

306 2183 414 2231 λίαν
448 2183 522 2231 καὶ
562 2183 882 2244 ἀνεπτοῆσθαι
914 2181 1069 2232 δεινῶς
1100 2183 1161 2232 εἷς
1192 2179 1275 2232 τὰς
1300 2183 1394 2229 τῶν
1420 2178 1626 2231 εἰδώλων
1651 2179 1880 2245 λατρείας.

305 2264 434 2327 πλὴν
477 2268 688 2316 νικῶντες
727 2265 769 2312 οἱ
807 2261 1078 2330 ἀλλόφυλοι
1118 2266 1175 2328 τῇ
1212 2267 1295 2312 τοῦ
1334 2264 1458 2312 Θεοῦ
1497 2262 1612 2330 δόξῃ
1649 2260 1880 2324 διελυμαί-
1902 2280 1949 2319 25

308 2369 458 2397 νοντο.
526 2343 673 2415 ᾤοντο
705 2344 798 2411 γὰρ
833 2343 950 2395 κατὰ
983 2347 1113 2412 σφᾶς
1141 2347 1182 2394 οἱ
1213 2344 1416 2406 δείλαιοι,
1443 2342 1527 2408 τὴν
1553 2343 1883 2408 ἐπαμύνουσαν

355 2542 387 2565 2.
413 2530 449 2564 δέ
467 2535 690 2574 assumptum
707 2540 748 2562 ex
766 2528 856 2562 A.B.
1015 2540 1047 2570 4.
1074 2528 1120 2562 εἷς
1138 2534 1358 2572 assumptum
1377 2539 1417 2561 ex
1436 2527 1478 2562 B.
1631 2538 1664 2570 5.
1690 2541 1882 2573 τριακοντα-

307 2577 367 2611 δύο
386 2577 428 2611 A.
447 2578 622 2622 τριάκοντα
639 2576 692 2610 καὶ
709 2576 739 2609 ὃ.
760 2574 849 2609 Edd.
1128 2584 1207 2619 5-7.
1234 2575 1286 2608 καὶ
1303 2573 1517 2618 πᾶς-αὐτήν
1533 2577 1715 2619 assumpta
1731 2586 1772 2608 ex
1791 2574 1882 2608 A.B.

310 2634 341 2668 7.
367 2624 421 2658 ἐπὶ
439 2631 472 2657 et
489 2623 539 2658 ἐπ’
558 2635 627 2657 om.
647 2623 690 2657 A.
903 2622 935 2655 S.
963 2620 996 2667 ὁ]
1021 2626 1058 2662 -f-
1079 2623 1136 2665 τῆς
1152 2621 1243 2655 Edd.
1475 2633 1528 2656 10.
1554 2621 1770 2665 πεπολέμηκέ
1785 2636 1821 2656 τε
1838 2622 1882 2654 A.

308 2672 582 2714 πεπολεμηκότος
601 2669 691 2703 Edd.
916 2680 927 2702 1
940 2680 967 2702 ῐ.
993 2667 1104 2715 χρόνῳ
1122 2680 1184 2712 pro
1201 2670 1335 2713 χρόνοις
1353 2667 1444 2702 Edd.
1678 2667 1801 2702 12-16.
1826 2668 1883 2713 ’γε’-

308 2717 663 2761 ’γραπται-ἀναβῆναι
688 2715 742 2750 ἐπὶ
757 2714 980 2759 Ἰερουσαλήμ
1001 2714 1069 2760 καὶ]
1090 2716 1133 2750 ὡς
1150 2715 1184 2748 ἐν
1200 2717 1238 2758 τῇ
1257 2716 1396 2759 τετάρτῃ
1414 2718 1479 2748 τῶν
1494 2715 1681 2753 βασιλειῶν
1696 2715 1883 2761 γέγραπται

311 2764 366 2797 ὅτε
384 2764 436 2797 καὶ
455 2763 547 2798 Edd.
790 2762 840 2796 16.
866 2761 976 2807 Ἰωὰς]
996 2764 1013 2795 ὁ
1031 2761 1124 2796 Ἰωὰς
1142 2761 1233 2795 Edd.
1286 2762 1382 2796 Haeo
1397 2762 1563 2802 βασιλεὺς
1577 2761 1688 2795 Ἰούδα
1705 2767 1883 2806 assumpta

312 2821 352 2842 ex
370 2810 459 2844 A.B.
736 2819 858 2854 17—19.
885 2809 952 2843 ὅσα
969 2809 1208 2854 ἡγίασεν-καὶ
1222 2809 1266 2842 τὰ
1281 2807 1360 2853 ἅγια
1377 2809 1478 2842 αὐτοῦ
1495 2815 1714 2842 arcesserunt
1731 2820 1772 2842 ex
1789 2808 1880 2842 A.B.

309 2855 500 2901 Ἰωσαφὰτ]
519 2855 672 2901 Ἰωάσαφ
689 2856 730 2890 Β.
771 2856 886 2901 Ὀχοζ.
901 2856 942 2889 Β.
1211 2867 1264 2901 19.
1289 2856 1539 2900 χρυσίον-τοῦ
1555 2854 1743 2900 βασίλεως]
1763 2855 1798 2889 ἐν
1813 2856 1882 2889 τοῖς

312 2902 492 2946 θησαυροῖς
508 2904 652 2946 χρυσίον
672 2903 758 2937 Edd.
1124 2913 1178 2936 21.
1204 2902 1409 2937 ἀπέστειλαν
1427 2901 1515 2947 (Sic)
1533 2902 1576 2936 A.
1630 2901 1725 2935 Haec
1741 2903 1882 2941 βασιλεῖ

312 2949 430 2991 Συρίας
447 2953 626 2993 assumpta
644 2961 683 2982 ex
703 2950 791 2983 A.B.
841 2949 949 2992 ἀπέβη
977 2961 1038 2994 pro
1055 2948 1157 2993 ἀνέβη
1177 2949 1220 2983 A.
1237 2949 1327 2983 Edd.
1519 2959 1572 2983 22.
1600 2948 1658 2983 οὖν
1675 2960 1736 2993 pro
1753 2948 1818 2992 γὰρ
1838 2947 1879 2981 B.

314 3005 369 3036 24.
395 2994 635 3039 τίναττοῆσθοι]
656 2996 894 3030 ἅναπτοεῖσθαι
916 2996 955 3031 Α.
1147 3006 1200 3040 25.
1228 2997 1257 3029 οἶ
1276 3008 1344 3030 om.
1365 2997 1404 3029 Α.
