2021 3434
315 211 399 251 648
716 214 766 254 B.
810 214 1082 256 CYRILLI
1123 215 1498 256 ALEXANDR.
1763 214 1823 254 iii.
1848 213 1886 253 6.

308 322 356 371 ἐκ
399 327 481 372 τοῦ
518 328 725 388 πονηροῦ
762 347 810 375 τε
848 327 925 375 καὶ
962 324 1227 391 ἀκαθάρτου
1269 325 1545 388 πνεύματος,
1585 324 1890 394 ψευδοεπείας

307 402 355 454 δὲ
387 402 605 467 δηλονότι
643 408 718 456 καὶ
753 405 1086 473 φενακισμοὺς,
1114 408 1235 458 οὕτω
1269 430 1317 458 τε
1345 406 1513 458 λοιπὸν
1537 406 1612 458 οἶά
1645 430 1734 458 τινι
1771 405 1889 473 με’θῃ

305 487 701 551 περιβεβληκότες
726 488 993 557 ἐξέστησαν
1019 495 1257 555 λογισμοῦ
1290 495 1371 540 τοῦ
1398 489 1663 556 σώφρονος.
1717 485 1890 539 ξ’ὃακναν

304 565 390 629 μὲν
426 566 521 633 γὰρ
563 570 639 619 καὶ
684 571 737 620 οὐ
779 569 975 635 μετρίως
1025 571 1226 634 ἠδίκουν,
1272 572 1597 624 ἀναπείθοντες
1635 575 1730 624 τοῖς
1778 570 1887 635 παρ’

307 648 461 698 αὐτῶν
495 655 811 716 προσκεῖσθαι
849 650 1023 717 λόγοις,
1059 654 1133 702 καὶ
1172 653 1274 720 οὐχὶ
1313 651 1368 717 δὴ
1407 657 1595 714 μᾶλλον
1628 657 1723 705 τοῖς
1760 650 1930 717 παρὰό

307 733 433 781 Θεοῦ
472 730 550 782 διά
589 737 852 801 προφητῶν
892 734 1053 800 ἁγίων·
1094 734 1437 803 κατεψεύδοντο
1476 733 1539 796 δὲ,
1572 735 1786 800 λέγοντες
1826 735 1889 788 ὡς

304 813 681 874 καταβιώσονται
718 816 802 878 μὲν
840 817 888 866 ἐν
927 815 1082 884 εἰρήνῃ
1121 818 1197 867 καὶ
1235 817 1506 881 εὐημερίαις,
1539 817 1888 883 παρενοχλήσει

305 894 353 945 δὲ
380 894 503 949 ὅλως
529 900 624 946 τῶν
649 899 782 948 ἀνιᾶν
807 897 1086 966 πεφυκότων
1113 899 1258 950 οὐδέν.
1298 898 1407 949 ἀλλ’
1429 897 1485 963 ἧν
1509 899 1663 952 αὐτοῖς
1689 897 1751 951 εἷς
1775 898 1800 948 ὁ
1826 901 1889 951 εἰς

256 982 440 1028 (1τοῦτο
475 977 621 1044 λόγος
659 981 712 1030 οὐ
749 979 880 1045 παρὰ
919 984 1056 1032 Θεοῦ.
1123 981 1176 1031 οὐ
1214 978 1307 1046 γὰρ
1346 978 1402 1031 ἂν
1440 979 1718 1046 ἀκαθάρτοις
1752 977 1888 1043 ἐδόθη

304 1059 541 1125 γλώτταις
575 1059 629 1111 τὸ
664 1064 834 1128 χρῆναι
865 1067 1031 1113 λαλεῖν
1063 1061 1123 1114 τὰ
1160 1064 1281 1114 οὕτω
1315 1061 1514 1128 λαμπροί
1551 1085 1600 1113 τε
1639 1063 1713 1112 καὶ
1753 1060 1883 1130 ἀξιό-
1911 1085 1958 1110 10

303 1150 480 1206 ληπτα.
564 1143 717 1208 ἐπειδὴ
763 1143 810 1195 δὲ
849 1146 1185 1196 ἀναπεπείκασι
1222 1146 1474 1212 προσέχειν
1513 1145 1680 1206 αὐτοῖς,
1720 1142 1889 1213 ἤγειραν
2001 1138 2003 1142 ’

308 1227 375 1275 ἐπ’
421 1224 576 1279 αὐτους
621 1226 832 1294 πόλεμον,
874 1227 956 1277 οὐκ
997 1228 1127 1277 αὐτοὶ
1170 1225 1277 1281 τοὺς
1315 1227 1605 1293 Ἀσσυρίους
1649 1230 1712 1279 εἰς
1750 1231 1890 1276 τοῦτο

309 1307 645 1361 διανιστάντες·
671 1307 848 1369 πόθεν;
877 1308 1218 1375 καταθήγοντες
1245 1308 1292 1360 δὲ
1318 1314 1507 1371 μᾶλλον
1522 1307 1591 1360 ἐπ’
1613 1307 1779 1362 αὐτοὺς
1804 1306 1890 1372 τὴν

309 1389 449 1439 ὁσίαν
482 1390 645 1455 ὀργήν.
712 1390 782 1441 ὅτι
816 1390 911 1458 γὰρ
942 1391 1126 1445 ἐκείνοις
1157 1389 1567 1459 προσεσχήκασιν,
1596 1390 1890 1454 ἐπενήνεκται
1998 1455 2000 1466 .

309 1471 495 1525 δικαίως
522 1474 598 1522 καὶ
623 1470 682 1522 τὰ
707 1474 756 1523 ἐκ
783 1479 864 1523 τοῦ
889 1476 1096 1539 πολέμου
1121 1473 1252 1526 κακά.
1912 1486 1956 1525 15
2000 1487 2001 1491 ’

267 1576 289 1602 e
372 1551 635 1618 ’Έγκλημα
676 1553 732 1618 δὴ
777 1560 915 1605 τοῦτο
953 1559 1047 1605 τῶν
1090 1555 1160 1606 ὅτι
1209 1554 1423 1618 μάλιστα
1461 1558 1536 1606 καὶ
1580 1556 1771 1619 ἀληθῶν
1814 1555 1889 1604 καὶ

306 1635 716 1702 πρεπωδεστάτων
751 1642 847 1690 τοῖς
882 1639 1148 1706 ἀρχιερεῦσι
1179 1641 1253 1688 καὶ
1281 1639 1569 1703 Φαρισαίοις,
1598 1636 1664 1691 οἷς
1692 1637 1890 1701 ἡάθλία

307 1722 403 1768 τῶν
447 1717 686 1769 Ἰουδαίων
729 1719 916 1784 πληθὺς
965 1719 1428 1784 κατακολουθήσασα
1471 1720 1678 1772 διόλωλέ
1713 1742 1762 1770 τε
1813 1719 1890 1769 καὶ

308 1800 594 1870 κατεφθάρη·
647 1799 811 1868 γε’γονε
848 1800 942 1868 γὰρ
981 1801 1223 1867 δυσσεβὴς
1261 1805 1336 1853 καὶ
1375 1802 1683 1870 κυριοκτόνος.

266 2051 388 2098 6Διὰ
426 2056 554 2094 τοῦτο
591 2054 663 2096 νὺξ
701 2051 794 2102 ὑμῖν
833 2054 951 2096 ἔσται
981 2054 1026 2097 ἐξ
1059 2055 1267 2111 ὁράσεως,
1303 2055 1371 2095 καὶ
1405 2055 1551 2096 σκοτία
1578 2051 1672 2103 ὑμῖν
1698 2054 1816 2096 ἔσται
1842 2054 1889 2095 ἑκ
1912 2073 1958 2097 20
1994 2066 1998 2090 ;

374 2136 590 2188 μαντείας,
618 2136 681 2178 καὶ
721 2137 891 2180 ὃύσεται
926 2139 948 2180 ὁ
988 2140 1106 2179 ἥλιος
1138 2138 1208 2179 ἐπὶ
1244 2139 1342 2180 τοὺς
1373 2140 1612 2195 Προφήταε,
1639 2137 1703 2180 καὶ
1742 2152 1893 2180 συσκο-

374 2219 494 2262 τάσει
521 2220 580 2262 ἐπ’
614 2222 768 2263 αὐτοὺς
796 2222 818 2263 ιὲι
849 2221 1004 2279 ἡμέρα.

86 2351 193 2426 iSlulff-
384 2342 578 2409 Ἐπειδὴ
618 2344 723 2411 γὰρ,
752 2347 916 2413 φησιν,
942 2344 1241 2415 ἐσταλάξατε
1267 2369 1321 2397 το
1351 2348 1528 2415 ψεῦδος
1566 2350 1629 2401 εἷς
1659 2344 1784 2398 οἶνον
1814 2348 1889 2397 καὶ

88 2444 168 2477 419
190 2444 240 2478 A
269 2453 291 2477 a
309 2424 531 2489 μεθυσμα
569 2432 635 2477 τῶ
673 2432 789 2498 λαῷ,
822 2431 897 2479 καὶ
934 2428 1231 2480 κατεδάκνετε
1263 2452 1348 2492 μεν
1374 2431 1436 2482 ὡς
1461 2432 1610 2496 θῆρες,
1637 2429 1886 2495 εὐηγγελί-

88 2510 196 2593 {gfff}
310 2507 447 2574 ζεσθε
484 2508 531 2560 δὲ
570 2508 656 2573 τὴν
691 2509 889 2576 εἰρήνην,
930 2514 1298 2579 ψευδοεποῦντες
1338 2512 1510 2575 αὐτοῖς,
1551 2514 1627 2562 καὶ
1666 2516 1767 2566 ταῖς
1806 2516 1889 2562 τοῦ
1910 2534 1956 2574 25
1992 2519 1994 2560 ἓ

360 2700 389 2724 1.
415 2704 601 2734 πνευματος
617 2690 661 2725 A.
681 2690 734 2735 (ut
752 2692 872 2736 supra)
891 2692 1046 2737 δαίμονος
1063 2692 1155 2727 Edd.
1411 2704 1442 2727 2.
1469 2694 1573 2737 δῆλον
1589 2705 1653 2739 pro
1671 2693 1828 2737 δηλονότι
1845 2694 1889 2728 A.

311 2747 344 2781 3.
370 2737 497 2781 φρενός
514 2749 577 2782 pro
593 2739 653 2771 τοῦ
671 2740 852 2783 σώφρονος
868 2739 912 2773 Α.
1250 2753 1282 2782 4.
1307 2739 1558 2786 ἀναπείθοντες]
1583 2745 1618 2782 -ί-
1639 2741 1700 2784 μὲν
1716 2742 1760 2775 A.
1809 2740 1892 2785 παρ’

311 2784 420 2817 αὐτῶν
437 2785 479 2817 A.
486 2783 527 2818 Β.
545 2782 623 2828 παρ’
641 2785 753 2821 αὐτοῖς
771 2784 862 2819 Edd.
1121 2786 1154 2820 6.
1180 2786 1216 2820 δὲ
1234 2799 1303 2821 om.
1321 2787 1365 2821 A.
1629 2797 1660 2832 7.
1686 2787 1829 2831 εἰρήναις
1847 2787 1890 2821 Β.

312 2830 346 2864 8.
371 2830 480 2866 οὐδείς
496 2842 558 2875 pro
576 2831 672 2866 οὐδέν
689 2832 734 2867 Α.
783 2830 830 2868 εἷς
847 2834 865 2866 ὁ
882 2832 928 2868 εἷς
945 2833 989 2867 A.
1008 2834 1026 2866 ὁ
1043 2832 1089 2868 εἷς
1107 2833 1198 2867 Edd.
1634 2846 1667 2879 9.
1701 2833 1741 2868 ἂν
1757 2846 1826 2868 om.
1844 2835 1889 2868 A.

315 2887 368 2910 12.
395 2876 445 2910 ἐπ’
464 2878 576 2913 αὐτοῖς
592 2878 635 2912 A.
1042 2891 1095 2925 13.
1114 2881 1348 2916 διανιστῶντες
1366 2880 1457 2915 Edd.
1528 2880 1647 2926 πόθεν]
1669 2880 1727 2915 Sic
1744 2881 1888 2915 correxi.

311 2923 413 2957 ποθὲν
430 2924 473 2957 Α.
495 2924 584 2958 Edd.
634 2924 684 2959 ἐπ’
702 2925 816 2962 αὐτοῖς
832 2926 877 2960 A.
1036 2938 1088 2970 14.
1114 2927 1205 2962 θείαν
1222 2939 1284 2972 pro
1301 2928 1400 2962 ὁσίαν
1416 2928 1461 2962 A.
1618 2927 1670 2962 16.
1695 2927 1827 2971 ἀληθῶς
1843 2928 1889 2962 A.

316 2979 369 3013 19.
389 2971 647 3016 καταφθείρεται
665 2973 708 3007 A.
1069 2985 1124 3009 20.
1154 2974 1273 3010 σκοτία
1289 2975 1332 3009 Α.
1339 2974 1379 3009 Β.
1386 2975 1420 3009 F.
1441 2976 1562 3010 σκότος
1581 2974 1768 3020 Edd.(62,
1790 2974 1888 3020 153.)

314 3026 368 3058 24.
394 3016 447 3049 καὶ
464 3028 533 3050 om.
554 3020 596 3052 A.
787 3030 841 3064 25.
867 3020 955 3065 αὐτῷ
975 3019 1066 3054 Edd.
