2021 3434
87 213 140 253 ix.
175 226 232 267 ¹3-
549 212 622 252 IN
665 211 898 252 OSEAM.
958 209 1106 250 TOM.
1141 209 1193 249 V.
1581 208 1660 247 199

85 325 166 386 τῆς
204 321 343 386 δίκης,
386 322 476 390 ἔξω
515 345 562 372 τε
601 321 820 387 γενέσθαι
858 323 939 383 τῆς
978 321 1120 386 ὀργῆς
1157 317 1469 385 προσεύχεται
1509 317 1662 382 λέγων
1683 324 1709 362 d

87 404 205 474 Σάρξ
249 428 332 472 μου
372 404 418 473 ἐξ
461 403 610 455 αὐτῶν.
696 402 749 454 τὸ
796 402 843 454 δὲ
887 402 932 471 ἐξ
972 400 1108 452 αὐταῖν
1155 399 1392 465 συνήσεις,
1436 401 1537 450 ἀντὶ
1581 403 1665 450 τοῦ

85 485 270 553 μακρὰν
318 487 394 537 ἀπ’
438 487 606 537 αὐτῶν.
671 485 762 553 ἔξω
800 483 892 551 γὰρ
937 484 1088 534 αὐτῶν
1130 484 1204 533 καὶ
1242 481 1462 533 ἀποτάτω
1501 484 1665 550 φησὶν,

87 568 223 622 αὐτός
248 591 297 619 τε
322 569 540 635 γενοίμην
567 567 672 632 ἐγὼ,
699 569 773 617 καὶ
808 566 862 617 τὸ
896 565 1006 629 ἐμὸν
1043 563 1168 616 ἅπαν
1197 564 1345 630 γένος.
1413 567 1552 627 δηλοῖ
1574 562 1666 629 γὰρ

47 671 68 707 5
89 650 187 701 ἔσθ’
218 649 291 700 ὅτε
331 653 405 700 καί
440 648 493 701 τὸ
527 650 659 715 γένος
690 650 718 713 ἡ
754 648 881 718 σάρξ.
945 646 1222 716 ἐκδεξόμεθα
1247 645 1340 712 γὰρ
1367 647 1487 696 οὕτω
1514 647 1589 696 καὶ
1612 644 1666 694 τὸ

86 730 162 782 διὰ
186 734 267 794 τῆς
297 736 379 782 τοῦ
408 731 605 782 Παύλου
640 733 802 800 φωνῆς
836 731 986 795 ὀρθῶς
1020 729 1271 795 εἰρημένον.
1339 728 1547 795 γέγραφε
1574 726 1667 792 γὰρ

87 813 174 864 ὡδί
211 813 396 875 ((ἰΥμῖν
437 812 485 864 δὲ
529 813 653 879 λέγω
697 817 792 865 τοῖς
830 811 1025 863 ἔθνεσιν·
1065 812 1137 879 ἐφ’
1178 810 1295 861 ὅσον
1333 809 1417 871 μὲν
1455 809 1536 859 οὖν
1576 808 1667 873 ἐγώ
1730 820 1823 881 Rom.

86 899 221 958 “εἰμι
258 896 403 946 ἐθνῶν
443 894 728 957 ἀπόστολος,
772 893 858 957 τὴν
895 893 1131 945 διακονίαν
1168 915 1258 956 μου
1297 890 1491 960 δοξάζω,
1531 890 1667 943 ε’ίπως
1729 873 1840 948 Ῐῖᾆ.13’

88 985 114 1008 “
138 977 469 1044 παραζηλώσω
504 1001 595 1040 μου
630 976 715 1041 τὴν
747 976 904 1042 σάρκα
943 978 1017 1026 καὶ
1048 975 1198 1026 σώσω
1230 973 1359 1027 τινὰς
1391 973 1448 1041 ἐξ
1470 973 1666 1024 αὐτῶν.”
1688 987 1708 1013 θ

24 1059 187 1113 ιοὲθος
221 1059 280 1111 δὲ
306 1064 401 1114 τοῖς
445 1060 592 1125 ἁγίοις
633 1057 912 1127 προφήταις,
948 1057 1059 1108 ὅταν
1097 1056 1232 1107 ἴδωσι
1271 1056 1506 1109 πολλάκις
1543 1053 1670 1104 δεινὰ

88 1144 162 1194 καὶ
187 1140 464 1210 δυσφόρητα
500 1141 558 1192 τὰ
591 1145 730 1191 τινῶν
756 1138 1043 1206 ἐγκλήματα,
1069 1137 1239 1190 λοιπὸν
1265 1137 1324 1189 τὰ
1349 1138 1454 1188 καθ’
1481 1134 1668 1188 ἑαυτοὺς

89 1227 170 1288 τῆς
213 1225 395 1275 ἐκείνων
435 1223 685 1290 βδελυρίας
725 1224 1022 1288 ἀλλοτριοῦν.
1088 1222 1162 1272 καὶ
1205 1225 1321 1285 γοῦν
1360 1221 1384 1270 ὁ
1422 1217 1669 1287 προφήτης

89 1307 309 1372 Ἱερεμίας
358 1307 600 1359 πλείστοις
652 1304 783 1358 ὅσοις
832 1302 1102 1366 αἰτιάμασιν
1153 1300 1512 1365 ἐμπεπτωκότας
1563 1298 1669 1353 τοὺς

89 1387 337 1442 Ἰουδαίους
378 1390 452 1438 καὶ
492 1391 599 1457 Θεῷ
636 1385 1072 1454 προσκεκρουκότας
1111 1385 1246 1450 ὀρῶν,
1287 1391 1313 1413 “
1336 1382 1492 1450 Κύριε,
1532 1385 1669 1450 φησὶ,
1733 1391 1825 1475 {iffi
1840 1402 1893 1421 xv.

28 1493 72 1531 ¹5
92 1478 118 1500 ‘⁶
142 1469 481 1536 παντοκράτορ,
513 1471 594 1520 οὐκ
632 1469 830 1520 ἐκάθισα
867 1469 916 1519 ἐν
951 1469 1177 1536 συνεδρίῳ
1212 1467 1364 1517 αὐτῶν
1398 1464 1669 1532 παιζόντων,
1777 1458 1784 1466 ’

93 1559 118 1582 “
142 1551 249 1604 ἀλλ’
289 1552 596 1617 ηὐλαβούμην
635 1550 727 1603 ἀπὸ
765 1550 1027 1618 προσώπου
1065 1548 1214 1617 χειρός
1248 1568 1354 1600 σου·
1405 1546 1670 1610 καταμόνας

94 1643 120 1666 “
145 1635 393 1701 ἐκαθήμην,
421 1636 491 1688 ὅτι
525 1637 706 1702 πικρίας
741 1634 1080 1699 ἐνεπλήσθην.”
1145 1635 1217 1684 δεῖ
1237 1632 1293 1697 δὴ
1329 1633 1410 1683 οὖν
1442 1632 1532 1698 ἄρα
1559 1635 1671 1682 θαυ-
1689 1655 1711 1679 a
1740 1649 1820 1684 139
1842 1647 1892 1680 A.

92 1717 243 1782 μάσαι
279 1717 361 1769 τὸν
398 1717 623 1785 μακάριον
664 1722 874 1779 Παῦλον,
917 1716 1029 1768 ὅταν
1066 1717 1175 1780 ἡμῖν
1213 1714 1474 1782 ἐπιστέλλῃ
1519 1714 1673 1780 λέγων

94 1808 121 1830 “
147 1799 350 1852 Σεαυτὸν
395 1800 539 1866 ἁγνὸν
578 1800 720 1866 τήρει,
765 1805 840 1850 καὶ
881 1798 946 1863 μὴ
985 1799 1191 1849 κοινώνει
1229 1797 1476 1863 ἁμαρτίαις
1513 1797 1666 1846 ἀλλο·
1733 1801 1852 1873 :TJffl

28 1909 76 1934 20
95 1889 121 1911 ‘⁶
147 1882 335 1948 τρίαις.”
400 1882 516 1934 ε’ίποι
554 1883 592 1933 δ’
627 1881 684 1933 ἂν
722 1881 907 1935 εἰκότως
948 1878 1069 1934 ἅπας
1107 1903 1176 1934 τις
1215 1880 1295 1930 οὖν
1336 1877 1535 1942 εὐσεβὴς
1567 1879 1671 1943 περὶ

94 1971 187 2018 τῶν
224 1965 614 2034 προσκρουόντων
657 1970 723 2036 τῷ
764 1970 888 2036 Θεῷ,
930 1967 1005 2017 καὶ
1051 1965 1168 2016 ὅσον
1208 1963 1385 2014 οὐδέπω
1432 1966 1672 2026 κολασθη-

95 2048 321 2112 σομένων,
355 2048 474 2119 {dp}
512 2074 595 2117 μου
637 2050 681 2118 ἐξ
721 2048 874 2100 αὐτῶν.

91 2233 296 2293 ὃΕφρ(]ι““ι“μ,
322 2238 370 2278 ὃν
396 2238 554 2293 τρόπον
588 2233 715 2288 εἶδον,
746 2235 805 2278 εἰς
843 2238 976 2293 θύραν
1008 2237 1248 2292 ΠαρὲστΗσε
1280 2235 1330 2276 τὰ
1369 2235 1495 2275 τέκνα
1534 2234 1672 2284 αὐτοῦ,
1696 2249 1743 2284 13

165 2320 233 2360 καὶ
252 2317 445 2377 Ἐφραῒμ
471 2324 543 2362 τοῦ
566 2318 784 2368 ὲΕαΓαΓεῖν
811 2319 870 2361 εἷς
897 2321 1178 2361 ἀποκέντΗσιν
1204 2320 1254 2360 τὰ
1282 2321 1407 2360 τέκνα
1435 2318 1575 2359 αὐτοῦ.
1690 2323 1718 2363 b

32 2449 78 2487 25
170 2427 418 2494 Ταλανίζει
462 2431 536 2480 καὶ
576 2436 657 2480 νῦν
701 2432 726 2481 ὁ
769 2429 1016 2498 προφήτης
1059 2428 1141 2479 τὸν
1188 2427 1402 2497 Ἐφραὶμ,
1446 2427 1546 2492 ἤτοι
1593 2426 1675 2478 τὸν

99 2509 314 2576 Ἰσραὴλ,
348 2510 487 2561 αὐτόν
521 2534 570 2562 τε
605 2512 823 2576 γενέσθαι
859 2512 1103 2577 παραίτιον
1136 2510 1282 2579 ἑαυτῷ
1321 2511 1444 2578 φησὶ
1481 2510 1557 2560 καὶ
1594 2512 1676 2574 τῆς

100 2592 314 2645 ἀπαιδίας
352 2593 426 2642 καὶ
466 2595 546 2655 τῆς
591 2594 848 2657 ἀνηκέστου
887 2597 1154 2661 συμφορᾶς.
1221 2593 1282 2645 ὡς
1320 2590 1412 2657 γὰρ
1455 2591 1674 2656 τεθέαμαι

149 2745 180 2767 2.
206 2733 377 2769 συνοίσεις
394 2732 482 2778 (sic)
502 2733 547 2767 D.
736 2745 769 2776 3.
796 2733 833 2776 ἐξ
851 2745 913 2777 pro
930 2732 986 2767 ἀπ’
1006 2733 1051 2767 D.
1257 2745 1291 2777 5.
1316 2733 1354 2766 τὸ
1373 2733 1432 2767 alt.
1451 2739 1675 2779 assumptum

100 2792 142 2814 ex
161 2780 254 2814 B.D.
398 2790 428 2825 7.
458 2779 554 2813 Haec
572 2780 648 2822 ὑμῖν
665 2779 700 2813 δέ
717 2780 807 2825 λέγω
824 2782 893 2815 τοῖς
909 2780 1041 2814 ἔθνεσιν
1058 2786 1279 2814 accesserunt
1296 2791 1337 2813 ex
1356 2779 1403 2813 D.
1451 2780 1512 2824 μὲν
1536 2792 1606 2815 om.
1624 2781 1673 2814 D.

105 2838 159 2872 13.
184 2827 260 2862 τοὺς
279 2826 444 2862 ἶουδαίους
460 2827 513 2860 καὶ
531 2829 604 2872 Θεῷ
622 2840 806 2871 προσκεκρ.
825 2839 894 2860 om.
915 2827 960 2861 D.
1162 2837 1214 2869 15.
1240 2827 1470 2871 παντοκράτορ
1488 2827 1534 2862 D.
1551 2842 1674 2861 παντο-

102 2874 232 2918 κράτωρ
251 2873 342 2907 Edd.
527 2874 580 2907 18.
605 2873 715 2918 λέγων
732 2879 951 2918 assumptum
970 2885 1011 2907 ex
1030 2873 1076 2907 D.
1249 2884 1302 2918 19.
1321 2874 1464 2908 σεαυτὸν
1482 2873 1529 2908 D.
1548 2875 1674 2909 σαυτὸν

102 2920 194 2954 Edd.
305 2930 359 2954 20.
384 2918 472 2955 ἅπας
488 2934 537 2955 τις
554 2918 612 2954 οὖν
630 2920 676 2954 D.
694 2922 759 2955 πᾶς
776 2919 868 2954 Edd.
919 2919 1042 2954 Statim
1060 2920 1189 2964 ἀσεβὴς
1205 2919 1264 2954 iid.
1283 2920 1559 2965 repugnantibus
1583 2921 1674 2955 ss.l).

104 2978 160 3011 23.
194 2966 540 3011 παρέστησε-αὐτοῦ
576 2967 659 3000 B.F.
678 2966 770 3001 Edd.
799 2966 1175 3012 παρέστησαν-αὐτῶν
1204 2967 1250 3001 D.
1277 2967 1385 3011 (A.V.
1413 2967 1486 3001 XII
1516 2979 1535 3002 a
1567 2980 1674 3002 manu

103 3014 224 3058 prima.
368 3025 422 3055 24.
451 3014 502 3047 καὶ
521 3013 647 3058 ἐφραὶμ
666 3013 793 3048 desunt
811 3014 846 3047 in
866 3013 957 3048 Edd.
1102 3023 1156 3059 27.
1183 3013 1340 3058 τεθέαμαι
1358 3025 1428 3049 om.
1449 3015 1495 3049 D.
