2021 3434
142 211 192 251 iv.
217 210 255 260 8,
279 225 316 264 9.
595 210 666 251 IN
708 210 944 251 OSEAM.
1005 209 1155 250 TOM.
1190 209 1275 250 ΙΙΙ.
1640 209 1715 248 101

142 319 222 371 τὸν
256 317 403 386 λόγον
443 320 517 371 ε’πι
555 319 609 372 τὸ
643 319 803 386 τάγμα
838 319 893 371 τὸ
936 319 1073 386 ἱερόν.
1139 317 1389 385 ἁρμόσειε
1399 318 1436 368 δ
1471 314 1530 367 ἁν
1567 338 1629 369 ως
1666 337 1720 381 γε

142 399 264 464 οἶμαι
295 406 361 451 τῶ
395 400 542 472 λόγω,
567 404 642 453 καὶ
676 402 730 454 τὸ
761 403 930 469 ἀρτίως
963 402 1072 466 ἡμῖν
1109 400 1360 468 εἰρημένον,
1387 407 1415 429 “
1434 398 1537 463 Τὴν
1575 395 1723 466 δόξαν
1784 412 1892 452 Supra

158 484 345 534 6αὐτῶν
370 487 431 537 εἰς
455 485 641 547 ἀτιμιαν
666 483 916 549 θήσομαι.”
983 483 1102 553 δόξα
1134 483 1218 547 μὲν
1252 481 1345 549 γὰρ
1379 484 1461 546 τῆς
1486 480 1724 531 Ιουδαίων
1784 466 1850 486 ve1
1869 464 1899 496 ⁷

145 569 432 631 Συναγωγῆς
468 565 496 629 ἡ
530 567 780 632 περίοπτος
819 565 1061 632 ἱερωσύνη,
1089 570 1164 616 καὶ
1193 564 1247 617 τὸ
1278 571 1488 632 προῦχον
1519 564 1568 614 ἐν
1605 563 1723 630 αὐτῇ

103 668 124 706 5
144 650 218 699 καὶ
256 645 391 713 ἅγιον
429 647 574 713 γένος,
601 648 814 699 τουτέστι
840 648 894 699 τὸ
920 646 1165 699 λευῖτικον·
1208 648 1488 706 ἐβασίλευον
1519 644 1604 709 μὲν
1630 644 1724 710 γάρ

143 752 258 783 τινες
281 731 330 780 ἐκ
355 732 438 794 τῆς
460 728 614 781 Ἰούδα
641 733 812 799 φυλῆς,
833 731 942 781 ἀλλ’
964 729 1022 794 ἧν
1041 731 1088 780 ἐν
1108 730 1334 795 δευτέροις
1360 731 1442 793 τῆς
1470 728 1725 795 ἱερωσύνης

144 815 216 862 καὶ
254 810 379 863 πολὺ
412 813 521 862 λίαν
558 814 606 863 ἐν
645 813 800 874 μειόσι
837 810 898 863 τὰ
935 811 1221 878 ἀνθρώπινα.
1283 809 1403 880 δόξα
1437 809 1494 874 δὴ
1526 811 1608 861 οὖν
1642 813 1725 874 τῆς

142 893 377 945 Ἰουδαίων
404 897 706 960 Συναγωγῆς,
732 894 785 946 τὸ
818 893 939 961 ἱερόν
973 917 1022 945 τε
1047 895 1151 945 ἐστὶ
1179 895 1254 945 καὶ
1279 893 1542 944 ἀπόλεκτον
1567 892 1720 959 γένος.

142 974 543 1044 περιβληθήσεται
577 977 732 1027 τοίνυν
769 977 929 1046 ἀτιμίᾳ
973 978 1109 1046 φησὶ,
1137 978 1213 1027 καὶ
1247 974 1573 1042 μεταχωρήσει
1607 974 1727 1041 πρὸς

19 1080 21 1098 1
81 1082 126 1107 10
144 1058 195 1111 τὸ
227 1059 447 1113 ἀκαλλές.
514 1061 587 1110 καὶ
627 1059 703 1109 διὰ
740 1060 880 1110 ποίαν
917 1059 1095 1120 αἰτίαν,
1138 1058 1207 1110 ὅτι
1234 1062 1329 1109 τῶν
1353 1058 1503 1125 σφίσι
1528 1080 1720 1124 πρεπω-

143 1141 380 1193 δεστάτων
400 1140 778 1207 ὀλιγωρήσαντες
804 1141 1165 1208 παρεκομίζοντο
1189 1139 1307 1207 πρὸς
1333 1138 1620 1192 ἀπόστασιν.
1673 1141 1726 1191 οὐ

144 1223 424 1291 τετηρήκασι
462 1224 547 1287 τὴν
582 1225 758 1274 ἑαυτῶν
792 1222 955 1290 ἀρχὴν,
982 1224 1065 1274 οὐκ
1101 1223 1318 1289 ε”γνωσαν
1349 1225 1432 1286 τῆς
1471 1222 1726 1289 ἱερωσύνης
1744 1237 1770 1278 b
1787 1244 1948 1275 S.Jud.6.

144 1306 225 1358 τὸν
250 1305 437 1373 τρόπον,
465 1307 547 1356 οὐκ
579 1304 830 1369 ἐνενόησαν
866 1305 937 1356 ὅτι
970 1308 1198 1374 ἁμαρτίας
1225 1307 1339 1357 λαοῦ
1368 1330 1452 1373 μου
1480 1305 1725 1373 φάγονται,

147 1395 222 1442 καὶ
250 1390 286 1440 ἐν
311 1392 411 1444 ταῖς
437 1385 640 1443 αδῖκίαις
667 1388 805 1439 αὐτῶν
829 1384 1054 1455 λήψονται
1082 1386 1168 1443 τας
1193 1386 1365 1457 ψυχας
1392 1386 1545 1439 αὐτῶν.

84 1497 127 1535 ¹5
239 1470 430 1536 Ἐπειδὴ
484 1470 532 1522 δὲ
594 1471 828 1535 πλείστην
887 1469 972 1535 τὴν
1024 1470 1261 1539 ἀσάφειαν
1323 1471 1416 1538 ἔχει
1479 1471 1504 1521 6
1568 1470 1727 1536 λόγος,

146 1553 256 1622 φέρε
299 1554 460 1617 πάλιν,
502 1555 563 1608 ὡς
602 1554 681 1617 ἔνι,
722 1554 935 1619 λέγωμεν
979 1551 1034 1604 τὸ
1075 1552 1202 1607 ὅπως
1244 1551 1303 1604 ἂν
1344 1551 1485 1603 αὐτὸν
1520 1556 1727 1603 νοεῖσθαι

145 1636 323 1702 πρέποι.
388 1637 584 1704 χίμαρος
618 1635 772 1687 τοίνυν
805 1635 862 1704 ἐξ
892 1639 1039 1701 αἰγῶν
1070 1635 1184 1702 ὑπὲρ
1220 1636 1448 1701 ἁμαρτίας
1474 1633 1722 1703 ἐσφάζετσ
1789 1644 1859 1717 {2ng
1878 1643 1929 1717 iixv'

146 1718 314 1783 ταύτης
343 1742 391 1770 τε
426 1719 557 1769 ἕνεκα
591 1721 674 1783 τῆς
706 1719 854 1773 αἰτίας
892 1720 1103 1769 ἐκαλεῖτο
1142 1719 1218 1768 καὶ
1255 1718 1460 1787 ἁμαρτία
1492 1717 1546 1768 τὸ
1580 1721 1722 1780 θῦμα.
1792 1712 1854 1771 15-’
1913 1710 1921 1717 ’

147 1800 274 1851 ἀλλα
316 1801 640 1868 προσάγοντες
680 1804 746 1870 τῷ
787 1800 1110 1869 θυσιαστηρίω
1158 1798 1241 1851 τὸν
1284 1802 1483 1899 χίμαρον
1524 1801 1565 1850 οἱ
1607 1798 1725 1850 κατὰ

7 1900 9 1958 j
83 1905 130 1929 20
148 1882 328 1949 καιροὺς
366 1887 508 1950 ἱερεῖς,
542 1883 769 1950 ἀνέφερον
803 1905 888 1945 μεν
922 1882 981 1933 τὰ
1016 1882 1236 1933 ἐνδόσθια
1275 1906 1349 1933 και
1386 1881 1471 1946 τὴν
1507 1880 1725 1946 πιμελὴν,
1745 1906 1765 1932 e
1790 1892 1840 1922 Ib-
1856 1892 1900 1923 vi.

147 1964 313 2029 ἤσθιον
350 1966 397 2017 δε
431 1965 485 2016 τὸ
520 1963 689 2017 λοιπον
727 1966 870 2027 αὐτοι,
897 1970 1035 2016 τοῦτο
1073 1970 1156 2016 τοῦ
1191 1966 1314 2016 θείου
1347 1987 1727 2030 προσταττοντος
1791 1945 1845 2011 {g
1864 1949 1916 2020 Ἴ3ιὸ-

149 2047 304 2111 νόμου.
371 2049 536 2099 οὐκοῦν
561 2071 755 2113 μεσιτης
787 2046 950 2114 ὥσπερ
985 2048 1010 2098 6
1046 2071 1187 2110 ιερευς
1215 2052 1339 2099 Θεοῦ
1365 2049 1439 2098 καὶ
1467 2046 1728 2113 ἀνθρώπων

148 2130 579 2197 παραλαμβάνεται,
607 2129 851 2198 δεχόμενος
881 2130 966 2194 μὲν
997 2129 1080 2184 τὰς
1111 2129 1239 2196 παρὰ
1277 2134 1370 2180 τῶν
1409 2133 1540 2179 λαῶν
1576 2131 1724 2194 δωρο-

151 2213 328 2279 φοριάς,
355 2214 429 2264 καὶ
455 2211 848 2280 συμμεριζόμενος
868 2217 933 2282 τῷ
953 2213 1291 2282 θυσιαστηρίῳ,
1312 2211 1433 2262 καθὰ
1452 2210 1728 2276 γέγραπται·
1793 2229 1902 2279 Jcor.

85 2322 131 2360 25
149 2293 308 2345 ἑαυτὸν
347 2294 395 2345 δὲ
433 2293 598 2362 ὥσπερ
641 2298 894 2362 ἱερουργῶν
933 2294 1048 2361 ὑπὲρ
1092 2299 1187 2345 τῶν
1224 2299 1307 2344 τοῦ
1347 2298 1468 2343 λαοῦ
1502 2300 1727 2356 πλημμε-
1792 2281 1908 2313 ¹³'13’

150 2375 386 2441 λημάτων,
438 2377 648 2443 καθάπερ
698 2378 859 2441 ἀμέλει
900 2381 975 2428 καὶ
1019 2379 1044 2428 ὀ
1090 2375 1263 2442 Κύριος
1304 2375 1437 2438 ἡμῶν
1474 2373 1661 2438 Ἰησοῦς
1705 2376 1730 2425 ὁ

151 2458 376 2524 Χριστός.
443 2459 513 2510 ὅτι
549 2459 596 2510 δὲ
632 2459 850 2559 ἄληθες
836 2459 861 2510 6
897 2464 1032 2560 φημι,
1058 2457 1199 2509 αὐτὸν
1236 2455 1503 2523 παραθήσω
1541 2455 1623 2507 τὸν
1657 2458 1731 2508 ε’πὶ

151 2543 216 2608 τῷ
253 2540 435 2610 χιμάρῳ
474 2540 633 2605 νόμον.
701 2541 793 2609 ἔχει
831 2540 879 2592 δε
922 2543 1068 2594 οὕτως
1110 2548 1137 2569 “
1160 2542 1254 2591 Και
1292 2537 1374 2589 τὸν
1412 2540 1612 2606 χίμαρον
1649 2538 1921 2639 Tbvd}6⁶³v-¹;<·

152 2627 179 2649 ‘⁶
204 2624 308 2687 περὶ
358 2625 438 2687 τῆς
487 2623 715 2689 ἁμαρτίας
764 2623 913 2689 ζητῶν
960 2621 1207 2691 ἐξεζήτησε
1251 2624 1482 2685 Μωυσῆς,
1530 2623 1605 2672 καὶ
1654 2621 1732 2674 οδε

86 2722 135 2757 30
155 2709 180 2731 “
203 2704 538 2770 ἐμπεπύριστο.
623 2706 698 2755 καὶ
736 2705 952 2768 ἐθυμώθη
996 2706 1212 2767 Μωυσῆς
1261 2705 1336 2755 ἐπὶ
1377 2702 1608 2770 Ἐλεάζαρ
1657 2706 1733 2755 καὶ

204 2846 233 2869 Ι.
258 2835 417 2879 ἁρμόσειε
436 2836 483 2870 D.
497 2835 641 2880 ἁρμόσει
660 2834 753 2869 Edd.
952 2835 1032 2877 4-8.
1061 2833 1191 2868 Haec
1176 2849 1194 2877 η
1211 2832 1526 2878 περίοπτος-δόξα
1543 2832 1583 2877 δὴ
1601 2848 1660 2868 ουν
1676 2834 1735 2877 τῆς

154 2880 322 2916 Ἰουδαίων
339 2885 538 2928 συναγωγῆς
555 2885 777 2916 accesserunt
794 2893 834 2915 ex
855 2880 900 2914 D.
1065 2892 1118 2926 13.
1143 2880 1356 2938 ἐνενοὴκασιν
1374 2880 1420 2914 Ι).
1583 2891 1636 2923 14.
1662 2882 1735 2916 ταῖς

154 2936 376 2973 assumptum
393 2941 435 2963 ex
454 2929 500 2963 D.
610 2938 662 2972 15.
693 2928 788 2962 Haec
806 2928 888 2961 citat
907 2927 995 2962 Cod.
1017 2927 1094 2972 Syr.
1112 2934 1190 2962 ante
1208 2928 1266 2962 cit.
1315 2927 1375 2971 τὴν
1391 2927 1597 2971 ἀσάφειαν”
1579 2942 1650 2973 εχει
1668 2927 1734 2961 hoc

156 2974 276 3009 ordine
297 2976 340 3010 D.
357 2976 404 3021 Sy
407 2987 435 3010 r.
535 2975 588 3009 16.
607 2976 688 3009 αὐτὸ
707 2975 857 3009 νοεισθαι
873 2988 1003 3017 πρεπον
1018 2974 1064 3008 D.
1162 2985 1216 3009 22
1235 2977 1352 3018 ὥσπερ
1371 2975 1389 3007 ὁ
1407 2974 1511 3017 ἱερεὺς
1529 2973 1595 3007 hoc
1613 2973 1736 3008 ordine

158 3020 203 3055 D.
221 3022 296 3066 Syr.
384 2989 449 3064 y24
477 3022 584 3058 καθὼς
603 3022 649 3056 D.
747 3021 801 3055 26.
828 3023 846 3055 ὁ
864 3022 921 3056 alt.
934 3033 1004 3056 om.
1019 3022 1064 3055 D.
1162 3032 1217 3067 29.
1244 3022 1296 3055 καὶ
1315 3021 1370 3056 ὁδε
1391 3021 1436 3055 D.
1456 3021 1567 3066 Syr.‘
1551 3035 1570 3054 0
1587 3021 1623 3055 δέ
1642 3020 1734 3055 Edd.
