2021 3434
122 171 204 212 viii.
233 185 268 211 J.
583 172 656 212 IN
697 170 933 212 OSEAM.
995 169 1144 210 TOM.
1177 169 1255 209 IV.
1618 169 1698 208 167

122 281 272 344 με’νων
306 280 364 332 τὰ
398 280 454 350 ἐξ
484 282 641 348 ὀργῆς,
667 280 994 348 καταλήψεται
1025 278 1086 341 δὲ,
1121 280 1197 329 καὶ
1226 276 1358 342 μάλα
1388 279 1588 343 γοργῶς,
1624 276 1699 325 καὶ

122 362 228 417 τοὺς
273 369 372 417 ταῖς
423 364 644 414 ἀνωτάτω
686 367 838 426 τιμαῖς
877 364 1110 430 ἐντρυφᾶν
1151 359 1385 413 εἰωθότας.
1467 359 1698 410 πεσοῦνται

122 436 216 503 γὰρ
250 439 286 489 ἐν
321 441 542 509 ῥομφαία,
570 439 645 488 καὶ
670 436 913 505 πρόφασις
939 436 1073 487 ἔσται
1103 440 1185 486 τοῦ
1218 438 1384 486 παθεῖν
1414 431 1591 494 αὐτοὺς,
1618 434 1701 495 τῆς

121 519 336 584 γλώσσης
358 519 412 571 τὸ
438 519 655 586 ἀσελγές.
711 515 989 570 ἀπαιδευσία
1014 516 1107 584 γὰρ
1134 519 1322 581 άληθῶς
1353 515 1406 566 τὸ
1435 522 1460 544 “
1476 518 1543 584 τῷ
1569 513 1701 583 ξύλῳ
1762 533 1856 564 Hier.
1867 533 1902 565 ii.

0 617 21 666 ξ’
79 626 100 663 5
122 609 148 631 ‘⁴
174 601 328 668 λε’γειν
355 601 475 656 Θεός
500 625 590 664 μου
615 599 656 652 εἷ
678 601 756 651 σύ·
796 603 871 651 καὶ
896 603 962 669 τῷ
989 601 1108 668 λίθῳ
1136 598 1205 649 Σὺ
1230 597 1483 664 ε’γέννησάς
1510 598 1611 660 με.”
1765 585 1814 618 27’

194 682 445 751 εΑρμόσειε
485 687 525 735 δ’
562 683 618 734 ἂν
652 684 701 734 εὖ
736 681 869 746 μάλα
907 683 981 732 καὶ
1019 680 1078 732 τὰ
1116 680 1266 731 τοιάδε
1301 679 1454 745 λέγειν
1486 682 1552 748 τῷ
1577 678 1694 742 Ἐμ-
1719 705 1740 731 e

119 766 346 831 μανουὴλ,
386 765 492 818 καθ’
536 767 590 817 οὗ
630 765 715 829 τὴν
751 764 1027 815 ἀπαίδευτον
1071 763 1337 826 κεκινήκασι
1377 766 1616 827 γλῶσσαν
1660 764 1702 811 οἱ

121 854 408 915 γραμματεῖς
449 871 498 900 τε
551 850 625 899 καὶ
669 850 934 913 Φαρισαῖοι,
985 846 1132 897 καίτοι
1176 843 1474 897 παιδεύοντος
1525 867 1574 894 τε
1627 845 1702 894 καὶ

122 932 470 998 κατισχύοντος,
515 933 660 994 δῆλον
703 929 752 980 δὲ
797 928 867 979 ὅτι
909 931 1246 991 πνευματικῶς·
1304 924 1368 976 ῶν
1411 925 1541 976 οὐδὲν
1581 927 1699 976 ὑπο-

54 1043 101 1067 10
121 1013 442 1079 λογισάμενοι,
476 1014 551 1063 καὶ
586 1010 968 1080 ἀπεστράφησαν
1007 1012 1068 1063 εἰς
1107 1008 1250 1060 οὐδέν.
1318 1008 1574 1074 ἐτράποντο
1608 1006 1702 1073 γὰρ

18 1106 21 1150 ἓ
120 1098 181 1149 εἷς
220 1102 247 1124 “
272 1095 592 1156 διδασκαλίας,
638 1094 907 1158 ἐντάλματα
952 1092 1258 1159 ἀνθρώπων.”
1331 1094 1405 1142 καὶ
1447 1089 1703 1157 γεγόνασιν
1765 1105 1924 1137 SMatth.

120 1179 182 1231 ὡς
222 1177 362 1246 τόξον
401 1176 823 1243 άντεστραμμένον,
868 1175 1135 1238 βάλλοντες
1170 1176 1371 1229 ἀνοσίως
1406 1173 1489 1224 τὸν
1527 1176 1702 1225 ἑαυτῶν
1763 1160 1865 1191 xv.9.

17 1294 20 1314 ι
121 1259 392 1324 Δεσπότην,
418 1259 471 1310 οὗ
500 1264 690 1323 μᾶλλον
720 1261 860 1326 ἐχρῆν
887 1260 1214 1325 ὑπεραθλῆσαι
1237 1261 1440 1321 γενικῶς,
1469 1258 1543 1306 καὶ
1570 1259 1701 1306 νικᾶν

119 1343 386 1408 ἐπείγεσθαι
420 1341 526 1397 τοὺς
561 1341 985 1406 ἀντιτεταγμένους,
1021 1339 1144 1391 καθὰ
1174 1342 1248 1391 καὶ
1288 1344 1328 1390 οἱ
1368 1343 1462 1390 τῶν
1500 1361 1697 1390 πιστευ-
1720 1362 1742 1386 a
1782 1352 1851 1387 117
1872 1351 1921 1385 A.

55 1449 100 1484 15
120 1425 310 1476 σάντων
341 1424 528 1491 γνήσιοι
560 1425 779 1489 μαθηταί.

124 1649 258 1694 Οὗτος
285 1653 307 1694 ὀ
336 1651 574 1708 φαυλισμὸε
609 1651 750 1692 αὐτῶν
776 1651 821 1692 ἐν
849 1654 897 1708 τῷ
925 1648 1118 1703 ΑἰΓύΠτῳ
1145 1647 1204 1691 εἷς
1243 1649 1401 1690 κόλπον
1433 1646 1586 1688 αὐτῶν.
1640 1647 1701 1687 ὡς
1738 1650 1838 1699 Κεφ.
1861 1645 1909 1698 η’.

190 1741 250 1787 Γιῒι,
284 1737 344 1778 ὡς
381 1735 507 1777 ἀετὸς
545 1735 603 1776 ἐπ’
642 1730 758 1776 οἶκον
799 1734 961 1791 Κυρίου,
991 1734 1075 1775 ἀνθ’
1116 1732 1175 1774 ὧν
1214 1734 1461 1790 ΠαρὲβΗσαν
1499 1732 1575 1772 *su-'w
1614 1730 1704 1771 δια-

0 1829 21 1850 ·’
191 1821 323 1862 ΘήκΗν
350 1835 441 1871 μου,
470 1819 537 1860 καὶ
565 1819 671 1861 κατὰ
697 1822 769 1861 τοῦ
794 1820 923 1868 νόμου
949 1834 1028 1867 μου
1057 1818 1280 1868 ἀσέβι-ιοαν.

195 1946 429 2015 Ἀσαφῶς
459 1944 544 2008 μὲν
579 1946 688 1995 λίαν
725 1944 898 2011 ε’ίρηται
929 1946 1074 2007 ταυτὶ,
1101 1947 1182 2008 τῆς
1206 1944 1457 2010 Ἐβραίων,
1494 1942 1703 2010 καθάπερ
1722 1948 1749 1989 b

55 2053 103 2078 20
122 2029 311 2097 ἐγῷμαι,
350 2031 510 2098 φωνῆς
542 2027 733 2090 πολλὴν
775 2027 1059 2092 ἐμποιούσης
1096 2032 1191 2081 τοῖς
1234 2025 1581 2092 διερμηνεύουσι
1619 2025 1705 2090 τὴν

123 2110 408 2178 δυσχέρειαν·
452 2110 666 2173 ἑπόμενοι
694 2109 741 2160 δὲ
773 2110 899 2173 ἡμεῖς
923 2114 981 2177 τῇ
1007 2114 1100 2160 τῶν
1127 2109 1370 2173 νοημάτων
1395 2107 1538 2177 τάξει,
1565 2107 1618 2158 τὸ
1643 2112 1706 2162 εἷς

123 2199 232 2245 νοῦν
265 2193 377 2259 ἧκον
415 2195 622 2260 ἐροῦμεν.
684 2191 800 2247 οὗτος
831 2192 985 2242 τοίνυν
1021 2198 1038 2244 ὁ
1079 2191 1346 2261 φαυλισμὶς
1378 2190 1518 2241 αὐτῶν
1553 2192 1705 2257 φησὶν

124 2277 161 2327 ἐν
198 2282 256 2348 γῇ
301 2276 533 2346 Αἰγύπτῳ,
571 2274 825 2337 τουτέστιν,
860 2273 1102 2340 ἐπειδήπερ
1145 2272 1223 2336 ἐμὲ
1261 2272 1342 2324 τὸν
1385 2274 1452 2322 ἀεὶ
1490 2272 1704 2338 σώζοντα

124 2360 200 2409 καὶ
229 2358 508 2410 παιδεύοντα
539 2359 614 2408 καὶ
648 2356 1033 2423 ἀκαταγώνιστον
1070 2355 1253 2406 τιθέντα
1286 2358 1382 2408 τοῖς
1420 2352 1705 2417 ἀνθεστηκό-

0 2437 4 2445 ι

3 2484 10 2495 Ι

57 2457 104 2495 25
125 2460 217 2493 σιν·
253 2442 484 2509 ἐνίσχυσα
510 2439 602 2507 γὰρ
638 2439 819 2494 αὐτούς·
861 2438 1183 2508 ἐξεφαύλισαν
1209 2436 1425 2494 ἀνοσίως,
1455 2437 1704 2499 δαιμονίοις

124 2523 210 2588 μὲν
249 2523 558 2587 ἀπονέμοντες
596 2522 679 2577 τὰς
721 2523 952 2588 λατρείας,
998 2519 1400 2586 ἐπιθαρσήσαντες
1445 2517 1492 2568 δὲ
1533 2520 1608 2569 καὶ
1645 2522 1702 2586 τῇ
1722 2538 1744 2566 c

124 2611 218 2658 τῶν
244 2605 514 2672 Αἰγυπτίων
545 2609 621 2673 γῇ,
648 2606 723 2656 καὶ
760 2603 1048 2671 ἀποχρήσειν
1073 2603 1227 2656 αὐτοῖς
1253 2605 1313 2654 εἷς
1348 2601 1591 2667 εὐημερίαν
1620 2599 1704 2654 τὰς

125 2691 294 2741 ἐκεῖθεν
334 2689 594 2754 ἐπικουρίας
639 2686 850 2750 οἰόμενοι,
881 2685 1098 2752 ταύτῃτοι
1144 2685 1218 2734 καὶ
1261 2689 1320 2739 εἰς
1362 2682 1527 2735 κόλπον
1566 2682 1705 2735 αὐτῶν

173 2851 206 2881 4.
234 2839 385 2883 γλώττης
405 2836 489 2871 D.b.
632 2845 665 2881 5.
691 2850 731 2880 με
750 2834 930 2879 ἐγέννησας
946 2845 1009 2878 pro
1027 2832 1209 2878 ἐγέννησας
1225 2847 1265 2876 με
1282 2832 1318 2867 b.
1447 2841 1478 2878 7.
1496 2834 1652 2878 γλῶτταν
1669 2832 1706 2867 b.

127 2886 160 2920 8.
180 2885 232 2919 καὶ
250 2886 281 2918 οἱ
299 2896 361 2929 pro
379 2899 413 2918 τε
433 2885 485 2917 καὶ
503 2883 599 2928 prius
619 2882 653 2916 b.
919 2891 974 2913 22.
1001 2881 1018 2913 ὁ
1036 2880 1232 2924 φαυλισμὸς
1248 2880 1356 2914 αὐτῶν
1373 2886 1452 2925 post
1468 2880 1578 2925 φησὶν
1595 2886 1638 2913 tr.
1659 2879 1704 2913 D.

129 2943 184 2974 25.
211 2931 450 2976 ἐξεφαύλησαν
469 2930 559 2964 Edd.
706 2928 759 2961 26.
785 2928 843 2963 τὰς
861 2932 1080 2971 assumptum
1099 2938 1139 2960 ex
1157 2926 1287 2961 B.D.b.
1432 2937 1486 2973 27.
1511 2926 1704 2971 εὐημερίαν]

129 2979 302 3023 εὐημερίας
322 2978 410 3012 Edd.
431 2977 546 3011 invitis
567 2975 697 3009 B.D.b.
