2021 3434
113 214 154 253 ii.
186 225 247 267 15.
582 217 655 257 IN
698 218 931 258 OSEAM.
993 217 1141 257 TOM.
1176 216 1236 256 Π.
1636 215 1687 253 65

110 329 137 350 “
160 323 275 386 με’νη
328 322 417 376 ὑπὸ
476 325 667 377 πάντων
730 327 1005 394 ἀνθρώπων,
1053 324 1388 394 φανερούμενοι
1451 322 1521 374 ὅτι
1584 322 1691 374 ἐστὲ

110 411 136 433 “
159 405 391 470 ἐπιστολὴ
423 410 640 474 Χριστοῦ
675 412 1004 474 διακονηθεῖσα
1042 410 1118 476 ὑφ’
1153 409 1297 471 ἡμῶν,
1336 405 1691 472 ἐγγεγραμμένη

110 493 136 515 “
163 487 216 537 οὐ
249 487 432 552 μέλανι,
466 490 596 540 ἀλλὰ
639 491 877 555 Πνεύματι
917 495 1042 542 Θεοῦ
1081 489 1295 557 ζῶντος.”
1361 489 1565 539 διδακτοὶ
1599 485 1692 553 γὰρ

110 572 234 620 Θεοῦ
271 569 532 636 γεγόναμεν
575 595 617 622 οι
658 571 1032 626 πεπιστευκότες·
1096 574 1170 622 καὶ
1215 577 1330 637 γοῦν
1370 571 1394 621 ὁ
1440 570 1693 624 θεσπέσιος

68 660 89 698 5
108 650 326 716 Ἰωάννης
369 654 760 722 προσπεφώνηκε,
805 655 960 720 λεγων
999 661 1026 683 “
1050 656 1143 705 Καὶ
1184 655 1309 718 ὑμεῖς·
1348 653 1530 720 χρίσμα
1568 651 1694 718 ε”χετε

124 732 253 784 ζἀπο
302 741 384 786 τοῦ
435 737 583 801 ἁγίου,
634 738 710 786 καὶ
767 737 819 786 οὐ
876 735 1037 803 χρείαν
1088 735 1225 803 ἔχετε,
1264 736 1338 785 ἵνα
1383 758 1452 788 τις
1491 733 1692 801 διδάσκῃ

109 823 135 845 “
162 817 291 879 ὑμᾶς·
341 816 474 867 ἀλλὰ
512 816 666 871 καθὼς
703 817 757 868 τὸ
800 819 942 868 αὐτοῦ
975 823 1158 881 πνεῦμα
1188 817 1399 868 διδάσκει
1438 819 1554 880 ὑμᾶς
1588 818 1692 882 περὶ

109 904 137 926 “
162 897 392 951 πάντων.”
484 899 859 968 παραδεξάμενοι
907 901 1064 952 τοίνυν
1112 898 1166 950 τὸ
1232 903 1441 962 Πνεῦμα,
1505 901 1579 949 καὶ
1631 903 1694 952 εἰς

109 980 300 1044 καρδίαν
344 981 440 1031 ε”σω
493 981 662 1033 λοιπὸν
716 982 899 1050 ἔχοντες
953 980 1094 1033 αὐτὸν
1146 983 1411 1032 ἐνοικοῦντα
1463 980 1693 1047 Χριστὸν,

0 1057 1 1087 ³
45 1087 91 1112 10
109 1066 202 1112 τῶν
261 1064 529 1128 ἀναγκαίων
591 1064 861 1130 εἰσηγητὴν,
909 1063 1102 1129 ἀπάσης
1165 1063 1297 1118 εὐθὺς
1354 1065 1520 1131 ἀρετῆς
1571 1064 1695 1114 ἱδεάν

108 1144 514 1211 πεπλουτήκαμεν,
569 1149 644 1198 καὶ
705 1147 791 1212 τὴν
845 1151 939 1198 τῶν
1001 1151 1326 1211 πνευματικῶν
1387 1145 1696 1214 χαρισμάτων

109 1229 367 1296 ἀμφιλαφῆ
406 1252 455 1280 τε
490 1232 566 1280 καὶ
605 1228 944 1295 ἀναπόβλητον
978 1233 1162 1293 κτῆσιν.
1231 1232 1306 1280 καὶ
1331 1229 1387 1294 δὴ
1414 1228 1533 1295 πρὸς
1558 1236 1695 1281 τοῦτο

110 1309 229 1373 ἡμᾶς
254 1312 447 1374 ε’μπεδοῖ
476 1310 678 1381 γράφων
714 1316 926 1366 Παῦλος·
971 1310 1124 1363 ““Ότι
1150 1310 1180 1362 ἃ
1207 1311 1457 1380 ὀφθαλμὸς
1485 1313 1567 1363 οὐκ
1595 1311 1693 1375 εἶδε,

127 1394 236 1442 ‘mu
262 1393 339 1446 οῦς
366 1394 448 1444 οὐκ
473 1395 658 1458 ἤκουσε,
685 1396 760 1446 καὶ
799 1396 874 1446 ἐπὶ
913 1395 1107 1461 καρδίαν
1137 1394 1387 1461 ἀνθρώπου
1419 1395 1501 1446 οὐκ
1536 1395 1695 1460 ἀνέβη,

48 1496 91 1533 15
111 1481 137 1502 ‘⁶
164 1471 194 1523 ἃ
223 1474 477 1538 ἡτοίμασεν
502 1477 527 1526 ὁ
553 1475 675 1531 Θεὸς
707 1481 802 1531 τοῖς
831 1478 1084 1542 ἀγαπῶσιν
1109 1475 1295 1527 αὐτόν.”
1349 1476 1696 1543 ἐπαγγέλλεται

110 1557 263 1607 τοίνυν
304 1560 517 1619 λαλήσειν
559 1565 616 1614 εἰς
652 1558 722 1619 τὴν
766 1556 953 1629 καρδίαν
995 1558 1146 1619 αὐτῆς·
1188 1558 1470 1623 κεκλήσεται
1507 1559 1600 1627 γὰρ
1635 1564 1695 1614 εἷς

111 1641 366 1705 ἐπίγνωσιν
401 1642 429 1705 ἡ
461 1646 555 1693 τῶν
583 1641 821 1693 Ἰουδαίων
857 1640 1136 1708 Συναγωγὴ,
1166 1640 1273 1695 τοὺς
1313 1643 1461 1696 θείους·
1493 1647 1553 1696 εἰς
1588 1648 1697 1693 νοῦν

111 1728 335 1783 λαβοῦσα
367 1722 534 1788 νόμους
566 1723 996 1792 ἐγκεχαραγμένους
1028 1723 1103 1775 διὰ
1133 1729 1216 1775 τοῦ
1253 1723 1542 1787 Πνεύματος,
1575 1723 1697 1775 καθα

111 1807 186 1855 καὶ
211 1805 239 1869 ἡ
265 1805 322 1875 ἐξ
343 1808 489 1857 ἐθνῶν
513 1807 760 1871 ἐκκλησία·
801 1806 936 1857 ε”σται
962 1805 1011 1857 δὲ
1041 1805 1101 1858 τα
1135 1807 1348 1874 κτήματα
1375 1806 1506 1867 αὐτῆς
1533 1806 1694 1868 ἐκεῖθεν,

46 1912 92 1936 20
111 1890 212 1938 ἀντὶ
250 1894 332 1939 τοῦ
371 1890 590 1951 ἐντεῦθεν,
630 1888 778 1955 ἤγουν
818 1892 951 1940 τοῦδε
995 1895 1078 1940 τοῦ
1115 1887 1408 1955 πράγματος.
1474 1888 1567 1939 ἀπὸ
1603 1888 1695 1955 γάρ

111 1993 181 2021 τοι
200 1977 281 2022 τοῦ
303 1974 517 2036 λαλῆσαι
537 1970 662 2023 Θεὸν
688 1972 736 2022 ἐν
764 1972 872 2035 ἡμῖν
899 1972 1130 2039 ἐνηχῆσαί
1152 1994 1200 2022 τε
1225 1971 1300 2022 διὰ
1319 1977 1401 2022 τοῦ
1423 1970 1696 2033 Πνεύματος

111 2051 169 2103 τὰ
204 2052 388 2120 ὅσαπερ
422 2076 553 2105 εστιν
588 2056 820 2120 ἀναγκαῖα
852 2053 971 2120 πρὸς
1010 2053 1129 2120 ζωὴν
1168 2056 1243 2104 καὶ
1282 2054 1572 2120 θεογνωσίαν
1610 2052 1696 2116 τὴν

112 2136 159 2185 ἐν
183 2139 383 2205 Χριστῶ
409 2159 672 2201 νοουμενην,
701 2136 755 2187 δι’
777 2136 831 2187 οῦ
857 2159 932 2186 και
958 2138 1005 2187 ἐν
1033 2160 1070 2186 ω
1096 2159 1179 2187 τον
1201 2136 1392 2202 Πατερα
1426 2134 1694 2199 τεθεάμεθα,

111 2217 518 2283 πεπλουτήκαμεν,
545 2221 608 2272 ὡς
639 2220 773 2287 ἐφην,
799 2242 884 2283 την
914 2217 1184 2284 ἀμαραντον
1217 2220 1398 2279 ἐλπιδα,
1425 2217 1510 2280 τὴν
1537 2217 1694 2286 δόξαν,

47 2324 93 2362 25
112 2300 170 2352 τὰ
209 2301 458 2369 αὐχήματα
494 2305 576 2366 τῆς
612 2302 859 2364 υἱοθεσίας,
897 2301 982 2365 τὴν
1019 2300 1170 2368 χάριν,
1205 2303 1279 2352 καὶ
1318 2300 1371 2352 τὸ
1410 2301 1534 2369 αὐτῷ
1573 2323 1695 2364 συμ-

111 2389 402 2444 βασιλεῦσαι
435 2387 652 2453 Χριστῷ·
700 2383 834 2434 αὗται
862 2388 956 2434 τῶν
990 2384 1136 2448 ἁγίων
1175 2386 1221 2433 αἱ
1261 2383 1463 2446 κτήσεις·
1507 2382 1640 2435 οὗτος
1670 2384 1694 2433 ὁ

112 2465 320 2532 οὐράνιος
351 2472 572 2520 πλοῦτος.
639 2470 828 2533 φρονεῖν
853 2465 937 2529 μὲν
963 2464 1056 2530 γὰρ
1080 2464 1320 2531 ἀνέχονται
1355 2467 1449 2513 τῶν
1482 2465 1695 2529 ἐπιγείων

113 2547 258 2599 οὐδέν·
301 2548 594 2612 μεμισήκασι
618 2547 665 2598 δὲ
691 2547 774 2598 τὸν
800 2546 983 2611 κόσμον
1009 2549 1083 2597 καὶ
1110 2546 1168 2596 τὰ
1193 2548 1241 2596 ἐν
1266 2547 1404 2615 αὐτῷ.

335 2667 409 2708 Καὶ
435 2667 510 2708 τὴν
539 2667 716 2708 κοιλάδα
738 2667 878 2723 Ἀχὼρ
906 2664 1113 2708 διοινοῖἓοιι
1137 2668 1301 2708 σύνεσιν
1329 2667 1473 2708 αὐτῆς.

48 2782 96 2817 30
179 2757 388 2828 ’Έψεται
425 2758 572 2810 πάλιν
609 2763 676 2828 τῷ
708 2757 839 2827 λόγῳ
874 2758 928 2808 τὸ
962 2755 1100 2809 δώσω.
1167 2757 1308 2807 δώσω
1345 2755 1438 2823 γάρ
1474 2761 1597 2825 φησι
1635 2755 1694 2806 τὰ

115 2840 326 2905 κτήματα
368 2842 508 2905 αὐτῆς
554 2842 740 2891 ἐκεῖθεν·
796 2840 938 2890 δώσω
977 2839 1024 2890 δὲ
1059 2841 1227 2903 ὁμοίως
1261 2846 1337 2890 καὶ
1374 2838 1452 2899 τὴν
1492 2836 1693 2890 uomodo&

165 2951 193 2974 1.
219 2939 449 2984 φανερουμένη
470 2940 512 2974 Β.
610 2949 640 2985 7.
667 2953 744 2983 περι
760 2940 893 2973 πάντων
910 2938 1180 2972 01n.B.Stat1m
1199 2938 1283 2972 haec
1300 2938 1566 2982 παραδεξάμενοι
1583 2938 1694 2971 τοίνιν

114 2987 152 3021 τὸ
171 2989 307 3029 Πνεῦμα
323 2990 545 3022 accesserunt
562 2999 602 3021 ex
624 2987 665 3019 Β.
780 2997 832 3030 13.
859 2983 928 3019 οἶδε
946 2997 1009 3030 plo
1026 2983 1092 3019 εἶδε
1113 2985 1202 3019 E.dd
1221 2992 1300 3019 ante
1319 2985 1693 3028 Migne.14.x<1*1

116 3039 194 3077 post
212 3036 335 3077 ἤκουσε
352 3045 422 3068 om.
440 3033 500 3068 iid.
610 3044 664 3067 21.
691 3033 744 3067 καὶ
762 3044 824 3077 pro
842 3032 896 3066 διὰ
914 3033 973 3067 iid.
1080 3043 1137 3077 31-
1163 3033 1215 3066 καὶ
1233 3039 1454 3077 assumptum
1474 3044 1515 3065 ex
1537 3032 1576 3066 B.

174 3102 264 3130 VOL.
287 3103 314 3129 1.
859 3102 886 3129 K

1754 513 1785 561 S:
1801 512 1819 543 ,1
1828 523 1899 542 oan.

1753 567 1794 586 Vl.
1816 566 1867 595 45.

1759 669 1809 699 1S.
1815 669 1913 699 Joan.

1754 714 1787 743 ii.
1808 721 1890 752 20,'·
1878 733 1903 752 ¹.

1711 831 1737 872 b

1762 1340 1770 1358 ¹
1791 1330 1864 1360 Cor.

1755 1373 1788 1403 ii.
1807 1383 1838 1413 9.

1714 1585 1735 1610 Ο

1714 2311 1741 2351 d
