2021 3434
282 205 336 243 50
668 206 714 246 B.
759 204 1035 245 CYRILLI
1078 205 1458 246 ALEXANDR.
1685 202 1727 242 ii.
1750 216 1790 253 4,
1813 212 1851 254 5-

63 322 181 394 ξῇἰῐζῑῡῗι
283 314 386 376 περὶ
421 313 560 376 αὐτῆς
593 313 843 378 εἰρημένον·
911 314 935 362 ὁ
973 312 1057 375 μὲν
1095 312 1187 379 γὰρ
1231 313 1452 381 ἔφασκεν,
1492 311 1657 363 “Ἰδοῦ
1695 311 1857 376 ἡμέραι

67 416 114 437 12-
190 389 198 402 ’
286 399 312 422 “
336 393 560 460 ἔρχονται,
587 394 712 459 λέγει
736 394 925 458 Κύριος,
946 397 1020 445 καὶ
1047 395 1355 463 ἐξαποστελῶ
1383 393 1521 458 λιμὸν
1541 396 1614 446 ἐπὶ
1643 392 1729 458 τὴν
1754 398 1857 458 γῆν·

284 481 310 504 “
337 477 390 526 οὐ
416 476 555 538 λιμὸν
579 476 737 542 ἄρτου,
757 475 861 527 οὐδὲ
886 478 1033 543 δίψαν
1054 479 1231 540 ὕδατος,
1253 478 1382 528 ἀλλὰ
1401 475 1540 539 λιμὸν
1559 482 1640 527 τοῦ
1661 479 1860 526 ἀκοῦσαι

284 566 309 589 “
336 559 484 624 λόγον
524 560 715 626 Κυρίου·
772 562 847 611 καὶ
890 559 983 611 ἀπὸ
1017 563 1263 611 ἀνατολῶν
1298 561 1380 615 ἕως
1416 564 1610 624 δυσμῶν
1643 563 1860 626 περιδρα-

283 648 310 670 “
334 646 543 704 μοῦνται,
574 641 813 707 ζητοῦντες
838 641 920 693 τὸν
946 643 1092 709 λόγον
1120 645 1309 710 Κυρίου,
1337 646 1411 694 καὶ
1446 645 1498 693 οὐ
1529 642 1593 707 μὴ
1619 639 1856 708 εὖρωσιν·”
1880 653 1900 690 5

64 724 156 754 Hier.
169 724 210 754 vi.

67 775 82 808 7
112 769 130 798 8
282 724 502 789 Ἱερεμίας
537 724 585 775 δὲ
621 724 767 776 πάλιν
801 727 861 778 ὡς
897 727 945 776 ἐκ
978 725 1239 791 προσώπου
1277 731 1358 776 τοῦ
1397 728 1521 776 Θεοῦ
1560 723 1746 793 6(Πόνῳ
1785 726 1860 774 καὶ

239 809 265 849 b
285 812 312 833 ‘⁶
337 804 536 871 μάστιγι
561 806 854 875 παιδευθήσῃ
873 806 1201 872 Ἰερουσαλήμ·
1241 807 1305 871 μὴ
1332 810 1520 875 ἀποστῇ
1551 808 1578 870 ἡ
1611 805 1745 875 ψυχή
1771 828 1860 868 μου

284 894 311 916 “
335 886 427 938 ἀπὸ
463 894 566 950 σοῦ,
597 888 660 952 μὴ
696 888 881 953 ποιήσω
919 912 976 940 σε
1009 890 1187 951 ἄβατον
1225 893 1328 954 γῆν,
1360 890 1457 954 ἥτις
1495 890 1548 940 οὐ
1583 887 1856 952 κατοικηθή-

285 977 311 999 “
335 969 514 1021 σεται.”
574 970 758 1040 ἑκάστῳ
782 970 874 1038 γὰρ
900 972 1046 1035 ἡμῶν,
1077 973 1138 1024 ὡς
1170 972 1303 1038 ἔφην,
1328 972 1499 1037 λόγους
1531 975 1591 1025 εἰς
1619 976 1726 1021 νοῦν
1752 969 1857 1023 τοὺς

285 1051 360 1102 διὰ
394 1057 476 1102 τοῦ
511 1052 784 1116 Πνεύματος
826 1054 975 1117 ἐνίησι
1015 1052 1147 1115 Θεὸς,
1191 1054 1470 1121 ἀποτρέψειν
1509 1052 1759 1121 ἰσχύοντας
1796 1056 1857 1106 εἷς

285 1133 403 1200 ζωὴν
428 1134 624 1197 αἰώνιον,
650 1134 678 1199 ὴ
711 1137 784 1185 καὶ
817 1134 891 1185 διὰ
923 1138 1082 1203 φωνῆς
1117 1136 1260 1201 ἁγίων
1289 1137 1574 1187 καταπιαίνει
1607 1134 1854 1188 πολλάκις.

284 1219 637 1268 συνδιολεῖσθαι
669 1216 724 1281 δὴ
757 1218 837 1268 οὖν
871 1221 928 1285 τῇ
963 1219 1306 1287 πεπορνευμένῃ
1339 1221 1478 1284 μητρὶ
1509 1218 1568 1268 τὰ
1599 1217 1736 1268 τέκνα
1767 1220 1858 1268 δεῖν

285 1299 389 1367 ἔφη,
436 1302 510 1349 καὶ
559 1303 804 1365 οἰκτιρμῶν
848 1301 970 1366 δίχα.
1052 1300 1126 1351 διὰ
1175 1301 1315 1351 ποίαν
1364 1301 1540 1361 αἱτιάν;
1606 1300 1675 1350 ὅτι
1722 1300 1859 1349 τέκνα

285 1383 497 1448 πορνείας
532 1383 634 1433 εἰσί.
699 1384 772 1432 καὶ
814 1383 867 1432 οὐ
907 1382 963 1445 δή
1003 1406 1094 1433 που
1138 1383 1291 1450 φαμὲν
1332 1382 1402 1433 ὅτι
1440 1387 1535 1436 τοῖς
1572 1385 1654 1446 τῆς
1685 1379 1860 1446 μητρὸς

284 1463 691 1528 πλημμελήμασιν
733 1463 967 1515 ὑπόκειται
1004 1463 1174 1527 τέκνον,
1213 1468 1439 1525 βαδιεῖται
1477 1463 1570 1530 γὰρ
1608 1465 1717 1528 ἡμῖν
1755 1463 1860 1514 ὅποι

65 1549 165 1598 Dept.

65 1603 154 1623 XXIV.

68 1635 191 1709 ffigzsscssf'
245 1644 266 1668 C
286 1635 311 1656 ‘⁶
337 1628 532 1693 πατέρες
566 1627 679 1694 ὑπὲρ
713 1629 899 1690 τέκνων,
933 1628 1036 1680 οὐδὲ
1074 1630 1211 1680 τέκνα
1244 1628 1357 1695 ὑπὲρ
1388 1629 1620 1694 πατέρων·
1662 1629 1859 1681 ἕκαστος

64 1723 155 1753 xw'ii-
174 1732 224 1754 20·
285 1717 313 1739 ‘⁶
339 1714 396 1776 τῇ
423 1711 514 1779 ἰδίᾳ
544 1710 747 1779 ἁμαρτίᾳ
772 1710 1116 1761 ἀποθανεῖται.”
1181 1713 1336 1762 ἰστέον
1369 1711 1417 1762 δὲ
1447 1717 1648 1775 μᾶλλον,
1674 1711 1743 1761 ὅτι
1775 1708 1860 1761 κᾶν

283 1568 396 1596 ποτε
445 1546 535 1612 ἄρα
582 1546 636 1597 τὸ
689 1545 763 1596 διὰ
819 1549 978 1613 φωνῆς
1026 1547 1243 1613 Ἱεζεκιήλ
1305 1554 1333 1576 ‘⁶
1353 1548 1457 1598 Οὐκ
1519 1550 1860 1597 ἀποθανοῦνται

284 1794 517 1856 ἐπινοῆται
553 1792 814 1858 πρόσωπον
847 1792 1162 1860 πορνευούσης
1199 1793 1386 1860 μητρὸς,
1423 1795 1484 1847 ὡς
1524 1795 1572 1845 ἐν
1609 1793 1740 1863 τύπῳ
1779 1795 1860 1854 τῆς

287 1877 587 1940 Συναγωγῆς,
626 1876 735 1924 ἀλλ’
782 1875 912 1926 οὐδὲν
955 1875 1095 1939 ἧττον
1136 1876 1265 1926 αὐτοὶ
1305 1875 1452 1927 πάλιν
1495 1874 1552 1926 ἂν
1597 1874 1684 1926 εἶεν
1727 1878 1767 1925 οὶ
1808 1874 1864 1942 ἐξ

286 1957 439 2019 αὐτῆς.
499 1955 651 2021 λέγων
686 1955 747 2018 δὲ,
783 1957 842 2007 ’ὄτι
882 1960 1082 2025 πορνείας
1122 1962 1201 2008 εἰσ-ἲ
1241 1964 1385 2019 τέκνα,
1419 1958 1687 2026 παρέδειξεν
1721 1959 1854 2023 ἐναρ-

285 2042 393 2103 γῶς,
421 2037 491 2088 ὅτι
519 2042 612 2091 τοῖς
643 2040 724 2101 τῆς
759 2042 923 2102 νοητῆς
950 2041 1166 2105 πορνείας
1192 2039 1488 2106 ἐγκλήμασιν
1513 2041 1663 2108 ε”νοχοι
1689 2044 1861 2090 καθεσ-

285 2119 473 2184 τήκασι·
521 2121 595 2170 καὶ
633 2126 769 2171 τοῦτο
805 2121 861 2189 ἐξ
896 2122 1048 2171 αὐτῶν
1083 2124 1217 2172 οἱονεὶ
1255 2121 1548 2188 σπαργάνων
1574 2123 1650 2172 καὶ
1682 2122 1861 2187 μήτρας

287 2201 700 2266 δεδυσσεβηκότες,
735 2204 810 2252 καὶ
848 2202 950 2253 οὐδὲ
987 2203 1177 2254 πώποτε
1212 2208 1306 2254 τῶν
1340 2207 1400 2257 εἷς
1435 2204 1674 2263 εὐσέβειαν
1713 2204 1862 2270 ἔργων

245 2289 271 2329 d
289 2284 537 2352 ἁψάμενοι,
564 2282 916 2348 ἀνεπιτήδευτον
942 2284 989 2335 δὲ
1014 2289 1259 2339 παντελῶς
1288 2285 1373 2349 τὴν
1404 2285 1571 2352 ἀρετὴν
1596 2283 1860 2352 ἐσχηκότες,

289 2368 364 2416 καὶ
400 2366 485 2430 τὴν
519 2365 814 2416 ἁνδάνουσαν
850 2370 916 2436 τῷ
949 2370 1057 2435 Θεῷ
1090 2368 1253 2432 τρίβον
1285 2369 1337 2418 οὐ
1375 2367 1676 2432 τετιμηκότες.
1741 2369 1861 2418 οὕτω

70 2457 124 2488 Ps.
146 2456 214 2487 lvii.
290 2449 365 2497 καὶ
407 2449 431 2498 ὁ
472 2447 681 2516 ψάλλων
723 2449 886 2517 φησὶν,
939 2448 1475 2514 (ὄἈπηλλοτριώθησαν
1512 2453 1553 2500 οἱ
1591 2450 1862 2515 ἁμαρτωλοὶ

69 2513 101 2538 4⁶
291 2536 318 2557 ‘⁶
345 2528 436 2579 ἀπὸ
462 2529 653 2595 μήτρας,
679 2530 1017 2594 ἐπλανήθησαν
1043 2528 1134 2581 ἀπὸ
1161 2530 1381 2597 γαστρὸς,
1403 2530 1649 2596 ἐλάλησαν
1667 2530 1860 2600 ψευδῆ·”

292 2612 440 2661 καίτοι
482 2611 656 2665 παντὸς
700 2613 936 2674 εὐσεβοῦς,
982 2614 1054 2662 καὶ
1098 2617 1192 2665 τοῖς
1236 2615 1317 2676 τῆς
1369 2613 1662 2677 δικαιοσύνης
1712 2613 1863 2679 ἔργοις

292 2693 667 2757 ἐντεθραμμένου,
712 2698 940 2760 λαμπρῶς
980 2696 1239 2762 ἀναφωνεῖν
1281 2697 1534 2759 δυναμένου
1571 2694 1687 2762 πρὸς
1727 2693 1863 2758 Θεόν,

339 2868 372 2900 9.
396 2854 503 2900 ἡμῶν]
524 2854 599 2899 ἡμῖν
618 2856 707 2891 Edd.
727 2863 805 2891 ante
823 2857 957 2903 Migne.
1123 2870 1176 2893 12.
1204 2858 1444 2893 συνδιολέσθαι
1463 2858 1508 2893 D.
1529 2858 1652 2892 Statim
1670 2858 1709 2902 δὴ
1727 2870 1797 2893 om.
1815 2859 1863 2893 D.

298 2913 350 2944 14.
375 2904 445 2938 τοῖς
462 2914 530 2935 om.
549 2902 740 2937 Aubertus.
901 2905 952 2938 16.
979 2905 1042 2949 ἄρα
1060 2912 1278 2950 assumptum
1299 2918 1339 2939 ex
1359 2905 1404 2939 D.
1567 2916 1619 2950 17.
1645 2905 1742 2939 τέκνα
1759 2904 1861 2950 ὑπὲρ]

296 2949 364 2982 Hic
383 2948 479 2982 deest
497 2950 677 2993 quaternio
695 2950 722 2982 δ’
736 2950 771 2983 in
792 2950 836 2985 D.
852 2963 964 2996 usque
983 2951 1023 2985 ad
1045 2954 1115 2994 ἤτοι
1133 2953 1211 2996 ἐμὲκ
1229 2953 1322 2998 ἀχὼρ
1341 2962 1382 2997 47
1404 2951 1449 2986 D.
1658 2952 1711 2986 26.
1739 2954 1791 2986 καὶ
1809 2965 1864 2986 as-

296 3002 473 3040 sumptum
494 3007 533 3028 ex
556 2995 595 3028 B.

1887 1072 1933 1097 10
1990 1062 2021 1085 ·¹³

1887 1895 1935 1921 20
1973 1872 1990 1933 ·[

1887 2299 1935 2337 25

1889 2715 1939 2751 30
