2021 3434
92 203 147 243 iii.
176 204 240 254 16,
267 215 330 257 17.
530 204 603 244 IN
645 203 917 244 JOELEM.
977 202 1126 243 TOM.
1161 201 1221 241 II.
1581 196 1664 235 359

161 312 280 365 “Ore
330 314 388 366 τὰ
439 314 712 381 ἐγκλήματα
762 318 843 379 τῆς
893 312 1190 366 ἀποστασίας
1230 316 1325 365 τοῖς
1375 310 1431 379 ἐξ
1465 307 1668 375 Ἰσραὴλ

93 396 429 465 ἐπεγράφοντο,
465 400 540 448 καὶ
574 396 809 460 δαμάλεσι
847 396 931 459 μὲν
967 394 1285 461 προσεκύνουν
1323 397 1421 446 ταῖς
1457 395 1707 459 χρυσαῖς,θ

95 481 306 549 ἔφασκον
346 482 393 532 δὲ
431 482 631 535 ἀνοσίως
659 490 686 511 “
708 481 854 532 Ουτοι
894 484 934 531 οἱ
974 479 1072 531 θεοι
1106 503 1195 530 σου
1225 477 1439 544 Ἰσραὴλ,
1473 477 1518 527 οἵ
1552 499 1669 528 τινες
1730 487 1832 562 ἓξὲξ

96 571 123 592 “
151 562 388 629 ἀνήγαγόν
429 587 487 614 σε
532 565 580 614 ἐκ
625 566 711 628 γῆς
756 562 1037 628 Αἰγύπτου,”
1085 561 1187 612 τότε
1230 584 1303 610 και
1345 562 1554 612 ἀσθενεῖς
1596 580 1670 607 και
1851 540 1880 572 9

55 644 334 708 5εὑάλωτοι,
381 649 454 696 καὶ
498 650 592 698 τοῖς
635 647 875 708 πολεμίοις
917 643 1189 707 ἐτοιμοτάτη
1227 643 1498 708 προῦκειντο
1537 638 1671 705 θήρα·

97 727 313 794 ταύτῃτοι
346 730 420 778 καὶ
458 731 519 780 εἰς
558 727 888 793 αἰχμαλωσίαν
919 725 1193 789 ἐπέμποντο.
1262 722 1416 787 ἐπειδὴ
1444 722 1490 773 δέ
1517 723 1674 784 ε’λεήν-

96 832 185 871 ται,
213 811 287 859 καὶ
321 809 405 872 τὴν
439 809 612 860 ἑαυτῶν
644 807 955 877 κατῳκήκασι,
984 810 1226 874 χαλῶντος
1253 809 1377 856 Θεοῦ
1409 802 1491 858 τὰς
1516 803 1674 869 ὀργὰς,

98 892 270 959 ἄμαχοι
310 890 477 943 λοιπὸν
515 893 589 942 καὶ
633 890 1032 955 ἀνανταγώνιστοι
1077 888 1304 954 γεγόνασι
1341 892 1436 940 τοῖς
1480 889 1674 954 ἐχθροῖς,

99 975 304 1039 ἀμογητί
339 997 386 1024 τε
432 972 756 1040 κεκρατήκασι,
799 973 944 1023 καίτοι
987 970 1176 1023 πάντων
1214 975 1307 1021 τῶν
1346 972 1491 1021 ἐθνῶν
1525 993 1678 1020 συνει-

34 1079 82 1103 10
100 1059 339 1124 λεγμένων
373 1063 434 1113 εἰς
471 1058 640 1124 μάχην.
704 1056 941 1124 γνώσεσθαι
981 1056 1036 1121 δὴ
1075 1057 1155 1107 οῦν
1194 1058 1344 1124 φησὶν
1383 1053 1548 1108 αὐτοὺς
1586 1054 1718 1105 ἀπόᾶ
1747 1065 1830 1099 242
1846 1063 1897 1097 Α-

100 1165 156 1208 γε
195 1147 277 1193 τοῦ
316 1140 602 1209 κατισχύσαι
639 1145 733 1190 τῶν
768 1141 820 1190 δι’
848 1141 1067 1201 ἐναντίας,
1096 1138 1165 1189 ὅτι
1198 1140 1271 1189 καὶ
1305 1139 1353 1188 ἐν
1385 1138 1538 1190 αὐτοῖς
1564 1139 1679 1200 ἐστι,

102 1226 176 1275 καὶ
207 1223 548 1275 ἐπαναπαύεται
582 1222 750 1274 λοιπὸν
783 1225 840 1289 τῇ
873 1221 982 1275 Σιὼν
1008 1223 1069 1275 ὡς
1102 1222 1213 1290 ἁγίᾳ
1243 1219 1396 1272 πόλει.
1463 1218 1686 1287 ταύτῃτοί

104 1312 254 1374 φησιν
293 1306 362 1357 ὅτι
398 1308 599 1375 φείσεται
636 1303 720 1368 μὲν
755 1309 848 1355 τῶν
885 1305 1010 1355 ἰδίων
1045 1308 1188 1365 λαῶν,
1216 1306 1290 1354 καὶ
1329 1301 1682 1364 ἀλκιμωτάτους

104 1391 348 1456 ἀποφανεῖ,
374 1388 676 1452 μαθήσεσθαι
711 1387 758 1438 δὲ
797 1386 961 1440 αὐτοὺς
1000 1386 1083 1449 ὅτι,
1110 1385 1320 1452 καθάπερ
1351 1385 1469 1452 ε”φην
1501 1384 1681 1450 ἀρτίως,

39 1494 85 1532 15
105 1471 200 1535 μετ’
235 1473 386 1522 αὐτῶν
424 1471 569 1521 ἐστίν.
638 1471 832 1520 ἔσεσθαι
864 1469 919 1520 δέ
944 1473 1066 1537 φησι
1098 1467 1182 1532 τὴν
1207 1466 1495 1536 ζΙερουο-οιλῆμ.
1530 1470 1680 1532 ἁγίαν,

104 1556 187 1617 τῆς
211 1554 404 1620 ἀρχαίας
435 1576 526 1604 που
560 1550 745 1606 πάντως
779 1550 1051 1620 ἀφιλοθεΐας
1082 1548 1466 1615 ἀπηλλαγμένην·
1508 1550 1560 1600 οὐ
1588 1553 1683 1602 τοῖς

106 1635 424 1703 ψευδωνύμοις
473 1640 592 1689 θεοῖς
643 1634 970 1697 ἀπονέμουσαν
1018 1636 1099 1697 τῆς
1147 1633 1361 1699 λατρείας
1414 1630 1520 1686 τοὺς
1568 1630 1675 1697 τρό-

105 1741 235 1780 πους,
275 1719 327 1768 οὐ
365 1719 731 1786 ψευδομαντειάς
769 1717 834 1768 ἐτι
873 1720 947 1767 καὶ
984 1717 1193 1782 γοητείας
1231 1716 1339 1782 παρ’
1380 1716 1495 1782 αὐτῇ
1533 1737 1679 1777 τιμω-

106 1802 256 1865 μένης,
308 1800 499 1864 ἐννόμου
549 1800 596 1850 δὲ
646 1805 834 1862 μᾶλλον
879 1799 1142 1865 κρατούσης
1187 1797 1315 1863 ζωῆς,
1358 1799 1431 1847 καὶ
1477 1797 1726 1863 ἀρίστωνῙ)

44 1911 91 1936 20
108 1883 479 1946 ἐπιτηδευμάτων
524 1885 571 1933 ἐν
621 1884 808 1950 σπουδῇ
850 1881 1111 1947 γεγονότων
1154 1882 1322 1934 αὐτοῖς.
1388 1879 1587 1947 ἐχούσης
1637 1878 1684 1929 δὲ

110 1967 229 2016 οὕτω
285 1967 359 2016 καὶ
415 1963 573 2030 &affy
623 1965 867 2033 ᾑρημένης,
918 1964 1080 2014 οὐδένα
1129 1965 1251 2032 φησὶ
1301 1966 1395 2013 τῶν
1443 1963 1588 2012 ἐθνῶν
1634 1958 1686 2012 δι’

112 2047 243 2107 αὑτῆς
280 2048 658 2114 παρελεύσεσθαι,
695 2045 791 2097 οἷον
830 2047 912 2097 οὐκ
950 2046 1351 2111 εὐκαταγώνιστος
1391 2044 1524 2095 ε”σται
1561 2045 1688 2094 τισὶν

112 2129 215 2180 οὐδὲ
257 2132 304 2180 ἐν
337 2130 526 2199 παρόδῳ
570 2135 665 2184 τοῖς
708 2127 955 2180 ἐθέλουσιν
996 2127 1301 2195 ἁρπαζομένη,
1342 2129 1403 2180 ὡς
1446 2124 1686 2193 πρότερον,

112 2217 300 2276 μᾶλλον
351 2212 398 2264 δὲ
449 2212 690 2281 ἀσφαλὴς,
741 2213 815 2262 καὶ
865 2215 965 2264 ταῖς
1014 2211 1122 2277 παρ’
1178 2212 1288 2273 ἐμοῦ
1339 2208 1562 2271 δυνάμεσι
1611 2210 1686 2259 καὶ

49 2317 94 2355 25
114 2296 388 2361 ἐπικουρίαις
426 2295 473 2345 εὖ
511 2294 642 2357 μάλα
679 2293 1010 2361 τετειχισμένη.

167 2377 370 2441 Ἀληθές
397 2376 444 2429 δὲ
475 2376 528 2428 τὸ
564 2380 723 2444 χρῆμα
754 2375 840 2427 κᾶν
868 2380 904 2426 εἰ
935 2377 1002 2427 ἐπ’
1031 2376 1170 2439 αὐτῆς
1206 2379 1356 2425 νοοῖτο
1381 2376 1462 2436 τῆς
1486 2374 1689 2437 Ἐκκλη-

116 2461 223 2514 σίας
264 2464 495 2526 Χριστοῦ.
563 2460 747 2524 κήδεται
793 2457 884 2525 γὰρ
925 2463 1018 2508 τῶν
1060 2459 1186 2508 ἰδίων
1223 2460 1576 2522 προσκυνητῶν,
1614 2456 1689 2506 καὶ

116 2547 209 2593 τῶν
247 2543 485 2607 πολεμίων
528 2543 738 2605 ἀμείνους
783 2543 1010 2603 ἀποτελεῖ,
1046 2541 1273 2592 εὐσθενεῖς
1312 2540 1387 2588 καὶ
1426 2537 1726 2601 ἀλκιμωτά-ο

117 2647 237 2688 τους,
274 2627 349 2676 καὶ
389 2625 643 2692 εὐρωστίας
682 2623 909 2689 γέμοντας
954 2625 1033 2686 τῆς
1071 2623 1393 2685 πνευματικῆς,
1430 2620 1604 2674 εἰδότας
1642 2643 1690 2671 τε

167 2834 199 2867 9.
225 2838 260 2857 τε
278 2830 499 2868 assumptum
513 2834 554 2856 ex
573 2821 614 2855 Β.
792 2831 844 2862 14.
873 2819 969 2853 Haec
987 2819 1133 2863 καθάπερ
1152 2819 1272 2864 ἔφην’
1254 2819 1374 2864 αρτίως
1392 2825 1573 2864 assumpta
1589 2831 1630 2853 ex
1648 2819 1691 2854 B.

125 2869 245 2904 16-18.
272 2885 330 2928 της
346 2869 574 2915 ἀρχαίας-ου
591 2868 857 2912 ψευδομαντείας
881 2865 945 2911 ἔτι]
973 2866 1032 2910 τὴν
1055 2866 1198 2910 ἀρχαίαν
1221 2867 1351 2901 πάντως
1368 2865 1481 2900 ἀθεΐαν
1497 2867 1692 2907 ἀποβαλοῦ-

122 2930 197 2957 σαν,
215 2917 274 2951 οὐκ
291 2918 340 2951 ἔτι
357 2916 627 2962 ψευδομαντείας
645 2914 737 2949 Edd.
931 2925 982 2957 19.
1002 2911 1189 2958 ἐννόμου]’
1172 2928 1206 2946 εν
1223 2915 1312 2960 νόμῳ
1329 2912 1388 2947 iid.
1578 2925 1633 2948 20.
1660 2914 1695 2948 ἐν

121 2969 340 3008 assumptum
358 2976 398 2998 ex
418 2964 458 2997 B.
658 2973 712 2996 21.
738 2960 913 3006 ᾑρημένοις
928 2960 986 2994 iid.
1005 2966 1083 2994 ante
1102 2960 1236 3005 Migne.
1286 2961 1416 3006 ἐχθρῶν
1433 2972 1496 3006 pro
1513 2960 1616 2996 ἐθνῶν
1632 2960 1693 2995 iid.

124 3020 178 3053 29.
205 3011 257 3044 καὶ
274 3017 494 3055 assumptum
512 3022 552 3044 ex
574 3008 613 3043 B.
