2021 3434
324 200 409 239 584
719 199 767 238 B.
804 197 1077 238 CYRILLI
1123 197 1503 237 ALEXANDR.
1706 194 1748 234 ii.
1772 208 1811 248 9,
1835 205 1897 232 10.

324 306 552 370 λημμένοι
576 305 785 374 βρόχοις,
817 308 892 356 καὶ
918 310 1013 359 τοῖς
1039 305 1362 373 ψευδωνύμως
1388 308 1507 357 θεοῖς
1533 302 1820 354 ἀνατιθέντες
1845 299 1900 350 τὸ

325 388 485 450 σέβας,
525 390 601 439 καὶ
635 389 877 443 διώκοντες
916 386 1003 452 μὲν
1039 387 1177 454 ὄρνεα
1212 385 1457 448 πετόμενα,
1495 384 1580 449 τὴν
1615 385 1683 436 ἐπ’
1716 384 1901 434 ἐκείνοις

107 491 200 527 380
215 489 265 524 A.
288 501 309 524 a
326 468 544 535 δηλονότι
569 472 752 533 ἐλπίδα,
776 471 1099 533 ποιμαίνοντες
1126 468 1174 520 δὲ
1207 471 1283 520 καὶ
1316 468 1525 532 ἀνέμους,
1552 467 1635 517 οὐκ
1661 465 1902 534 ε’ξαιτοῦσι

325 552 454 619 παρὰ
491 559 582 604 σοῦ
623 552 706 604 τὸν
746 552 874 615 ἔλεον,
902 553 1005 603 οὔτε
1042 551 1135 616 μὴν
1172 551 1361 605 ἐλπίδος
1401 549 1514 600 ε’ίσω
1554 546 1784 614 γεγόνασι
1820 549 1903 609 τῆς
1998 611 1999 615 ¹

324 634 523 686 τοιᾶσδέ
540 657 670 688 ποτε.
723 634 815 701 ἐγὼ
842 633 890 686 δὲ
916 635 971 685 οὐ
994 635 1092 685 κατ’
1121 634 1331 686 ἐκείνους’
1370 632 1545 691 πόθεν;
1579 630 1689 681 ἀλλ’
1712 627 1815 680 οἶδά
1844 649 1901 678 σε
1922 649 1946 687 5
1996 630 2008 662 {v

324 715 408 768 τὸν
433 718 690 783 ἐπίκουρον,
717 716 799 768 τὸν
828 714 1009 783 ἀγαθόν
1040 739 1088 767 τε
1123 717 1199 766 καὶ
1233 715 1609 783 φιλοικτίρμονα.
1665 710 1904 777 τοιγάρτοι
1996 707 2000 714 ’

326 798 449 868 μετέι
474 799 616 869 φωνῆς
654 801 732 850 καὶ
769 798 972 864 δεήσεως
1003 799 1389 868 ἐξομολογήσομαι
1422 797 1507 847 σοί
1529 799 1667 863 φησι,
1695 795 1770 844 καὶ
1801 791 1899 842 ὦσ-

326 882 415 948 πέρ
452 905 496 933 τι
533 887 628 933 τῶν
666 881 996 945 εὐοσμοτάτων
1034 880 1337 944 θυμιαμάτων
1379 877 1604 942 ἀναθήσω
1643 874 1727 929 τάς
1771 873 1905 944 ᾠδὰς,

327 964 660 1031 χαριστηρίους
703 963 751 1015 δὲ
795 964 1014 1029 δηλονότι
1055 965 1130 1015 καὶ
1168 960 1481 1025 πνευματικὰς
1529 958 1778 1025 προσοίσω
1827 978 1907 1006 σοι

329 1045 511 1109 θυσίας,
540 1045 625 1111 τὴν
663 1045 962 1115 δοξολογίαν,
1000 1045 1084 1101 τὰς
1122 1045 1363 1113 εὐφημίας.
1420 1044 1700 1107 ἀποπερανῶ
1732 1039 1794 1101 δὲ,
1832 1039 1906 1088 καὶ
1929 1059 1977 1084 10
1997 1045 2007 1110 ὶ-

327 1127 461 1191 μάλα
495 1127 762 1195 προθύμως,
788 1127 871 1182 τὰς
904 1133 962 1184 εἷς
989 1128 1194 1198 σωτηρίαν
1226 1126 1379 1194 εὐχὰς,
1407 1123 1661 1185 τουτέστιν,
1700 1121 1794 1172 ὅσα
1828 1141 1908 1183 μοι

284 1209 382 1262 brb
423 1210 661 1277 σώζεσθαι
709 1209 1050 1277 κατεργάζεται,
1092 1211 1168 1261 καὶ
1216 1208 1301 1273 τὴν
1346 1207 1459 1270 ἐμὴν
1500 1206 1683 1269 ὀνίνησι
1725 1203 1904 1272 ψυχήν.

327 1297 466 1343 τοῦτο
493 1292 540 1344 δὲ
570 1292 628 1357 ἧν
655 1293 682 1357 ἡ
707 1292 825 1359 πρὸς
851 1292 977 1344 ἅπαν
1002 1293 1156 1343 ὁτιοῦν
1180 1295 1274 1342 τῶν
1295 1293 1402 1360 Θεῷ
1429 1288 1689 1340 δοκούντων
1715 1284 1907 1349 ὑπακοὴ,
1998 1296 2001 1330 9

329 1376 405 1425 καὶ
430 1378 512 1439 τῆς
537 1377 832 1444 προφητικῆς
858 1374 1149 1441 λειτουργίας
1164 1373 1477 1439 ἐκπλήρωσις,
1497 1369 1634 1421 ὄκνου
1659 1392 1708 1420 τε
1732 1367 1909 1421 παντὸς

329 1457 405 1507 καὶ
430 1457 747 1526 μικροψυχίας
773 1456 1080 1525 ἐξῃρημένων.
1931 1428 2002 1542 Ῑῧζ

404 1540 608 1606 Εὕχεται
631 1538 716 1603 μὲν
740 1539 822 1589 οὖν
849 1540 874 1589 ὁ
902 1537 1163 1606 Προφήτης
1188 1539 1236 1588 ἐν
1260 1539 1327 1607 τῷ
1351 1534 1476 1601 κήτει
1502 1534 1724 1601 γεγονώς.
1780 1533 1857 1583 καὶ
1883 1532 1908 1582 ὁ
1998 1547 2009 1599 j

329 1619 415 1684 μὲν
440 1621 585 1675 τύπος
618 1621 922 1687 ἀνθρώπινος,
952 1620 980 1684 ἡ
1019 1619 1068 1671 δὲ
1104 1618 1284 1684 ἀληθὴς
1322 1624 1404 1669 τοῦ
1442 1612 1908 1683 πράγματοςμεὶκών,
1998 1643 2002 1688 5

330 1704 546 1755 τουτέστι
571 1702 794 1770 Χριστὸς,
822 1703 1034 1771 ἐφαίνετο
1066 1700 1160 1769 πρὸ
1193 1706 1277 1752 τοῦ
1311 1701 1463 1764 τιμίου
1488 1703 1709 1765 σταυροῦ,
1736 1719 1905 1761 μονον·
1999 1701 2002 1715 '

332 1787 435 1854 ουχὶ
480 1787 556 1837 καὶ
597 1784 943 1848 εἱσβάλλοντος
980 1784 1068 1849 ἤδη
1106 1789 1190 1835 τοῦ
1233 1787 1412 1845 παθεῖν,
1451 1778 1569 1848 πρός
1609 1781 1691 1831 τὸν
1730 1781 1777 1830 ἐν
1814 1783 1910 1832 τοῖς
1998 1792 2010 1846 2

112 1895 314 1926 8.Μαι1;1ι.ο
333 1869 544 1935 οὐρανοῖς
577 1867 770 1934 Πατέρα
804 1866 958 1933 λέγων
991 1871 1094 1918 “El
1129 1866 1340 1928 δυνατὸν,
1375 1862 1649 1930 παρελθέτω
1687 1863 1764 1913 ἀπ’
1798 1862 1910 1924 ἐμοῦ
1931 1857 2002 1931 2οξ

111 1948 266 1981 '‘m'39'
333 1957 360 1980 ‘⁶
385 1950 439 2001 τὸ
477 1948 700 2017 ποτήριον
736 1951 914 2012 τοῦτο,”
953 1949 1117 2015 γέγονε
1155 1948 1203 2000 δὲ
1234 1950 1309 1999 καὶ
1334 1946 1558 2013 περιδεὴς,
1585 1947 1659 1997 καὶ
1694 1947 1755 1998 ὡς
1788 1966 1905 1995 συν-
1999 1951 2002 1954 ⁴

331 2032 564 2101 εχόμενος.
623 2036 660 2083 εἰ
686 2031 733 2082 δὲ
760 2031 816 2096 δὴ
843 2034 918 2083 καὶ
945 2033 994 2082 ἐν
1018 2036 1113 2085 τοῖς
1133 2031 1425 2098 ὑποχθονίοις
1441 2028 1722 2097 ἀφικόμενος
1739 2026 1911 2094 χώραις

331 2114 576 2179 λελάληκέ
595 2137 638 2166 τι
664 2119 758 2166 τῶν
784 2113 1104 2181 ἀνθρωπίνων,
1122 2112 1258 2167 αὐτὸς
1279 2110 1337 2163 ἂν
1361 2112 1512 2175 εἰδείη·
1550 2108 1799 2178 σφαλερὸν
1818 2107 1912 2174 γὰρ

332 2201 490 2248 εἰπεῖν.
556 2196 686 2262 πλὴν
711 2197 970 2264 εὑρήσομεν
996 2195 1078 2247 τὸν
1104 2195 1360 2247 θεσπέσιον
1388 2193 1571 2260 Πέτρον
1596 2193 1721 2261 αὐτῷ
1757 2213 1912 2257 προσ-

111 2298 200 2328 Acta
214 2297 267 2348 ξε.
334 2280 531 2344 νέμοντα
562 2279 622 2330 τὰ
656 2278 731 2331 διὰ
761 2282 921 2348 φωνῆς
951 2284 1034 2330 τοῦ
1061 2279 1235 2330 Δαυείδ
1260 2284 1287 2307 “
1308 2276 1404 2328 Διά
1435 2281 1572 2326 τοῦτο
1599 2275 1681 2325 οὐκ
1705 2274 1906 2339 ε’γκατα-
1931 2289 2002 2334 25ἶ

114 2343 254 2425 ἲγῙΪΡἸι’
334 2369 361 2392 “
389 2363 571 2431 λείψεις
608 2361 694 2426 τὴν
731 2360 895 2430 ψυχήν
931 2384 1023 2425 μου
1058 2365 1119 2414 εἰς
1154 2359 1285 2430 ᾅδην,
1328 2357 1430 2409 οὐδὲ
1462 2357 1628 2411 δώσεις
1662 2355 1745 2407 τὸν
1778 2354 1911 2406 ὅσιόν
1998 2343 2002 2363 ³

334 2452 363 2474 “
387 2468 479 2496 σου
503 2448 611 2496 ἰδεῖν
638 2442 940 2512 διαφθοράν.”
996 2443 1024 2507 ἡ
1052 2441 1146 2510 γὰρ
1172 2441 1305 2510 σάρξ
1327 2441 1468 2491 αὐτοῦ
1494 2440 1575 2490 οὐκ
1602 2436 1690 2489 εἶδε
1711 2440 1908 2506 διαφθο-

332 2525 436 2593 ράν.
503 2526 747 2594 τριήμερος
787 2525 879 2592 γὰρ
918 2526 1102 2588 ἀνεβίω,
1137 2523 1299 2575 καθότι
1336 2523 1418 2573 οὐκ
1462 2520 1520 2585 ἦν
1558 2520 1755 2572 δυνατὸν
1792 2518 1912 2586 ζωὴν
1999 2554 2011 2588 i=

290 2622 317 2662 d
335 2608 448 2660 ὄντα
510 2608 628 2660 κατὰ
689 2608 854 2676 φύσιν,
908 2606 1049 2659 αὐτὸν
1098 2611 1195 2661 τοῖς
1255 2611 1339 2658 τοῦ
1389 2603 1590 2656 θανάτου
1640 2606 1911 2669 κρατεῖσθαι

335 2694 542 2755 δεσμοῖς.
1930 2695 1978 2734 30

386 2833 415 2856 1.
442 2821 616 2859 ἀναθέντες
633 2822 680 2856 D.
699 2822 791 2857 Edd.
959 2833 991 2857 2.
1015 2823 1188 2866 πετώμενα
1207 2820 1298 2856 Edd.
1459 2829 1492 2863 3.
1518 2818 1673 2861 δηλονότι
1691 2822 1911 2862 assumptum

336 2879 378 2902 ex
398 2869 439 2902 B.
459 2869 555 2904 deest
571 2870 605 2903 in
626 2869 672 2904 D.
721 2869 862 2913 ἀνέμους
880 2869 974 2904 B.D.
992 2869 1135 2913 ἀνόμους
1154 2868 1246 2902 Edd.
1388 2875 1421 2909 5.
1450 2864 1593 2910 πόθεν;]
1623 2864 1681 2899 Sic
1697 2863 1789 2898 edidi
1807 2876 1848 2897 ex
1867 2863 1911 2898 Β.

336 2916 417 2948 ποτὲ
436 2916 527 2950 Edd.
615 2927 648 2962 9.
674 2931 730 2951 σοι
748 2928 818 2951 om.
839 2916 881 2950 B.
980 2927 1033 2951 10.
1059 2916 1298 2961 δοξολόγησιν,
1316 2913 1375 2956 τὴν
1392 2912 1559 2959 εὐφημίαν
1576 2911 1634 2946 iid.
1735 2922 1787 2955 13.
1813 2912 1913 2944 τοῦτο

337 2960 391 3006 δὲ]
410 2963 486 2995 τόδε
503 2962 563 2996 iid.
730 2975 786 2997 22.
811 2965 883 2999 τοῖς
900 2962 995 2998 deest
1011 2963 1048 2997 in
1068 2962 1159 2997 Edd.
1208 2964 1332 3008 χώροις
1350 2960 1392 2994 Β.
1568 2969 1623 3004 27.
1651 2958 1748 2993 Haec
1765 2957 1783 3001 ἦ
1799 2957 1913 3003 ’γὰρ-

337 3008 527 3053 διαφθορὰν
544 3017 764 3045 accesserunt
781 3022 821 3044 ex
842 3010 882 3044 B.
