2021 3434
81 476 96 496 2
103 473 131 504 7·

79 510 186 549 Supra

78 563 146 583 ver.
166 560 193 591 7.

80 922 238 953 SMatth.

79 966 136 997 vii.
157 975 172 997 2
178 975 208 1005 5.

80 1156 188 1197 Supra

79 1211 147 1232 ver.
167 1201 197 1232 8.

81 2078 186 2118 Supra

78 2132 147 2152 ver.
159 2131 191 2162 9.

301 228 384 268 726
664 226 713 266 B.
752 224 1026 266 CYRILLI
1078 223 1461 264 ALEXANDR.
1619 224 1687 264 vii.
1716 237 1778 273 10,
1806 237 1868 264 11.

301 335 392 385 Ποῦ
433 332 581 404 Κυριος
620 339 639 384 ὁ
684 333 795 386 Θεος
838 356 929 390 σου,
975 330 1241 401 φληνάφως
1278 328 1695 397 κατακεκράγασιν.
1758 332 1868 381 ἀλλ’

78 421 163 462 Eph·
178 432 209 452 V·
256 416 334 465 b‘'
302 440 329 481 η
354 438 409 516 γε
435 412 569 484 σοφή
603 436 652 465 τε
690 436 765 464 και
802 412 1041 479 πάναγνος
1066 414 1141 464 καὶ
1167 412 1278 478 ἁγία
1303 412 1596 478 παρθένος,
1571 436 1598 476 η
1624 413 1800 464 σπιλον
1823 436 1873 464 τε

300 500 376 549 καὶ
400 498 561 565 ῥυτίδα
585 495 650 560 μὴ
685 496 874 563 ἔχουσα,
901 494 1145 563 φήσειεν
1118 518 1175 545 αν
1201 494 1385 547 εἰκότως
1419 501 1444 524 “
1463 494 1592 560 Ἐγὼ
1619 493 1716 544 δὲ’
1695 498 1767 545 επὶ
1793 493 1875 545 τὸν

301 586 329 609 “
357 578 534 645 Κύριον
559 577 896 647 ἐπιβλέψομαι,
918 579 1132 641 ὑπομενῶ
1155 579 1228 628 ἐπὶ
1253 581 1319 645 τῷ
1341 580 1449 646 Θεῷ
1475 581 1540 647 τῷ
1562 577 1750 642 Σωτῆρί
1771 599 1874 641 μου,

301 668 329 691 “
351 660 679 712 εἶσακούσεταί
712 683 802 724 μου
836 660 860 710 ὁ
888 658 1008 713 Θεός
1033 659 1170 723 μου·”
1228 661 1551 720 καταπατήσει
1583 658 1630 710 δὲ
1662 658 1732 710 ὅτι
1769 659 1873 713 τοὺς
1895 677 1919 715 5

299 742 646 808 ἀνθεστηκότας
678 746 735 798 ως
771 742 909 802 wazu
944 738 1058 803 ὁὸὦν,
1084 743 1159 792 καὶ
1187 743 1248 795 ὡς
1279 741 1362 792 οὐκ
1394 739 1451 791 ἂν
1477 743 1724 810 ἐφησθεῖεν
1748 741 1875 792 εἱσά-

299 848 396 877 παν
421 826 552 893 αὐτῇ,
576 823 662 876 κᾶν
688 827 725 875 εἰ
755 822 1048 875 κατασείοιτό
1074 847 1188 886 πως,
1215 827 1256 874 οἱ
1280 823 1507 890 πειράζειν
1532 821 1751 886 εἰωθότες,
1776 828 1878 878 πῶς

301 907 431 958 ε”στιν
456 909 778 975 ἀμφιβαλεῖνς
821 913 848 936 “
864 906 1193 969 τεθεμελίωται
1218 904 1311 972 γὰρ
1338 907 1413 956 ἐπὶ
1449 905 1535 970 τὴν
1559 904 1774 971 πε’τραν,”
1801 908 1876 957 καὶ

300 989 431 1041 ἔστιν
455 991 595 1054 αὐτῆς
621 989 816 1056 ε”ρεισμα
841 987 1067 1055 Χριστὸς,
1095 989 1260 1054 κρηπὶς
1286 986 1586 1055 ἀκράδαντος,
1612 990 1688 1039 καὶ
1722 990 1873 1053 διηνε-

300 1072 383 1136 κὴς
407 1071 666 1142 ἀσφάλεια,
695 1070 863 1137 Σωτήρ
888 1094 938 1122 τε
964 1072 1040 1122 καὶ
1067 1070 1336 1136 Λυτρωτής.

375 1154 497 1219 Φαίη
522 1153 565 1206 δ’
594 1153 652 1205 ἂν
678 1152 808 1218 οἶμαί
840 1177 933 1205 που
970 1151 1023 1204 τό
1049 1161 1075 1183 “
1095 1152 1182 1217 Μὴ
1214 1153 1427 1220 ἐπίχαιρέ
1452 1176 1530 1217 μοι
1555 1153 1583 1218 ἡ
1610 1153 1757 1221 ἐχθρά
1787 1176 1878 1216 μου

300 1247 329 1270 “
354 1239 424 1292 ὅτι
449 1238 711 1302 πέπτωκα,”
741 1242 816 1290 καὶ
843 1238 937 1290 ὅσα
960 1238 1138 1292 τούτοις
1164 1237 1505 1304 συνήρμοσται,
1531 1241 1605 1289 καὶ
1629 1237 1878 1305 ἀνθρώπου

299 1320 450 1391 ψυχὴ,
475 1320 872 1387 πλημμελήσασα
904 1320 988 1386 μὲν
1022 1322 1097 1372 καὶ
1133 1321 1507 1386 κατεγνωσμένη,
1538 1326 1879 1388 μεταχωροῦσα

300 1405 356 1456 δέ
380 1428 481 1459 πως
511 1406 586 1455 ἐπὶ
620 1404 674 1455 τὸ
712 1406 878 1471 χρῆναι
904 1408 1140 1466 μετανοεῖν
1166 1406 1241 1453 καὶ
1266 1406 1347 1467 τῆς
1373 1402 1448 1454 διὰ
1473 1407 1687 1469 Χριστοῦ
1713 1426 1871 1467 σωτη-

299 1488 402 1554 ρίας
437 1486 712 1554 ἐκδεχομένη
749 1484 835 1550 τὴν
872 1484 1024 1554 χάριν.
1090 1487 1185 1551 ἐρεῖ
1213 1484 1304 1551 γὰρ
1344 1487 1404 1539 ὡς
1440 1484 1558 1551 πρὸς
1596 1484 1769 1553 ἐχθρὰν
1793 1484 1878 1550 τὴν

299 1568 669 1636 τυραννήσασαν
695 1569 927 1635 ἁμαρτίαν
953 1567 1039 1632 Μὴ
1067 1568 1281 1636 ἐπίχαιρέ
1299 1588 1394 1632 μοι·
1435 1567 1659 1619 πέπτωκα
1683 1567 1767 1637 μὲν
1786 1566 1878 1634 γὰρ

300 1652 704 1717 ὁμολογουμένως,
739 1650 793 1702 τὸ
832 1652 898 1721 τῷ
941 1654 1050 1720 Θεῷ
1091 1652 1258 1701 δοκοῦν
1300 1649 1644 1716 παραλύσασα,
1679 1650 1754 1700 καὶ
1797 1647 1881 1700 τὸν

299 1735 500 1798 ἐμαυτῆς
543 1738 742 1785 καθεῖσα
786 1739 896 1784 νοῦν
940 1737 1001 1787 εἰς
1046 1733 1324 1801 φιληδονίας
1367 1731 1611 1797 κοσμικάς.
1675 1731 1784 1782 ἀλλ’
1828 1731 1882 1781 οὐ

255 1815 484 1884 ᾶμακρὰν
526 1817 716 1870 ἐλπίδος
760 1818 849 1879 εἰμὶ
894 1815 964 1866 ὅτι
1009 1818 1082 1866 καὶ
1124 1815 1469 1880 ἀναστήσομαι,
1512 1813 1598 1865 κᾶν
1636 1817 1672 1864 εἷ
1712 1811 1883 1879 γέγονά

299 1922 400 1953 πως
425 1900 473 1949 ἐν
496 1897 642 1967 ἀχλύϊ
664 1901 739 1949 καὶ
763 1896 935 1968 σκότῳ·
974 1902 1076 1967 φῶς
1096 1897 1189 1964 γὰρ
1209 1899 1283 1949 καὶ
1304 1895 1420 1961 αὑτὴ
1448 1897 1631 1963 εὑρήσω
1652 1895 1880 1963 Χριστὸν,

301 1983 376 2032 καὶ
413 1982 438 2032 ὁ
475 1983 556 2045 τῆς
601 1980 897 2045 δικαιοσύνης
938 1980 1071 2044 ἥλιος
1114 1983 1177 2034 εἰς
1222 1985 1331 2031 νοῦν
1369 1979 1616 2032 ἀνατείλας
1650 1985 1877 2030 λελευκα-

718 2068 738 2077 Α

300 2063 480 2128 σμένην
500 2065 749 2132 ἀποφανει.
804 2070 830 2092 “
850 2062 1034 2129 Ὀργὴν
1055 2062 1229 2128 Κυρίου
1256 2061 1450 2125 ὑποίσω,
1477 2061 1548 2112 ὅτι
1574 2063 1648 2112 καὶ
1674 2061 1883 2127 ἥμαρτον

301 2152 330 2175 “
354 2147 523 2216 αὑτῷ.”
574 2150 611 2196 εἷ
637 2145 730 2212 γὰρ
756 2147 830 2196 καὶ
854 2144 1041 2211 γέγονα,
1069 2147 1233 2213 φησὶν,
1261 2147 1310 2196 ἐκ
1334 2143 1594 2212 προσώπου
1618 2142 1788 2211 βραχὺ,
1812 2144 1884 2194 δέ-

300 2231 438 2292 δομαι
476 2227 524 2279 δὲ
559 2230 634 2279 καὶ
669 2232 732 2282 εἰς
771 2233 880 2278 νοῦν
905 2225 1140 2291 ἀδόκιμον,
1166 2227 1276 2278 ἀλλ’
1306 2227 1387 2277 οῦν
1418 2226 1586 2290 ἔσομαι
1624 2225 1776 2296 σοφὴ,
1807 2228 1883 2278 καὶ

297 2314 522 2362 παθοῦσα
553 2309 737 2364 δικαίως
780 2308 867 2373 τὴν
909 2309 1159 2374 ἀποβολὴν
1203 2309 1390 2373 εἴσομαι
1432 2308 1487 2360 τὸ
1525 2313 1679 2376 κρῖμα,
1711 2311 1786 2360 καὶ
1825 2307 1882 2373 δὴ

301 2395 376 2444 καὶ
403 2393 554 2460 ὀρθῶς
579 2392 798 2459 γενέσθαι
825 2392 960 2461 φημί·
997 2391 1291 2456 κεκόλασμαι
1314 2390 1406 2459 γὰρ
1433 2392 1486 2442 οὐ
1510 2390 1677 2455 μάτην.
1729 2390 1882 2456 ἐπειδὴ

300 2474 350 2526 δὲ
379 2474 464 2540 τὴν
497 2478 896 2542 πρεπωδεστάτην
932 2474 1137 2527 ἐκτέτικα
1170 2475 1315 2540 δίκην,
1342 2481 1368 2503 “
1386 2473 1567 2543 ὄψομαι
1592 2472 1678 2538 τὴν
1705 2476 1877 2524 δικαιο-

349 2675 380 2699 1.
405 2665 497 2710 πλὴν
512 2665 635 2711 σαφῶς
652 2664 742 2710 (sic)
760 2676 824 2710 pro
842 2665 1034 2710 φληνάφως
1051 2665 1094 2699 Α.
1286 2676 1317 2700 2.
1344 2679 1380 2699 τε
1397 2665 1494 2710 prius
1513 2663 1608 2699 deest
1625 2664 1661 2698 in
1679 2664 1722 2697 A.
1771 2678 1807 2698 τε
1824 2665 1883 2699 alt.

299 2723 370 2747 om.
391 2711 434 2747 B.
623 2724 656 2757 3.
683 2712 790 2757 φήσει
808 2723 871 2757 pro
888 2711 1034 2758 φήσειεν
1051 2712 1143 2746 Edd.
1341 2725 1375 2755 4.
1399 2711 1481 2757 μου]
1505 2716 1542 2753 -f-
1563 2712 1617 2746 καὶ
1632 2710 1692 2745 iid.
1710 2711 1820 2744 invito
1838 2711 1882 2745 A.

299 2768 333 2801 5.
360 2760 605 2803 καταπατήσειε
621 2760 658 2794 δέ
675 2759 723 2794 ἔτι
740 2770 804 2805 pro
823 2758 1050 2803 καταπατήσει
1068 2760 1104 2793 δὲ
1118 2759 1169 2793 ὅτι
1186 2758 1246 2793 iid.
1551 2768 1582 2804 7.
1609 2758 1820 2792 κατασείοιτό
1836 2758 1882 2792 A.

299 2808 509 2850 καταμειοῖτό
525 2806 586 2841 iid.
869 2806 901 2840 8.
927 2806 1161 2851 ἀαφιβάλλειν
1178 2806 1236 2840 iid.
1253 2805 1370 2840 invitis
1388 2805 1430 2840 A.
1437 2805 1480 2840 B.
1733 2815 1786 2847 14.
1811 2819 1883 2840 πως

300 2851 420 2887 deest
412 2865 448 2887 m
468 2853 510 2888 B.
703 2862 756 2896 15.
782 2854 848 2898 γὰρ
865 2864 936 2887 om.
957 2853 999 2887 B.
1157 2852 1210 2888 16.
1235 2853 1295 2897 μὲν
1311 2865 1381 2887 om.
1401 2853 1444 2887 B.
1605 2862 1658 2897 17.
1683 2853 1730 2897 τῷ
1747 2863 1816 2885 om.
1836 2852 1881 2886 A

302 2899 356 2932 18.
383 2900 524 2934 καθεῖσα
540 2900 585 2934 Α.
603 2899 757 2934 καθιεῖσα
775 2899 868 2934 Edd.
1060 2911 1113 2945 19.
1139 2900 1205 2943 εἶμὶ
1222 2904 1462 2957 δεευωρμῒυῐη
1464 2911 1505 2933 ex
1524 2899 1566 2933 B.
1734 2909 1789 2932 20.
1814 2899 1880 2943 γὰρ

298 2953 520 2990 assumptum
537 2959 579 2981 ex
598 2947 640 2981 B.
689 2947 790 2981 αὐτὸν
807 2958 870 2992 pro
887 2946 968 2990 αυτὴ
986 2947 1031 2981 A.
1261 2958 1315 2981 21.
1342 2945 1408 2982 εἷεν
1424 2951 1481 2981 οὐν
1499 2946 1580 2990 (Slc)
1597 2956 1668 3003 pro
1678 2944 1724 2980 εἷς
1741 2947 1818 2979 νοῦν
1835 2945 1880 2978 Α.

298 3001 355 3025 22.
380 2991 560 3036 ἀποφαίνει
577 3005 641 3039 pro
657 2994 827 3039 ἀποφανεῖ
844 2994 889 3027 Α.
938 3007 992 3027 και
1009 3000 1232 3039 assumptum
1250 3005 1291 3028 ex
1306 2993 1349 3028 Β.
1556 3002 1610 3037 25.
1636 3006 1770 3037 εισομαι
1787 2993 1829 3026 A
1835 2991 1878 3026 Β

297 3035 434 3082 οἴσομαι
452 3039 543 3074 Edd.
733 3040 789 3075 26.
815 3041 868 3075 καὶ
886 3051 956 3074 om.
977 3040 1018 3075 B.

1902 1095 1947 1120 10

1903 1918 1952 1943 20

1903 2330 2011 2368 25'

2011 1342 2015 1363 -.
2004 779 2015 1302 *τπΨ-ττ--ω--ψ--μ-
2004 460 2009 765 <·2—-‘-—-——-—--—*
2003 158 2008 454 -m-——n—-ff
2002 0 2018 145 &m

2004 1868 2015 1959 Ἰ

2011 1966 2015 2002 5

2011 2015 2014 2034 ι

2002 2041 2007 2055 Ι
