2021 3434
98 243 137 268 v.
159 242 200 281 4,
222 240 261 283 5.
477 230 552 272 IN
599 231 988 272 MICHAEAM.
1049 231 1200 272 TOM.
1233 231 1294 272 ΙΙ.
1588 232 1671 272 679

163 352 412 408 ὑπάρξουσι·
450 352 559 394 διότι
586 356 656 395 νῦν
682 354 1044 402 μεταλυνθήσεται
1069 356 1153 395 ἕως
1180 353 1325 410 ἄκρων
1352 356 1428 394 τι-ἳε
1456 357 1542 400 ssim.
1602 353 1670 393 καὶ
1693 354 1714 391 5

161 433 281 476 ἔσται
307 437 413 477 αὕτΗ
442 437 465 476 ιῖι
492 434 654 494 εἰρήνΗ.

169 542 241 595 Τὸ
274 546 486 606 στήσεταί
513 551 664 615 φησιν
696 546 797 597 ἀντὶ
828 552 911 597 τοῦ
947 549 1022 596 καὶ
1052 544 1373 609 ἐπιστατήσει.
1439 546 1513 595 καὶ
1540 543 1674 595 ἔσται

94 628 190 675 τῶν
217 626 343 677 ἰδίων
368 627 625 693 προβάτων
650 627 903 693 αὐτουργὸς
937 629 961 678 ὁ
993 626 1180 691 ποιμὴν,
1207 629 1293 695 οὐχ
1327 627 1466 697 ἑτέρῳ
1499 629 1586 677 τινὶ
1619 624 1674 677 τὸ

54 731 77 769 5
95 709 412 773 παιδαγωγεῖν
430 709 696 777 ἐπιτρέψας,
717 709 838 760 καθὰ
862 711 937 760 καὶ
960 709 1109 761 πάλαι
1135 713 1200 779 τῷ
1224 709 1436 778 μακαρίῳ
1460 712 1673 770 Μωυσεῖ,
1693 716 1720 758 (1

96 790 207 839 ἀλλ’
235 787 373 843 αὐτὸς
411 791 467 841 δι’
496 791 672 842 ἑαυτοῦ·
700 793 775 842 καὶ
802 790 895 858 γάρ
921 793 1051 842 ἐστιν
1077 790 1248 855 ἀληθὲς
1274 793 1336 845 ὡς
1370 798 1398 819 “
1418 792 1493 841 Οὐ
1527 790 1675 856 πρέσ-
1736 806 1791 837 Es.
1807 806 1888 837 lxiii.

98 877 124 900 ‘⁴
149 875 252 932 βυς,
298 872 379 922 οὐκ
421 872 639 938 ἅγγελος,
675 874 785 924 ἀλλ’
825 871 963 927 αὐτὸς
998 874 1023 924 ὁ
1068 872 1239 940 Κύριος
1279 873 1463 923 ἔσωσεν
1506 873 1672 936 ἡμᾶς·”
1736 861 1767 892 9’

96 956 310 1021 ποιμανεῖ
346 954 394 1005 δὲ
428 955 549 1019 ἡμᾶς
588 957 625 1006 ἐν
665 960 801 1018 ἰσχύϊ,
836 954 1013 1009 παντὸς
1052 955 1266 1021 ἀνωτέρω
1306 957 1446 1009 τιθεὶς
1484 956 1676 1020 ἱδρῶτος

97 1038 172 1087 καὶ
205 1035 367 1087 πόνου.
434 1036 822 1103 προβεβλήσεται
857 1037 950 1103 γὰρ
984 1035 1161 1103 ῶσπερ,
1186 1039 1262 1088 καὶ
1293 1037 1518 1087 διασώσει
1550 1059 1673 1101 γενι-

30 1147 79 1172 10
98 1122 203 1181 κῶς,
242 1119 296 1169 οὐ
344 1119 714 1187 ψευδοποιμέσιν
759 1119 1017 1185 ἐπιτρέπων
1060 1119 1115 1188 ἐξ
1161 1117 1345 1183 ἀπάτης
1395 1120 1578 1180 ἀδικεῖν,
1622 1119 1676 1168 οὐ

98 1203 270 1266 θηρσὶν
306 1200 483 1267 ἀγρίοις
521 1201 826 1268 ἐπιθρώσκειν
867 1200 1074 1266 ἀγέλαις,
1116 1201 1170 1251 οὐ
1204 1205 1305 1255 ταῖς
1338 1205 1561 1267 πονηραῖς
1600 1202 1677 1251 καὶ

98 1282 426 1347 ἀντικειμέναις
449 1282 674 1347 δυνάμεσι
700 1287 979 1351 συγχωρῶν,
999 1282 1210 1349 καθάπερ
1236 1281 1399 1346 ἀμέλει
1418 1284 1493 1333 καὶ
1511 1282 1676 1346 πάλαι,

99 1366 534 1416 κατανεανιεύεσθαι
573 1370 667 1417 τῶν
706 1365 1086 1417 πεπιστευκότων
1123 1367 1200 1415 καὶ
1236 1369 1532 1416 πλεονεκτεῖν
1569 1364 1677 1418 τοὺς

0 1477 2 1513 2
98 1446 426 1511 ἡγιασμένους,
454 1446 604 1501 διδοὺς
630 1446 678 1498 δὲ
703 1452 893 1511 μᾶλλον
918 1448 1072 1501 αὐτοῖς
1099 1453 1125 1475 “
1145 1446 1250 1498 Ἐπ’
1274 1448 1456 1498 ἀσπίδα
1481 1449 1556 1497 καὶ
1581 1452 1672 1507 ,Βα-
1738 1445 1792 1529 {³3³2
1808 1456 1858 1477 ³⁰·

1592 1534 1610 1542 Λ
1648 1528 1672 1544 2!

34 1551 80 1590 15
102 1535 128 1558 “
153 1529 379 1580 σιλίσκον
417 1529 682 1593 ἐπιβαίνειν,
715 1528 882 1581 λέοντά
906 1552 956 1580 τε
981 1530 1056 1580 καὶ
1082 1527 1313 1595 δράκοντα
1351 1551 1646 1581 καταπατειν.
1693 1547 1715 1574 θ

100 1611 298 1665 εὐκλεεῖς
323 1610 417 1678 γὰρ
447 1611 706 1678 γεγόναμεν
733 1613 787 1662 δι’
816 1612 971 1674 αὐτοῦ,
996 1611 1177 1677 ἥρμεθά
1213 1634 1263 1662 τε
1302 1612 1428 1679 ὑψοῦ
1465 1613 1677 1678 λαμπροὶ

101 1696 177 1744 καὶ
215 1697 466 1762 διαφανεῖς,
507 1696 582 1744 καὶ
622 1694 758 1760 μέχρι
799 1693 1040 1760 τερμάτων
1073 1693 1334 1759 γεγόναμεν
1372 1696 1454 1757 τῆς
1493 1695 1566 1745 ὑπ’
1596 1695 1674 1744 οὐ·

99 1775 255 1841 ρανόν.
321 1773 458 1829 αὐτὸς
483 1775 576 1842 γὰρ
610 1776 742 1840 ἡμῶν
767 1775 905 1843 ἰσχὺς
933 1777 1008 1826 καὶ
1039 1775 1243 1839 δύναμις,
1270 1773 1407 1828 αὐτὸς
1434 1776 1459 1825 ὁ
1485 1776 1679 1839 μεσίτης

101 1859 177 1908 καὶ
227 1856 528 1922 διαλλακτὴς,
572 1857 710 1911 αὐτὸς
751 1861 772 1918 ἡ
817 1859 938 1928 εἰρήνη
989 1857 1134 1921 ἡμῶν.
1201 1862 1385 1908 καθεῖλε
1428 1856 1520 1924 γὰρ
1560 1865 1586 1887 “
1607 1856 1677 1908 Τὸ
1738 1863 1822 1937 ξῬῙῙΙ-
1842 1863 1874 1893 ii·

33 1963 82 1988 20
103 1946 129 1968 ‘⁶
154 1938 435 2007 μεσότοιχον
472 1945 554 1990 τοῦ
594 1945 830 2008 φραγμοῦ,
857 1942 933 1990 καὶ
971 1937 1239 2005 κατήργησε
1278 1937 1362 2001 μὲν
1392 1940 1440 1989 ἐν
1470 1939 1679 2005 δόγμασι
1759 1919 1789 1946 4’
1822 1916 1851 1947 5·

102 2029 128 2052 “
153 2020 235 2073 τὸν
260 2021 402 2085 νόμον
427 2026 521 2073 τῶν
546 2023 764 2085 ἐντολῶν,
790 2022 943 2073 ε”κτισε
977 2019 1024 2072 δὲ
1063 2020 1168 2074 τοὺς
1199 2020 1280 2072 δύο
1318 2020 1462 2075 λαοὺς
1501 2025 1562 2075 εἷς
1600 2021 1680 2071 ἕνα

102 2111 128 2134 “
153 2104 311 2155 καινὸν
350 2104 611 2170 ἄνθρωπον,
649 2108 796 2155 ποιῶν
833 2103 1047 2170 εἷρήνην”
1088 2103 1206 2154 κατὰ
1245 2102 1299 2154 τὸ
1340 2102 1679 2169 γεγραμμένον,

102 2188 178 2237 καὶ
217 2191 313 2240 τοῖς
356 2189 440 2250 τῆς
484 2186 670 2252 ἀγάπης
721 2189 910 2249 δεσμοῖς
955 2189 1017 2239 εἷς
1067 2184 1261 2249 ἑνότητα
1311 2185 1673 2254 κατασφίγγων.
1695 2213 1717 2238 a
1745 2205 1831 2239 438
1845 2204 1894 2238 A.

102 2267 250 2331 ὄνομα
298 2266 355 2332 δὴ
405 2269 487 2320 οὖν
527 2269 651 2338 αὐτῷ
696 2268 874 2334 πρέπον
919 2290 968 2319 τε
1011 2269 1086 2318 καὶ
1133 2267 1305 2332 ἀληθὲς
1344 2270 1480 2334 εἰρήνη,
1525 2271 1561 2318 εἰ
1604 2269 1680 2318 καὶ

36 2369 82 2408 25
103 2355 296 2402 καλοῖτο
334 2348 562 2417 Χριστός·

153 2544 182 2567 1.
207 2531 500 2578 μεγαλυνθήσεται
517 2532 608 2566 Α.Β.
621 2532 696 2577 (22.
709 2532 772 2576 al.)
783 2531 1095 2577 μεγαλυνθὴσονται
1113 2531 1205 2566 Edd.
1324 2542 1355 2566 2.
1374 2530 1455 2575 αὕτη
1476 2530 1517 2565 Β.
1531 2531 1602 2574 (26.
1618 2531 1679 2575 al.)

101 2579 184 2623 αὐτῇ
202 2580 247 2613 Α.
265 2579 346 2623 αὐτὴ
366 2579 404 2615 F.
422 2579 514 2614 Edd.
527 2579 602 2624 (95,
621 2590 697 2624 153,
715 2579 812 2623 185.)
955 2590 988 2623 3.
1014 2579 1066 2612 καὶ
1084 2580 1180 2623 prius
1195 2590 1264 2612 om.
1282 2578 1324 2612 B.
1451 2591 1484 2620 4.
1511 2580 1528 2611 ὁ
1546 2590 1615 2612 om.
1637 2578 1679 2612 Β.

102 2635 137 2668 5.
162 2626 270 2661 καθὼς
287 2626 379 2661 Edd.
497 2627 531 2661 8.
559 2626 655 2660 Haec
673 2627 827 2670 ποιμανεῖ
844 2625 879 2659 δέ
897 2624 981 2669 ἡμᾶς
998 2631 1217 2659 accesserunt
1235 2637 1276 2658 ex
1295 2624 1375 2659 B.b.
1424 2624 1577 2669 ἀνωτέρω
1594 2624 1677 2658 A.b.

101 2673 168 2707 ἶίνω
187 2672 278 2707 Edd.
439 2684 473 2719 9.
498 2677 636 2719 γενικῶς
653 2672 744 2706 Α.Β.
761 2672 920 2717 γενναίως
938 2671 1029 2706 Edd.
1194 2683 1246 2706 10.
1271 2672 1457 2715 εὐδοκιμεῖν
1474 2683 1537 2716 pro
1554 2671 1679 2705 ἀδικεῖν

102 2719 162 2754 iid.
180 2720 297 2754 invitis
314 2719 406 2754 A.B.
552 2731 605 2754 11.
632 2719 853 2762 ἐπιθρώσκειν
870 2718 1019 2763 ἀγέλαις,
1038 2719 1076 2752 οὗ
1093 2730 1162 2752 orn.
1183 2718 1226 2752 B.
1273 2717 1450 2763 πονηραῖς]
1470 2723 1507 2759 -ff-
1525 2717 1615 2761 λέγω
1634 2717 1678 2752 Β.

106 2777 158 2811 13.
189 2765 285 2800 Haec
303 2767 356 2800 καὶ
372 2768 586 2801 πλεονεκτεῖν
602 2766 679 2801 τοὺς
696 2764 918 2811 ἡγιασμένους
935 2771 1153 2799 accesserunt
1170 2777 1211 2798 ex
1228 2765 1272 2798 A.
1512 2765 1564 2799 16.
1590 2766 1677 2807 λαμ,-

102 2812 199 2857 προὶ]
219 2817 256 2853 -†-
277 2827 313 2846 τε
329 2813 364 2847 b.
476 2814 529 2848 18.
555 2814 608 2846 καὶ
625 2818 847 2856 assumptum
865 2824 905 2846 ex
924 2812 968 2845 A.
1017 2812 1115 2847 αὐτὸς
1133 2813 1150 2845 ὁ
1168 2812 1212 2846 Α.
1231 2812 1284 2846 καὶ
1302 2811 1393 2846 Edd.
1501 2823 1555 2856 19.
1582 2811 1677 2845 διαλ-

103 2858 244 2905 λακτὴς]
267 2864 304 2900 -Ι-
325 2861 378 2894 καὶ
395 2860 452 2895 iid.
469 2860 577 2894 invito
594 2860 638 2894 A.
686 2859 705 2902 ἡ
724 2857 833 2902 εἰρήνη
852 2858 942 2902 ἡμῶν
958 2858 1025 2892 hoe
1042 2857 1162 2894 ordine
1178 2859 1222 2894 A.
1446 2869 1501 2901 24.
1530 2857 1625 2893 Haec
1642 2872 1677 2892 τε

105 2906 158 2940 καὶ
174 2906 297 2950 ἀληθὲς
313 2913 533 2942 accesserunt
550 2919 592 2941 ex
609 2907 653 2941 A.
702 2905 731 2940 εἰ
747 2907 800 2940 καὶ
817 2905 883 2940 hoc
900 2904 1021 2940 ordine
1038 2905 1081 2939 A.
