2021 3434
108 177 195 219 viii.
219 192 258 233 9,
286 191 349 219 10.
582 180 655 220 IN
694 180 891 222 AMOS.
952 181 1105 222 TOM.
1148 180 1224 223 IV.
1600 182 1682 222 517

106 286 160 337 τὸ
211 288 350 354 ὕδωρ,
403 288 661 352 τουτέστιν,
714 291 740 340 ὁ
791 288 867 340 διὰ
910 293 1075 341 παθῶν
1123 287 1427 352 ἐπικλυσμὸς,
1479 286 1589 339 ἀλλ’
1636 290 1684 338 ἐν

103 370 303 438 Χριστῷ
327 369 638 434 δυνησόμεθα.
705 370 1093 438 παρελευσόμεθα
1128 371 1218 438 γὰρ
1251 370 1324 422 οἶοί
1358 393 1461 421 τινα
1487 372 1680 438 χείμαῤ·

102 451 186 516 ῥον
209 453 291 514 τῆς
317 452 487 503 ἐκείνου
511 454 798 518 δυστροπίας
822 453 908 517 τὴν
933 453 1120 521 ἔφοδον.

106 727 180 768 Καὶ
218 727 336 770 ἔσται
373 729 417 770 ὲν
454 729 594 787 ἐκείνῌ
635 733 681 787 τῷ
719 730 854 789 ἡμέρᾳ
880 732 990 778 λέπει
1030 730 1177 787 Κύριος
1209 730 1231 772 ὁ
1269 730 1389 781 Θεὸς,
1417 731 1484 770 καὶ
1510 730 1679 773 δύσεται
1702 739 1724 774 9

59 816 81 854 5
170 810 192 852 ὁ
231 812 352 852 ἥλιος
388 811 662 868 μεσΗμβρίαε,
702 813 770 853 καὶ
804 814 1051 855 συσκοτάσει
1084 814 1153 854 ἐπὶ
1190 819 1263 854 τῆς
1301 818 1375 861 sfic
1401 813 1445 854 ὲν
1472 815 1606 873 ἡμέρᾳ
1631 811 1726 857 τόά

168 893 277 949 φῶς·
315 894 383 934 καὶ
408 897 692 952 μετοιστρὲψω
716 897 792 937 τὰς
817 896 969 953 ἑορτὰς
1005 897 1121 945 ὑμῶν
1153 894 1212 937 εἷς
1246 897 1414 948 Πένθος,
1441 897 1509 937 ,καὶ
1540 899 1678 939 Πάσαε
1704 909 1751 934 10

167 978 243 1019 τὰς
281 977 394 1033 ᾠδὰς
436 979 554 1027 ὑμῶν
597 978 656 1020 εἰς
701 983 869 1036 θρῆνον,
914 980 982 1020 καὶ
1025 979 1214 1030 ἀναβιβώ
1252 980 1322 1021 ἐπὶ
1364 984 1504 1022 misem
1545 981 1678 1037 ὀσφῦν

168 1063 338 1113 σάκκον,
365 1061 433 1103 καὶ
468 1062 538 1103 ἐπὶ
574 1066 714 1105 Πᾶσαν
753 1064 946 1118 κεφαλήν
983 1063 1270 1119 φαλάκρωμα,
1298 1063 1366 1104 καὶ
1396 1064 1578 1112 Θήσομοιι
1603 1063 1678 1105 τὸν

160 1146 316 1197 Ἰακὼβ
351 1147 412 1188 ὡς
449 1148 602 1190 Πένθος
638 1148 868 1199 ἀΓαΠΗτοῦ,
900 1148 969 1188 καὶ
1004 1148 1102 1189 τοὺς
1134 1148 1217 1196 μετ’
1257 1148 1384 1189 αὐτοῦ
1419 1148 1479 1189 ὡς
1514 1148 1675 1205 ἡμέραν

35 1242 81 1268 10
164 1230 331 1273 ὀδύνΗς.

171 1342 348 1409 Δὶττὴν
383 1346 529 1397 ὠδίνει
563 1348 694 1397 ταυτὶ
729 1345 813 1410 τὴν
848 1346 1064 1398 διάνοιαν.
1129 1346 1232 1399 ε”θος
1267 1345 1360 1412 γὰρ
1386 1346 1555 1400 ἀείπως
1581 1351 1675 1400 τοῖς·

97 1427 246 1492 ἁγίοις
283 1427 548 1496 προφήταις
582 1431 656 1479 ἐπὶ
692 1429 814 1479 τέλει
851 1428 1066 1492 μάλιστα
1096 1432 1189 1479 τῶν
1216 1430 1341 1479 ἰδίων
1366 1428 1525 1494 λόγων
1549 1452 1670 1492 μεμ-
1693 1454 1714 1480 e

97 1512 270 1573 νῆσθαι
307 1513 536 1576 Χριστοῦ,
580 1513 656 1561 καὶ
698 1516 780 1562 τοῦ
822 1511 918 1561 κατ’
965 1510 1106 1561 αὑτὸν
1143 1512 1403 1577 μυστηρίου
1439 1516 1675 1562 ποιεῖσθαι

95 1589 181 1654 τὴν
205 1591 463 1657 ἀφήγησιν,
495 1594 746 1661 ἀσαφειάις
779 1592 844 1643 ε”τι
883 1591 1296 1656 κατεσκιασμένην.
1360 1592 1472 1661 φέρε
1507 1593 1674 1656 τοίνυν,

31 1692 77 1731 15
97 1674 164 1724 ἐπ’
210 1674 355 1742 ἄμφω
398 1675 665 1738 βλέποντες,
704 1674 763 1725 τὰ
804 1675 956 1726 εἰκότα
1004 1675 1230 1741 λέγωμεν.
1293 1674 1589 1739 ἐκθησόμεθα
1627 1677 1675 1729 δὲ

95 1760 283 1820 πρῶτον
307 1756 365 1807 τὰ
389 1762 484 1810 τοῖς
519 1757 767 1823 εἰρημένοις·
798 1757 1048 1819 ἀκόλουθα,
1076 1755 1160 1808 εἷθ’
1190 1758 1333 1811 οὕτως
1360 1761 1421 1811 εἰς
1445 1758 1676 1827 ἐξήγησιν

95 1836 181 1901 τὴν
217 1840 321 1931 περὶ
356 1843 572 1904 Χριστοῦ
609 1838 691 1890 τὸν
728 1844 822 1890 τῶν
860 1839 1109 1905 εἰρημένων
1147 1839 1510 1906 μεθαρμόσομεν
1545 1848 1670 1892 νοῦν.

95 1922 194 1972 κατ’
222 1922 381 1982 ἐκείνην
412 1920 468 1985 δὴ
503 1923 583 1973 οῦν
615 1923 700 1987 τὴν
726 1947 906 1991 ηαεραν,
934 1922 1039 1973 καθ’
1065 1946 1123 1986 ην
1149 1922 1205 1973 ἀν
1230 1923 1258 1986 ἡ
1285 1923 1531 1973 συντελεια
1556 1946 1674 1973 κατα
1734 1930 1848 2005 {gfff}

94 2001 252 2067 πάσης
279 2007 360 2068 τῆς
387 2008 687 2071 Σαμαρειτῶν
711 2003 952 2072 οἰχήσεται
979 2007 1065 2070 γῆς
1092 2006 1154 2058 ὡς
1181 2004 1425 2070 Αἰγύπτου
1449 2028 1672 2069 ποταμος,

27 2109 76 2134 20
95 2085 328 2148 ἁπάντων,
367 2088 429 2140 ὡς
472 2086 580 2140 ε”πος
621 2091 776 2149 εἰπεῖν,
814 2091 909 2138 τῶν
950 2085 1198 2137 οἰκούντων
1236 2085 1380 2150 αὐτὴν
1417 2087 1561 2141 δεινὸς
1599 2090 1713 2138 καὶᾶ
1735 2105 1819 2139 336
1839 2104 1892 2140 A.

92 2167 241 2227 βαθὺς
268 2168 768 2232 κατασκεδασθήσεται
794 2169 980 2231 σκότος,
1007 2165 1345 2232 καταδυομένου
1370 2167 1545 2234 τρόπον
1571 2169 1674 2220 τινὰ

91 2255 175 2301 τοῦ
200 2253 335 2313 ἡλίου,
363 2252 437 2300 καὶ
474 2256 611 2301 τοῦτο
646 2253 952 2318 μεσημβρίας.
1022 2253 1097 2301 καὶ
1136 2252 1189 2300 οὐ
1228 2250 1377 2313 δήπου
1404 2251 1574 2318 φαμὲν,
1603 2252 1673 2303 ὅτι

93 2329 252 2382 κατέδυ
291 2331 408 2382 κατὰ
446 2331 500 2383 τὸ
538 2331 709 2395 ἀληθὲς
743 2337 825 2383 τοῦ
860 2335 982 2393 ἡλίου
1019 2332 1064 2383 r‘o·
1099 2331 1211 2400 φῶς,
1238 2332 1368 2382 ἀλλὰ
1394 2333 1586 2398 γέγονεν
1612 2337 1674 2389 ὡς

93 2413 264 2468 σκότος
299 2419 393 2468 τοῖς
426 2414 511 2478 τὴν
536 2415 801 2479 Σαμάρειαν
827 2418 1035 2464 οἰκοῦσιν
1058 2414 1086 2477 ἡ
1113 2415 1163 2463 ἐκ
1187 2419 1270 2464 τοῦ
1303 2415 1514 2477 πολεμου
1549 2439 1672 2480 συμ-

27 2514 74 2553 25
95 2495 234 2564 φορά.
309 2501 567 2547 καταθολοῖ
605 2495 698 2562 γὰρ
742 2494 824 2547 τὸν
870 2502 978 2546 νοῦν
1021 2494 1182 2559 πολλὴ
1225 2498 1298 2546 καὶ
1344 2498 1671 2563 ὑπερμεγέθης,

156 2668 188 2698 4.
218 2655 313 2690 Haec
347 2658 364 2690 ὁ
392 2658 476 2692 Θεὸς
505 2657 558 2690 καὶ
590 2662 809 2690 accesserunt
838 2669 879 2690 ex
908 2656 950 2690 A
958 2656 998 2690 B.
1027 2657 1142 2699 (Alex.
1174 2656 1276 2700 XII)
1306 2657 1414 2692 invito
1442 2659 1668 2702 F.(22.a1.)

93 2713 126 2746 5.
152 2704 345 2747 μεσημβρίᾳ
363 2703 407 2736 A.
457 2718 511 2737 επι
529 2718 586 2746 της
603 2704 664 2748 γῆς
681 2715 751 2736 om.
774 2703 808 2736 F.
829 2703 919 2736 Edd.
939 2703 1060 2748 (233.)
1241 2714 1271 2748 7.
1297 2706 1355 2740 τὰς
1371 2717 1440 2739 om.
1461 2706 1552 2740 Edd.
1571 2707 1668 2752 (68.)

93 2749 232 2792 θρήνους
253 2750 287 2783 F.
307 2750 398 2783 Edd.
419 2750 489 2792 (42
509 2751 552 2783 86
572 2752 658 2793 mg.)
706 2749 875 2794 ἅναβιβῶ]
895 2750 1094 2790 ἀναβιβάσω
1114 2750 1150 2784 F.
1171 2750 1261 2785 Edd.
1276 2750 1373 2795 (86.)
1551 2755 1584 2787 8.
1611 2756 1669 2788 τὸν

90 2795 212 2834 Ἰακὼβ
231 2797 272 2830 A.
279 2796 318 2829 B.
336 2796 434 2840 (240.
440 2796 455 2840 )
470 2797 513 2830 cf.
532 2797 621 2830 infra
638 2796 705 2841 336
720 2808 749 2830 c.
764 2803 884 2830 contra
901 2808 945 2841 33
949 2798 980 2830 S.
1001 2797 1073 2830 init.
1092 2797 1192 2830 αὐτὸν
1212 2798 1399 2832 Edd.cu1n
1417 2800 1581 2834 omnibus
1598 2801 1667 2835 fere

94 2843 283 2877 Codicibus
303 2843 553 2877 Pamonsianis.
824 2855 856 2888 9.
883 2844 926 2878 ὡς
925 2823 1021 2888 ΟΜ]
1042 2844 1087 2878 εἰς
1105 2843 1143 2888 (2
1149 2855 1203 2885 40.
1210 2843 1226 2888 )
1244 2845 1288 2878 cf.
1307 2845 1395 2879 mfra
1412 2847 1479 2891 336
1499 2859 1528 2880 c.
1546 2849 1613 2892 338
1632 2848 1665 2883 b

97 2900 149 2934 13.
176 2890 387 2933 ΧριστοῦΑ.
408 2892 494 2923 Θεοῦ
514 2889 604 2923 Edd.
778 2901 829 2931 14.
857 2905 1168 2933 κατεσκειασμενην
1185 2893 1228 2924 Α.
1400 2896 1451 2926 18.
1477 2892 1516 2926 ἂν
1533 2906 1603 2928 om.
1623 2895 1666 2929 Β.

94 2947 148 2970 22.
173 2937 385 2981 μεσημβρίας
405 2936 440 2970 ss.
460 2952 494 2970 εν
511 2936 704 3017 μεσημξρίᾳ
721 2936 811 2971 Edd.
829 2939 946 2971 τοῦτον
961 2937 1043 2982 (plo
1061 2939 1159 2971 τοῦτο
1178 2937 1231 2981 ἐν)
1249 2940 1443 2984 μεσημβρίᾳ
1462 2940 1542 2984 (Sic)
1561 2941 1603 2975 A.
1622 2942 1667 2976 cf.

93 2994 208 3028 supra.
438 2993 492 3029 25.
517 2984 606 3017 πολὺ
