<?xml version="1.0" encoding="UTF-8"?>
<!DOCTYPE html PUBLIC "-//W3C//DTD XHTML 1.0 Transitional//EN"
    "http://www.w3.org/TR/xhtml1/DTD/xhtml1-transitional.dtd">
<html xmlns="http://www.w3.org/1999/xhtml" xml:lang="en" lang="en">
 <head>
  <title>
</title>
<meta http-equiv="Content-Type" content="text/html;charset=utf-8" />
  <meta name='ocr-system' content='tesseract 3.04.00' />
  <meta name='ocr-capabilities' content='ocr_page ocr_carea ocr_par ocr_line ocrx_word'/>
</head>
<body>
  <div class='ocr_page' id='page_1' title='image "./operacyrilli01cyriuoft/operacyrilli01cyriuoft_0142.png"; bbox 0 0 2021 3434; ppageno 0'>
   <div class='ocr_carea' id='block_1_1' title="bbox 275 239 1838 296">
    <p class='ocr_par' dir='ltr' id='par_1_1' title="bbox 275 239 1838 296">
     <span class='ocr_line' id='line_1_1' title="bbox 275 239 1838 296; baseline -0.001 -15"><span class='ocrx_word' id='word_1_1' title='bbox 275 243 357 281; x_wconf 88' lang='grc'>110</span> <span class='ocrx_word' id='word_1_2' title='bbox 663 242 710 281; x_wconf 89' lang='lat' dir='ltr'><strong>B.</strong></span> <span class='ocrx_word' id='word_1_3' title='bbox 755 240 1025 280; x_wconf 86' lang='lat' dir='ltr'>CYRILLI</span> <span class='ocrx_word' id='word_1_4' title='bbox 1065 239 1440 280; x_wconf 83' lang='lat' dir='ltr'><strong>ALEXANDR.</strong></span> <span class='ocrx_word' id='word_1_5' title='bbox 1605 242 1658 282; x_wconf 81' lang='lat' dir='ltr'><strong>iv.</strong></span> <span class='ocrx_word' id='word_1_6' title='bbox 1687 256 1749 296; x_wconf 84' lang='lat'>13,</span> <span class='ocrx_word' id='word_1_7' title='bbox 1777 255 1838 293; x_wconf 85' lang='lat'>14.</span> 
     </span>
    </p>
   </div>
   <div class='ocr_carea' id='block_1_2' title="bbox 57 347 1913 1487">
    <p class='ocr_par' dir='ltr' id='par_1_2' title="bbox 274 347 1842 417">
     <span class='ocr_line' id='line_1_2' title="bbox 274 347 1842 417; baseline 0.001 -16"><span class='ocrx_word' id='word_1_8' title='bbox 274 349 494 417; x_wconf 88' lang='grc' dir='ltr'>εχόμενοι·</span> <span class='ocrx_word' id='word_1_9' title='bbox 534 348 868 413; x_wconf 86' lang='grc' dir='ltr'>ἀπεσκληκότα</span> <span class='ocrx_word' id='word_1_10' title='bbox 898 348 946 400; x_wconf 79' lang='grc' dir='ltr'>δὲ</span> <span class='ocrx_word' id='word_1_11' title='bbox 980 347 1155 414; x_wconf 79' lang='grc' dir='ltr'>ὥσπερ,</span> <span class='ocrx_word' id='word_1_12' title='bbox 1188 350 1263 399; x_wconf 86' lang='grc' dir='ltr'>καὶ</span> <span class='ocrx_word' id='word_1_13' title='bbox 1297 348 1422 400; x_wconf 78' lang='grc' dir='ltr'>πολὺ</span> <span class='ocrx_word' id='word_1_14' title='bbox 1448 349 1688 407; x_wconf 78' lang='grc' dir='ltr'>βλέποντα</span> <span class='ocrx_word' id='word_1_15' title='bbox 1724 349 1842 417; x_wconf 84' lang='grc' dir='ltr'>πρὸς</span> 
     </span>
    </p>

    <p class='ocr_par' dir='ltr' id='par_1_3' title="bbox 273 430 1842 499">
     <span class='ocr_line' id='line_1_3' title="bbox 273 430 1842 499; baseline 0 -17"><span class='ocrx_word' id='word_1_16' title='bbox 273 432 326 482; x_wconf 82' lang='grc' dir='ltr'>τὸ</span> <span class='ocrx_word' id='word_1_17' title='bbox 371 431 598 497; x_wconf 86' lang='grc' dir='ltr'>ἀνήμερον</span> <span class='ocrx_word' id='word_1_18' title='bbox 642 431 822 498; x_wconf 72' lang='grc' dir='ltr'>ἔχοντες</span> <span class='ocrx_word' id='word_1_19' title='bbox 867 436 986 493; x_wconf 89' lang='grc' dir='ltr'>νοῦν,</span> <span class='ocrx_word' id='word_1_20' title='bbox 1034 432 1246 494; x_wconf 74' lang='grc' dir='ltr'>οὐδεμιᾶς</span> <span class='ocrx_word' id='word_1_21' title='bbox 1287 430 1473 499; x_wconf 74' lang='grc' dir='ltr'>ἀξιοῦσι</span> <span class='ocrx_word' id='word_1_22' title='bbox 1514 433 1698 499; x_wconf 80' lang='grc' dir='ltr'>φειδοῦς</span> <span class='ocrx_word' id='word_1_23' title='bbox 1735 431 1842 486; x_wconf 83' lang='grc' dir='ltr'>τοῦς</span> 
     </span>
    </p>

    <p class='ocr_par' dir='ltr' id='par_1_4' title="bbox 274 512 1842 580">
     <span class='ocr_line' id='line_1_4' title="bbox 274 512 1842 580; baseline 0.002 -17"><span class='ocrx_word' id='word_1_24' title='bbox 274 513 447 566; x_wconf 79' lang='grc' dir='ltr'>ἀθλίως</span> <span class='ocrx_word' id='word_1_25' title='bbox 487 512 797 580; x_wconf 86' lang='grc' dir='ltr'>πεπραχότας.</span> <span class='ocrx_word' id='word_1_26' title='bbox 863 513 932 563; x_wconf 82' lang='grc' dir='ltr'>ὅτι</span> <span class='ocrx_word' id='word_1_27' title='bbox 971 513 1124 564; x_wconf 86' lang='grc' dir='ltr'>τοίνυν</span> <span class='ocrx_word' id='word_1_28' title='bbox 1162 514 1490 579; x_wconf 87' lang='grc' dir='ltr'>προκείσονται</span> <span class='ocrx_word' id='word_1_29' title='bbox 1531 517 1626 566; x_wconf 88' lang='grc' dir='ltr'>τοῖς</span> <span class='ocrx_word' id='word_1_30' title='bbox 1662 515 1842 580; x_wconf 79' lang='grc' dir='ltr'>ἐχθροῖς</span> 
     </span>
    </p>

    <p class='ocr_par' dir='ltr' id='par_1_5' title="bbox 273 593 1885 743">
     <span class='ocr_line' id='line_1_5' title="bbox 273 593 1843 662; baseline 0 -17"><span class='ocrx_word' id='word_1_31' title='bbox 273 599 335 648; x_wconf 83' lang='grc' dir='ltr'>εἷς</span> <span class='ocrx_word' id='word_1_32' title='bbox 373 596 508 660; x_wconf 78' lang='grc' dir='ltr'>ὕβριν</span> <span class='ocrx_word' id='word_1_33' title='bbox 546 596 621 645; x_wconf 82' lang='grc' dir='ltr'>καὶ</span> <span class='ocrx_word' id='word_1_34' title='bbox 655 595 993 662; x_wconf 81' lang='grc' dir='ltr'>αἰσχρουργίαν</span> <span class='ocrx_word' id='word_1_35' title='bbox 1033 599 1127 645; x_wconf 84' lang='grc' dir='ltr'>τῶν</span> <span class='ocrx_word' id='word_1_36' title='bbox 1166 593 1545 661; x_wconf 88' lang='grc' dir='ltr'>πεπορνευκότων</span> <span class='ocrx_word' id='word_1_37' title='bbox 1582 594 1641 645; x_wconf 79' lang='grc' dir='ltr'>τὰ</span> <span class='ocrx_word' id='word_1_38' title='bbox 1682 596 1843 646; x_wconf 87' lang='grc' dir='ltr'>παιδία</span> 
     </span>
     <span class='ocr_line' id='line_1_6' title="bbox 273 674 1885 743; baseline 0.003 -17"><span class='ocrx_word' id='word_1_39' title='bbox 273 674 650 740; x_wconf 87' lang='grc' dir='ltr'>καταμεμήνυκεν</span> <span class='ocrx_word' id='word_1_40' title='bbox 675 677 894 743; x_wconf 80' lang='grc' dir='ltr'>ἐναργῶς.</span> <span class='ocrx_word' id='word_1_41' title='bbox 1863 702 1885 738; x_wconf 88' lang='lat'>5</span> 
     </span>
    </p>

    <p class='ocr_par' dir='ltr' id='par_1_6' title="bbox 228 756 1839 825">
     <span class='ocr_line' id='line_1_7' title="bbox 228 756 1839 825; baseline -0.001 -16"><span class='ocrx_word' id='word_1_42' title='bbox 228 759 253 799; x_wconf 71' lang='grc' dir='ltr'>ἶ)</span> <span class='ocrx_word' id='word_1_43' title='bbox 348 763 406 809; x_wconf 76' lang='grc' dir='ltr'>ΕΞ</span> <span class='ocrx_word' id='word_1_44' title='bbox 455 757 503 810; x_wconf 79' lang='grc' dir='ltr'>δὲ</span> <span class='ocrx_word' id='word_1_45' title='bbox 543 758 600 823; x_wconf 89' lang='grc' dir='ltr'>δή</span> <span class='ocrx_word' id='word_1_46' title='bbox 645 782 714 813; x_wconf 88' lang='grc' dir='ltr'>τις</span> <span class='ocrx_word' id='word_1_47' title='bbox 762 760 929 820; x_wconf 82' lang='grc' dir='ltr'>ἕλοιτο,</span> <span class='ocrx_word' id='word_1_48' title='bbox 972 761 1047 810; x_wconf 81' lang='grc' dir='ltr'>καὶ</span> <span class='ocrx_word' id='word_1_49' title='bbox 1095 760 1199 810; x_wconf 86' lang='grc' dir='ltr'>καθ’</span> <span class='ocrx_word' id='word_1_50' title='bbox 1246 759 1400 825; x_wconf 81' lang='grc' dir='ltr'>ἕτερον</span> <span class='ocrx_word' id='word_1_51' title='bbox 1451 757 1609 823; x_wconf 84' lang='grc' dir='ltr'>νοήσει</span> <span class='ocrx_word' id='word_1_52' title='bbox 1650 756 1839 824; x_wconf 87' lang='grc' dir='ltr'>τρόπον.</span> 
     </span>
    </p>

    <p class='ocr_par' dir='ltr' id='par_1_7' title="bbox 274 842 1844 912">
     <span class='ocr_line' id='line_1_8' title="bbox 274 842 1844 912; baseline -0.002 -16"><span class='ocrx_word' id='word_1_53' title='bbox 274 843 599 897; x_wconf 75' lang='grc' dir='ltr'>ἑπισκέπτεται</span> <span class='ocrx_word' id='word_1_54' title='bbox 634 845 719 908; x_wconf 79' lang='grc' dir='ltr'>μὲν</span> <span class='ocrx_word' id='word_1_55' title='bbox 754 844 848 912; x_wconf 77' lang='grc' dir='ltr'>γὰρ</span> <span class='ocrx_word' id='word_1_56' title='bbox 883 847 908 896; x_wconf 83' lang='grc' dir='ltr'><strong>ὁ</strong></span> <span class='ocrx_word' id='word_1_57' title='bbox 942 849 1036 895; x_wconf 84' lang='grc' dir='ltr'>τῶν</span> <span class='ocrx_word' id='word_1_58' title='bbox 1076 844 1202 896; x_wconf 79' lang='grc' dir='ltr'>ὅλων</span> <span class='ocrx_word' id='word_1_59' title='bbox 1236 843 1369 907; x_wconf 77' lang='grc' dir='ltr'>Θεὸς,</span> <span class='ocrx_word' id='word_1_60' title='bbox 1414 844 1491 898; x_wconf 73' lang='grc' dir='ltr'>οὓς</span> <span class='ocrx_word' id='word_1_61' title='bbox 1528 843 1586 894; x_wconf 80' lang='grc' dir='ltr'>ἂν</span> <span class='ocrx_word' id='word_1_62' title='bbox 1622 842 1844 905; x_wconf 79' lang='grc' dir='ltr'>βούλοιτο</span> 
     </span>
    </p>

    <p class='ocr_par' dir='ltr' id='par_1_8' title="bbox 272 925 1840 995">
     <span class='ocr_line' id='line_1_9' title="bbox 272 925 1840 995; baseline -0.002 -17"><span class='ocrx_word' id='word_1_63' title='bbox 272 931 410 991; x_wconf 82' lang='grc' dir='ltr'>τιμᾶν</span> <span class='ocrx_word' id='word_1_64' title='bbox 434 950 483 979; x_wconf 88' lang='grc' dir='ltr'>τε</span> <span class='ocrx_word' id='word_1_65' title='bbox 509 929 584 978; x_wconf 78' lang='grc' dir='ltr'>καὶ</span> <span class='ocrx_word' id='word_1_66' title='bbox 609 929 815 993; x_wconf 82' lang='grc' dir='ltr'>ἀγαπᾶν·</span> <span class='ocrx_word' id='word_1_67' title='bbox 858 925 945 978; x_wconf 77' lang='grc' dir='ltr'>κᾶν</span> <span class='ocrx_word' id='word_1_68' title='bbox 979 931 1040 981; x_wconf 81' lang='grc' dir='ltr'>εἰς</span> <span class='ocrx_word' id='word_1_69' title='bbox 1072 926 1125 978; x_wconf 83' lang='grc' dir='ltr'>τὸ</span> <span class='ocrx_word' id='word_1_70' title='bbox 1162 925 1371 995; x_wconf 79' lang='grc' dir='ltr'>ῥᾴθυμον</span> <span class='ocrx_word' id='word_1_71' title='bbox 1401 926 1475 995; x_wconf 72' lang='grc' dir='ltr'>ἰ’δῃ</span> <span class='ocrx_word' id='word_1_72' title='bbox 1499 925 1840 992; x_wconf 83' lang='grc' dir='ltr'>παρενηνεγμέ-</span> 
     </span>
    </p>

    <p class='ocr_par' dir='ltr' id='par_1_9' title="bbox 274 1006 1913 1158">
     <span class='ocr_line' id='line_1_10' title="bbox 275 1006 1843 1077; baseline 0 -17"><span class='ocrx_word' id='word_1_73' title='bbox 275 1032 392 1072; x_wconf 88' lang='grc' dir='ltr'>νους,</span> <span class='ocrx_word' id='word_1_74' title='bbox 428 1012 503 1060; x_wconf 80' lang='grc' dir='ltr'>καὶ</span> <span class='ocrx_word' id='word_1_75' title='bbox 538 1013 652 1075; x_wconf 82' lang='grc' dir='ltr'>δρᾶν</span> <span class='ocrx_word' id='word_1_76' title='bbox 685 1009 932 1063; x_wconf 88' lang='grc' dir='ltr'>ἐθέλοντας</span> <span class='ocrx_word' id='word_1_77' title='bbox 967 1007 997 1060; x_wconf 78' lang='grc' dir='ltr'>ἃ</span> <span class='ocrx_word' id='word_1_78' title='bbox 1038 1007 1103 1073; x_wconf 90' lang='grc' dir='ltr'>μὴ</span> <span class='ocrx_word' id='word_1_79' title='bbox 1146 1009 1286 1073; x_wconf 81' lang='grc' dir='ltr'>θέμις,</span> <span class='ocrx_word' id='word_1_80' title='bbox 1331 1010 1517 1077; x_wconf 74' lang='grc' dir='ltr'>ἐπιτιμᾷ</span> <span class='ocrx_word' id='word_1_81' title='bbox 1553 1006 1843 1073; x_wconf 77' lang='grc' dir='ltr'>συμμέτρως,</span> 
     </span>
     <span class='ocr_line' id='line_1_11' title="bbox 274 1088 1913 1158; baseline -0.002 -16"><span class='ocrx_word' id='word_1_82' title='bbox 274 1095 605 1158; x_wconf 84' lang='grc' dir='ltr'>παλινδρομεῖν</span> <span class='ocrx_word' id='word_1_83' title='bbox 649 1093 909 1143; x_wconf 86' lang='grc' dir='ltr'>ἀναπείθων</span> <span class='ocrx_word' id='word_1_84' title='bbox 959 1093 1030 1143; x_wconf 82' lang='grc' dir='ltr'>ἐπὶ</span> <span class='ocrx_word' id='word_1_85' title='bbox 1073 1090 1133 1142; x_wconf 77' lang='grc' dir='ltr'>τὰ</span> <span class='ocrx_word' id='word_1_86' title='bbox 1181 1092 1351 1156; x_wconf 83' lang='grc' dir='ltr'>ἀμείνω</span> <span class='ocrx_word' id='word_1_87' title='bbox 1399 1094 1474 1142; x_wconf 81' lang='grc' dir='ltr'>καὶ</span> <span class='ocrx_word' id='word_1_88' title='bbox 1519 1089 1638 1157; x_wconf 81' lang='grc' dir='ltr'>πρὸς</span> <span class='ocrx_word' id='word_1_89' title='bbox 1680 1088 1844 1154; x_wconf 74' lang='grc' dir='ltr'>ὄνησιν</span> <span class='ocrx_word' id='word_1_90' title='bbox 1867 1111 1913 1136; x_wconf 93' lang='lat'>10</span> 
     </span>
    </p>

    <p class='ocr_par' dir='ltr' id='par_1_10' title="bbox 276 1173 1844 1242">
     <span class='ocr_line' id='line_1_12' title="bbox 276 1173 1844 1242; baseline 0.003 -19"><span class='ocrx_word' id='word_1_91' title='bbox 276 1175 517 1239; x_wconf 87' lang='grc' dir='ltr'>ἀναγκαῖα·</span> <span class='ocrx_word' id='word_1_92' title='bbox 580 1173 815 1240; x_wconf 78' lang='grc' dir='ltr'>τοιγάρτοι</span> <span class='ocrx_word' id='word_1_93' title='bbox 857 1177 980 1242; x_wconf 82' lang='grc' dir='ltr'>φησὶ</span> <span class='ocrx_word' id='word_1_94' title='bbox 1020 1176 1095 1224; x_wconf 81' lang='grc' dir='ltr'>καὶ</span> <span class='ocrx_word' id='word_1_95' title='bbox 1141 1174 1165 1224; x_wconf 84' lang='grc' dir='ltr'><strong>ὁ</strong></span> <span class='ocrx_word' id='word_1_96' title='bbox 1209 1173 1461 1227; x_wconf 76' lang='grc' dir='ltr'>θεσπέσιος</span> <span class='ocrx_word' id='word_1_97' title='bbox 1507 1177 1701 1226; x_wconf 87' lang='grc' dir='ltr'>Παῦλος</span> <span class='ocrx_word' id='word_1_98' title='bbox 1749 1177 1844 1227; x_wconf 89' lang='grc' dir='ltr'>τοῖς</span> 
     </span>
    </p>

    <p class='ocr_par' dir='ltr' id='par_1_11' title="bbox 57 1254 1845 1321">
     <span class='ocr_line' id='line_1_13' title="bbox 57 1254 1845 1321; baseline 0.002 -16"><span class='ocrx_word' id='word_1_99' title='bbox 57 1274 211 1305; x_wconf 75' lang='lat' dir='ltr'><strong>Heb.xii.</strong></span> <span class='ocrx_word' id='word_1_100' title='bbox 275 1260 338 1310; x_wconf 82' lang='grc' dir='ltr'>εἷς</span> <span class='ocrx_word' id='word_1_101' title='bbox 362 1254 601 1320; x_wconf 82' lang='grc' dir='ltr'>εὐδόκιμον</span> <span class='ocrx_word' id='word_1_102' title='bbox 633 1256 928 1320; x_wconf 87' lang='grc' dir='ltr'>κεκλημένοις</span> <span class='ocrx_word' id='word_1_103' title='bbox 962 1254 1092 1321; x_wconf 75' lang='grc' dir='ltr'>ζωήν·</span> <span class='ocrx_word' id='word_1_104' title='bbox 1133 1262 1161 1284; x_wconf 83' lang='lat'>“</span> <span class='ocrx_word' id='word_1_105' title='bbox 1181 1259 1239 1306; x_wconf 78' lang='grc' dir='ltr'>Εἰ</span> <span class='ocrx_word' id='word_1_106' title='bbox 1264 1257 1473 1306; x_wconf 82' lang='grc' dir='ltr'>παιδείαν</span> <span class='ocrx_word' id='word_1_107' title='bbox 1498 1255 1756 1319; x_wconf 84' lang='grc' dir='ltr'>ὑπομένετε,</span> <span class='ocrx_word' id='word_1_108' title='bbox 1784 1256 1845 1308; x_wconf 85' lang='grc' dir='ltr'>ὡς</span> 
     </span>
    </p>

    <p class='ocr_par' dir='ltr' id='par_1_12' title="bbox 277 1335 1846 1407">
     <span class='ocr_line' id='line_1_14' title="bbox 277 1335 1846 1407; baseline -0.001 -19"><span class='ocrx_word' id='word_1_109' title='bbox 277 1344 304 1367; x_wconf 83' lang='lat'>“</span> <span class='ocrx_word' id='word_1_110' title='bbox 331 1340 442 1392; x_wconf 77' lang='grc' dir='ltr'>υἱοῖς</span> <span class='ocrx_word' id='word_1_111' title='bbox 466 1339 570 1402; x_wconf 87' lang='grc' dir='ltr'>ὑμῖν</span> <span class='ocrx_word' id='word_1_112' title='bbox 598 1337 918 1407; x_wconf 85' lang='grc' dir='ltr'>προσφέρεται</span> <span class='ocrx_word' id='word_1_113' title='bbox 944 1338 969 1387; x_wconf 84' lang='grc' dir='ltr'>ὁ</span> <span class='ocrx_word' id='word_1_114' title='bbox 996 1335 1127 1391; x_wconf 75' lang='grc' dir='ltr'>Θεός.</span> <span class='ocrx_word' id='word_1_115' title='bbox 1191 1338 1259 1390; x_wconf 89' lang='grc' dir='ltr'>τίς</span> <span class='ocrx_word' id='word_1_116' title='bbox 1293 1336 1385 1404; x_wconf 80' lang='grc' dir='ltr'>γάρ</span> <span class='ocrx_word' id='word_1_117' title='bbox 1419 1339 1548 1388; x_wconf 88' lang='grc' dir='ltr'>ἐστιν</span> <span class='ocrx_word' id='word_1_118' title='bbox 1583 1335 1689 1399; x_wconf 79' lang='grc' dir='ltr'>υἱὸς,</span> <span class='ocrx_word' id='word_1_119' title='bbox 1717 1335 1775 1387; x_wconf 70' lang='grc' dir='ltr'>ὃν.</span> <span class='ocrx_word' id='word_1_120' title='bbox 1793 1337 1846 1387; x_wconf 81' lang='grc' dir='ltr'>οὐ</span> 
     </span>
    </p>

    <p class='ocr_par' dir='ltr' id='par_1_13' title="bbox 277 1418 1846 1487">
     <span class='ocr_line' id='line_1_15' title="bbox 277 1418 1846 1487; baseline -0.001 -16"><span class='ocrx_word' id='word_1_121' title='bbox 277 1426 306 1449; x_wconf 86' lang='grc'><strong>“</strong></span> <span class='ocrx_word' id='word_1_122' title='bbox 333 1419 535 1471; x_wconf 83' lang='grc' dir='ltr'>παιδεύει</span> <span class='ocrx_word' id='word_1_123' title='bbox 575 1419 730 1487; x_wconf 90' lang='grc' dir='ltr'>πατήρ</span> <span class='ocrx_word' id='word_1_124' title='bbox 749 1421 786 1481; x_wconf 82' lang='lat'>;”</span> <span class='ocrx_word' id='word_1_125' title='bbox 831 1421 855 1470; x_wconf 87' lang='grc' dir='ltr'>ὁ</span> <span class='ocrx_word' id='word_1_126' title='bbox 889 1418 943 1470; x_wconf 90' lang='grc' dir='ltr'>δέ</span> <span class='ocrx_word' id='word_1_127' title='bbox 971 1442 1025 1485; x_wconf 91' lang='grc' dir='ltr'>γε</span> <span class='ocrx_word' id='word_1_128' title='bbox 1057 1418 1338 1487; x_wconf 80' lang='grc' dir='ltr'>σοφώτατος</span> <span class='ocrx_word' id='word_1_129' title='bbox 1368 1418 1712 1485; x_wconf 87' lang='grc' dir='ltr'>παροιμιαστὴς</span> <span class='ocrx_word' id='word_1_130' title='bbox 1749 1421 1846 1469; x_wconf 91' lang='grc' dir='ltr'>δια-</span> 
     </span>
    </p>
   </div>
   <div class='ocr_carea' id='block_1_3' title="bbox 55 1499 1912 1571">
    <p class='ocr_par' dir='ltr' id='par_1_14' title="bbox 55 1499 1912 1571">
     <span class='ocr_line' id='line_1_16' title="bbox 55 1499 1912 1571; baseline 0.003 -20"><span class='ocrx_word' id='word_1_131' title='bbox 55 1521 152 1552; x_wconf 81' lang='lat' dir='ltr'><strong>Prov.</strong></span> <span class='ocrx_word' id='word_1_132' title='bbox 171 1521 215 1552; x_wconf 80' lang='lat' dir='ltr'><strong>iii.</strong></span> <span class='ocrx_word' id='word_1_133' title='bbox 236 1523 257 1549; x_wconf 80' lang='lat' dir='ltr'><strong>e</strong></span> <span class='ocrx_word' id='word_1_134' title='bbox 276 1502 555 1570; x_wconf 84' lang='grc' dir='ltr'>μαρτύρεται</span> <span class='ocrx_word' id='word_1_135' title='bbox 594 1503 674 1553; x_wconf 91' lang='grc' dir='ltr'>καί</span> <span class='ocrx_word' id='word_1_136' title='bbox 705 1506 868 1570; x_wconf 89' lang='grc' dir='ltr'>φησιν,</span> <span class='ocrx_word' id='word_1_137' title='bbox 905 1509 930 1531; x_wconf 78' lang='grc'><strong><em>“</em></strong></span> <span class='ocrx_word' id='word_1_138' title='bbox 944 1499 1044 1553; x_wconf 88' lang='grc' dir='ltr'>Ὃν</span> <span class='ocrx_word' id='word_1_139' title='bbox 1082 1500 1174 1568; x_wconf 79' lang='grc' dir='ltr'>γὰρ</span> <span class='ocrx_word' id='word_1_140' title='bbox 1213 1503 1375 1571; x_wconf 77' lang='grc' dir='ltr'>ἀγαπᾷ</span> <span class='ocrx_word' id='word_1_141' title='bbox 1413 1501 1598 1568; x_wconf 84' lang='grc' dir='ltr'>Κύριος,</span> <span class='ocrx_word' id='word_1_142' title='bbox 1628 1500 1843 1556; x_wconf 83' lang='grc' dir='ltr'>παιδεύει·</span> <span class='ocrx_word' id='word_1_143' title='bbox 1869 1519 1912 1557; x_wconf 89' lang='lat'>15</span> 
     </span>
    </p>
   </div>
   <div class='ocr_carea' id='block_1_4' title="bbox 59 1575 1481 1599">
    <p class='ocr_par' dir='ltr' id='par_1_15' title="bbox 59 1575 1481 1599">
     <span class='ocr_line' id='line_1_17' title="bbox 59 1575 1481 1599; baseline 0.003 -4"><span class='ocrx_word' id='word_1_144' title='bbox 59 1575 107 1596; x_wconf 73' lang='lat'>12.</span> <span class='ocrx_word' id='word_1_145' title='bbox 1456 1583 1481 1599; x_wconf 59' lang='grc' dir='ltr'>θ’</span> 
     </span>
    </p>
   </div>
   <div class='ocr_carea' id='block_1_5' title="bbox 58 1583 1847 1900">
    <p class='ocr_par' dir='ltr' id='par_1_16' title="bbox 58 1583 1847 1900">
     <span class='ocr_line' id='line_1_18' title="bbox 275 1583 1846 1651; baseline 0.003 -17"><span class='ocrx_word' id='word_1_146' title='bbox 275 1591 301 1614; x_wconf 86' lang='grc'><strong>“</strong></span> <span class='ocrx_word' id='word_1_147' title='bbox 326 1589 556 1650; x_wconf 84' lang='grc' dir='ltr'>μαστιγοῖ</span> <span class='ocrx_word' id='word_1_148' title='bbox 589 1583 637 1635; x_wconf 82' lang='grc' dir='ltr'>δὲ</span> <span class='ocrx_word' id='word_1_149' title='bbox 673 1583 828 1635; x_wconf 84' lang='grc' dir='ltr'>πάντα</span> <span class='ocrx_word' id='word_1_150' title='bbox 869 1583 980 1648; x_wconf 74' lang='grc' dir='ltr'>υἱὸν,</span> <span class='ocrx_word' id='word_1_151' title='bbox 1029 1583 1082 1634; x_wconf 70' lang='grc' dir='ltr'>ὃν</span> <span class='ocrx_word' id='word_1_152' title='bbox 1134 1584 1454 1651; x_wconf 81' lang='grc' dir='ltr'>παραδέχεται.</span> <span class='ocrx_word' id='word_1_153' title='bbox 1557 1585 1721 1635; x_wconf 81' lang='grc' dir='ltr'>οὐκοῦν</span> <span class='ocrx_word' id='word_1_154' title='bbox 1769 1584 1846 1638; x_wconf 80' lang='grc' dir='ltr'>οῦς</span> 
     </span>
     <span class='ocr_line' id='line_1_19' title="bbox 274 1664 1847 1735; baseline -0.001 -18"><span class='ocrx_word' id='word_1_155' title='bbox 274 1666 489 1730; x_wconf 80' lang='grc' dir='ltr'>παιδεύει,</span> <span class='ocrx_word' id='word_1_156' title='bbox 541 1668 616 1717; x_wconf 83' lang='grc' dir='ltr'>καὶ</span> <span class='ocrx_word' id='word_1_157' title='bbox 677 1667 919 1720; x_wconf 88' lang='grc' dir='ltr'>ἐποπτείας</span> <span class='ocrx_word' id='word_1_158' title='bbox 975 1666 1110 1735; x_wconf 76' lang='grc' dir='ltr'>ἀξιοῖ,</span> <span class='ocrx_word' id='word_1_159' title='bbox 1159 1668 1220 1720; x_wconf 84' lang='grc' dir='ltr'>ὡς</span> <span class='ocrx_word' id='word_1_160' title='bbox 1275 1665 1478 1732; x_wconf 77' lang='grc' dir='ltr'>ἀγαθοὺς</span> <span class='ocrx_word' id='word_1_161' title='bbox 1539 1664 1724 1719; x_wconf 81' lang='grc' dir='ltr'>πάντως</span> <span class='ocrx_word' id='word_1_162' title='bbox 1771 1668 1847 1717; x_wconf 83' lang='grc' dir='ltr'>καὶ</span> 
     </span>
     <span class='ocr_line' id='line_1_20' title="bbox 275 1746 1842 1818; baseline -0.001 -17"><span class='ocrx_word' id='word_1_163' title='bbox 275 1749 615 1815; x_wconf 85' lang='grc' dir='ltr'>ἠγαπημένους·</span> <span class='ocrx_word' id='word_1_164' title='bbox 681 1750 831 1818; x_wconf 77' lang='grc' dir='ltr'>ἐφορᾷ</span> <span class='ocrx_word' id='word_1_165' title='bbox 878 1746 927 1799; x_wconf 80' lang='grc' dir='ltr'>δὲ</span> <span class='ocrx_word' id='word_1_166' title='bbox 977 1749 1187 1812; x_wconf 81' lang='grc' dir='ltr'>οὐδαμῶς</span> <span class='ocrx_word' id='word_1_167' title='bbox 1235 1747 1341 1802; x_wconf 78' lang='grc' dir='ltr'>τοῦς</span> <span class='ocrx_word' id='word_1_168' title='bbox 1393 1746 1586 1817; x_wconf 86' lang='grc' dir='ltr'>σφόδρα</span> <span class='ocrx_word' id='word_1_169' title='bbox 1636 1770 1842 1815; x_wconf 89' lang='grc' dir='ltr'>προσκε-</span> 
     </span>
     <span class='ocr_line' id='line_1_21' title="bbox 58 1828 1842 1900; baseline 0.001 -20"><span class='ocrx_word' id='word_1_170' title='bbox 58 1849 215 1880; x_wconf 52' lang='grc' dir='ltr'>ωῐειιιιι.</span> <span class='ocrx_word' id='word_1_171' title='bbox 276 1830 527 1899; x_wconf 85' lang='grc' dir='ltr'>κρουκότας</span> <span class='ocrx_word' id='word_1_172' title='bbox 553 1832 690 1900; x_wconf 73' lang='grc' dir='ltr'>αὐτῷ,</span> <span class='ocrx_word' id='word_1_173' title='bbox 716 1834 961 1899; x_wconf 80' lang='grc' dir='ltr'>μονονουχὶ</span> <span class='ocrx_word' id='word_1_174' title='bbox 986 1831 1154 1897; x_wconf 86' lang='grc' dir='ltr'>λέγων,</span> <span class='ocrx_word' id='word_1_175' title='bbox 1178 1831 1318 1882; x_wconf 80' lang='grc' dir='ltr'>“Οὐκ</span> <span class='ocrx_word' id='word_1_176' title='bbox 1342 1828 1443 1881; x_wconf 76' lang='grc' dir='ltr'>οῖδα</span> <span class='ocrx_word' id='word_1_177' title='bbox 1470 1830 1627 1893; x_wconf 79' lang='grc' dir='ltr'>ὑμᾶς.”</span> <span class='ocrx_word' id='word_1_178' title='bbox 1667 1837 1696 1860; x_wconf 83' lang='grc'><strong>“</strong></span> <span class='ocrx_word' id='word_1_179' title='bbox 1713 1829 1842 1900; x_wconf 89' lang='grc' dir='ltr'>Ὀφ-</span> 
     </span>
    </p>
   </div>
   <div class='ocr_carea' id='block_1_6' title="bbox 55 1903 201 1924">
    <p class='ocr_par' dir='ltr' id='par_1_17' title="bbox 55 1903 201 1924">
     <span class='ocr_line' id='line_1_22' title="bbox 55 1903 201 1924; baseline 0 -1"><span class='ocrx_word' id='word_1_180' title='bbox 55 1904 132 1924; x_wconf 77' lang='lat' dir='ltr'><strong>XXV.</strong></span> <span class='ocrx_word' id='word_1_181' title='bbox 154 1904 164 1924; x_wconf 95' lang='lat'>1</span> <span class='ocrx_word' id='word_1_182' title='bbox 174 1903 201 1923; x_wconf 77' lang='lat'><strong>2.</strong></span> 
     </span>
    </p>
   </div>
   <div class='ocr_carea' id='block_1_7' title="bbox 55 1911 1916 2022">
    <p class='ocr_par' dir='ltr' id='par_1_18' title="bbox 55 1911 1916 2022">
     <span class='ocr_line' id='line_1_23' title="bbox 55 1911 1916 1980; baseline -0.003 -14"><span class='ocrx_word' id='word_1_183' title='bbox 55 1949 109 1979; x_wconf 41' lang='lat' dir='ltr'>p&amp;</span> <span class='ocrx_word' id='word_1_184' title='bbox 276 1923 303 1944; x_wconf 86' lang='lat'>“</span> <span class='ocrx_word' id='word_1_185' title='bbox 330 1916 503 1978; x_wconf 86' lang='grc' dir='ltr'>θαλμοὶ</span> <span class='ocrx_word' id='word_1_186' title='bbox 526 1913 619 1980; x_wconf 81' lang='grc' dir='ltr'>γὰρ</span> <span class='ocrx_word' id='word_1_187' title='bbox 648 1913 824 1978; x_wconf 87' lang='grc' dir='ltr'>Κυρίου</span> <span class='ocrx_word' id='word_1_188' title='bbox 850 1914 923 1964; x_wconf 81' lang='grc' dir='ltr'>ἐπὶ</span> <span class='ocrx_word' id='word_1_189' title='bbox 949 1914 1185 1976; x_wconf 89' lang='grc' dir='ltr'>δικαίους,”</span> <span class='ocrx_word' id='word_1_190' title='bbox 1212 1911 1332 1964; x_wconf 80' lang='grc' dir='ltr'>καθὰ</span> <span class='ocrx_word' id='word_1_191' title='bbox 1355 1912 1627 1979; x_wconf 89' lang='grc' dir='ltr'>γέγραπται.</span> <span class='ocrx_word' id='word_1_192' title='bbox 1685 1913 1849 1964; x_wconf 83' lang='grc' dir='ltr'>οὐκοῦν</span> <span class='ocrx_word' id='word_1_193' title='bbox 1868 1935 1916 1960; x_wconf 90' lang='lat'>20</span> 
     </span>
     <span class='ocr_line' id='line_1_24' title="bbox 56 2003 170 2022; baseline 0.009 -1"><span class='ocrx_word' id='word_1_194' title='bbox 56 2003 170 2022; x_wconf 73' lang='lat' dir='ltr'><strong>XXXIII.</strong></span> 
     </span>
    </p>
   </div>
   <div class='ocr_carea' id='block_1_8' title="bbox 61 1993 1849 2067">
    <p class='ocr_par' dir='ltr' id='par_1_19' title="bbox 61 1993 1849 2067">
     <span class='ocr_line' id='line_1_25' title="bbox 61 1993 1849 2067; baseline -0.001 -20"><span class='ocrx_word' id='word_1_195' title='bbox 61 2037 108 2067; x_wconf 40' lang='lat'>16·</span> <span class='ocrx_word' id='word_1_196' title='bbox 276 1995 361 2047; x_wconf 80' lang='grc' dir='ltr'>κᾶν</span> <span class='ocrx_word' id='word_1_197' title='bbox 402 2000 737 2061; x_wconf 83' lang='grc' dir='ltr'>πλημμελῶσι,</span> <span class='ocrx_word' id='word_1_198' title='bbox 782 1997 945 2064; x_wconf 78' lang='grc' dir='ltr'>φησὶν,</span> <span class='ocrx_word' id='word_1_199' title='bbox 997 1999 1072 2047; x_wconf 77' lang='grc' dir='ltr'>οὐκ</span> <span class='ocrx_word' id='word_1_200' title='bbox 1116 1993 1450 2065; x_wconf 63' lang='grc' dir='ltr'>ἐπισκέψομαι,</span> <span class='ocrx_word' id='word_1_201' title='bbox 1500 1995 1753 2057; x_wconf 84' lang='grc' dir='ltr'>τουτέστιν,</span> <span class='ocrx_word' id='word_1_202' title='bbox 1796 1996 1849 2045; x_wconf 80' lang='grc' dir='ltr'>οὐ</span> 
     </span>
    </p>
   </div>
   <div class='ocr_carea' id='block_1_9' title="bbox 234 2075 1918 2393">
    <p class='ocr_par' dir='ltr' id='par_1_20' title="bbox 276 2075 1850 2228">
     <span class='ocr_line' id='line_1_26' title="bbox 276 2075 1845 2149; baseline 0 -19"><span class='ocrx_word' id='word_1_203' title='bbox 276 2083 496 2149; x_wconf 81' lang='grc' dir='ltr'>φροντιῶ,</span> <span class='ocrx_word' id='word_1_204' title='bbox 523 2078 606 2128; x_wconf 86' lang='grc' dir='ltr'>οὐκ</span> <span class='ocrx_word' id='word_1_205' title='bbox 631 2076 905 2146; x_wconf 80' lang='grc' dir='ltr'>ἐπιστρέψω</span> <span class='ocrx_word' id='word_1_206' title='bbox 938 2075 1056 2144; x_wconf 80' lang='grc' dir='ltr'>πρὸς</span> <span class='ocrx_word' id='word_1_207' title='bbox 1090 2076 1299 2141; x_wconf 81' lang='grc' dir='ltr'>ἐμαυτὸν,</span> <span class='ocrx_word' id='word_1_208' title='bbox 1327 2075 1509 2131; x_wconf 77' lang='grc' dir='ltr'>οὐδενὸς</span> <span class='ocrx_word' id='word_1_209' title='bbox 1539 2077 1695 2146; x_wconf 75' lang='grc' dir='ltr'>ἀξίους</span> <span class='ocrx_word' id='word_1_210' title='bbox 1725 2075 1845 2142; x_wconf 82' lang='grc' dir='ltr'>ἡγή-</span> 
     </span>
     <span class='ocr_line' id='line_1_27' title="bbox 276 2158 1850 2228; baseline -0.001 -16"><span class='ocrx_word' id='word_1_211' title='bbox 276 2184 440 2224; x_wconf 93' lang='grc' dir='ltr'>σομαι.</span> <span class='ocrx_word' id='word_1_212' title='bbox 507 2159 583 2211; x_wconf 80' lang='grc' dir='ltr'>διὰ</span> <span class='ocrx_word' id='word_1_213' title='bbox 619 2159 757 2211; x_wconf 87' lang='grc' dir='ltr'>ποίαν</span> <span class='ocrx_word' id='word_1_214' title='bbox 793 2161 971 2220; x_wconf 67' lang='grc' dir='ltr'>αἰτίαν,</span> <span class='ocrx_word' id='word_1_215' title='bbox 1024 2162 1099 2210; x_wconf 77' lang='grc' dir='ltr'>καὶ</span> <span class='ocrx_word' id='word_1_216' title='bbox 1132 2158 1225 2226; x_wconf 77' lang='grc' dir='ltr'>γὰρ</span> <span class='ocrx_word' id='word_1_217' title='bbox 1273 2161 1398 2223; x_wconf 87' lang='grc' dir='ltr'>ὑμεῖς</span> <span class='ocrx_word' id='word_1_218' title='bbox 1437 2159 1562 2211; x_wconf 75' lang='grc' dir='ltr'>αὐτοί</span> <span class='ocrx_word' id='word_1_219' title='bbox 1598 2164 1764 2228; x_wconf 92' lang='grc' dir='ltr'>φησιν,</span> <span class='ocrx_word' id='word_1_220' title='bbox 1808 2162 1850 2210; x_wconf 81' lang='grc' dir='ltr'>οἱ</span> 
     </span>
    </p>

    <p class='ocr_par' dir='ltr' id='par_1_21' title="bbox 234 2239 1918 2393">
     <span class='ocr_line' id='line_1_28' title="bbox 234 2239 1852 2312; baseline -0.002 -17"><span class='ocrx_word' id='word_1_221' title='bbox 234 2255 260 2295; x_wconf 84' lang='lat' dir='ltr'>d</span> <span class='ocrx_word' id='word_1_222' title='bbox 276 2244 324 2294; x_wconf 86' lang='grc' dir='ltr'>ἐν</span> <span class='ocrx_word' id='word_1_223' title='bbox 348 2242 479 2312; x_wconf 74' lang='grc' dir='ltr'>τάξει</span> <span class='ocrx_word' id='word_1_224' title='bbox 503 2241 730 2309; x_wconf 90' lang='grc' dir='ltr'>πατέρων,</span> <span class='ocrx_word' id='word_1_225' title='bbox 756 2247 984 2293; x_wconf 90' lang='grc' dir='ltr'>τοσοῦτον</span> <span class='ocrx_word' id='word_1_226' title='bbox 1010 2239 1308 2311; x_wconf 84' lang='grc' dir='ltr'>ἀφεστήκατε</span> <span class='ocrx_word' id='word_1_227' title='bbox 1339 2247 1422 2293; x_wconf 87' lang='grc' dir='ltr'>τοῦ</span> <span class='ocrx_word' id='word_1_228' title='bbox 1457 2241 1610 2293; x_wconf 87' lang='grc' dir='ltr'>θέλειν</span> <span class='ocrx_word' id='word_1_229' title='bbox 1638 2244 1852 2305; x_wconf 79' lang='grc' dir='ltr'>ἐπιτιμᾶν</span> 
     </span>
     <span class='ocr_line' id='line_1_29' title="bbox 277 2322 1918 2393; baseline -0.002 -17"><span class='ocrx_word' id='word_1_230' title='bbox 277 2328 453 2380; x_wconf 87' lang='grc' dir='ltr'>ἑαυτοῖς</span> <span class='ocrx_word' id='word_1_231' title='bbox 477 2347 528 2377; x_wconf 89' lang='grc' dir='ltr'>τε</span> <span class='ocrx_word' id='word_1_232' title='bbox 547 2327 623 2377; x_wconf 87' lang='grc' dir='ltr'>καὶ</span> <span class='ocrx_word' id='word_1_233' title='bbox 648 2329 743 2379; x_wconf 88' lang='grc' dir='ltr'>τοῖς</span> <span class='ocrx_word' id='word_1_234' title='bbox 769 2324 825 2393; x_wconf 77' lang='grc' dir='ltr'>ἐξ</span> <span class='ocrx_word' id='word_1_235' title='bbox 849 2326 990 2389; x_wconf 81' lang='grc' dir='ltr'>ὑμῶν,</span> <span class='ocrx_word' id='word_1_236' title='bbox 1015 2323 1102 2375; x_wconf 79' lang='grc' dir='ltr'>κᾶν</span> <span class='ocrx_word' id='word_1_237' title='bbox 1128 2327 1166 2374; x_wconf 79' lang='grc' dir='ltr'>εἰ</span> <span class='ocrx_word' id='word_1_238' title='bbox 1191 2326 1274 2388; x_wconf 83' lang='grc' dir='ltr'>τῆς</span> <span class='ocrx_word' id='word_1_239' title='bbox 1301 2322 1505 2392; x_wconf 79' lang='grc' dir='ltr'>ἐσχάτης</span> <span class='ocrx_word' id='word_1_240' title='bbox 1529 2328 1852 2388; x_wconf 90' lang='grc' dir='ltr'>μεταποιοῖντο</span> <span class='ocrx_word' id='word_1_241' title='bbox 1871 2345 1918 2384; x_wconf 89' lang='lat'>25</span> 
     </span>
    </p>
   </div>
   <div class='ocr_carea' id='block_1_10' title="bbox 281 2483 1852 2622">
    <p class='ocr_par' dir='ltr' id='par_1_22' title="bbox 281 2483 1852 2622">
     <span class='ocr_line' id='line_1_30' title="bbox 329 2483 1850 2528; baseline 0 -10"><span class='ocrx_word' id='word_1_242' title='bbox 329 2496 357 2518; x_wconf 90' lang='lat'><strong>1.</strong></span> <span class='ocrx_word' id='word_1_243' title='bbox 383 2484 619 2528; x_wconf 83' lang='grc' dir='ltr'>ἀπεσκληκότα</span> <span class='ocrx_word' id='word_1_244' title='bbox 637 2483 683 2518; x_wconf 91' lang='lat' dir='ltr'>D.</span> <span class='ocrx_word' id='word_1_245' title='bbox 700 2483 951 2527; x_wconf 81' lang='grc' dir='ltr'>ἀπεσκληκότες</span> <span class='ocrx_word' id='word_1_246' title='bbox 971 2483 1011 2517; x_wconf 84' lang='lat' dir='ltr'><strong>ss.</strong></span> <span class='ocrx_word' id='word_1_247' title='bbox 1032 2483 1122 2517; x_wconf 81' lang='lat' dir='ltr'><strong>Edd.</strong></span> <span class='ocrx_word' id='word_1_248' title='bbox 1346 2495 1376 2517; x_wconf 86' lang='lat'><strong>2.</strong></span> <span class='ocrx_word' id='word_1_249' title='bbox 1404 2484 1442 2517; x_wconf 88' lang='grc' dir='ltr'>τὸ</span> <span class='ocrx_word' id='word_1_250' title='bbox 1459 2488 1680 2528; x_wconf 84' lang='lat' dir='ltr'>assumptum</span> <span class='ocrx_word' id='word_1_251' title='bbox 1696 2495 1739 2517; x_wconf 84' lang='lat' dir='ltr'>ex</span> <span class='ocrx_word' id='word_1_252' title='bbox 1757 2483 1850 2518; x_wconf 91' lang='lat' dir='ltr'><strong>B.D.</strong></span> 
     </span>
     <span class='ocr_line' id='line_1_31' title="bbox 282 2530 1850 2575; baseline 0.001 -12"><span class='ocrx_word' id='word_1_253' title='bbox 282 2540 311 2574; x_wconf 78' lang='lat'><strong>7.</strong></span> <span class='ocrx_word' id='word_1_254' title='bbox 332 2530 429 2565; x_wconf 84' lang='lat' dir='ltr'>Haec</span> <span class='ocrx_word' id='word_1_255' title='bbox 447 2531 529 2565; x_wconf 81' lang='lat' dir='ltr'>citat</span> <span class='ocrx_word' id='word_1_256' title='bbox 547 2531 716 2565; x_wconf 82' lang='lat' dir='ltr'>scholium</span> <span class='ocrx_word' id='word_1_257' title='bbox 732 2542 843 2564; x_wconf 90' lang='lat' dir='ltr'><strong>unum</strong></span> <span class='ocrx_word' id='word_1_258' title='bbox 860 2531 896 2564; x_wconf 80' lang='lat' dir='ltr'>in</span> <span class='ocrx_word' id='word_1_259' title='bbox 911 2530 998 2564; x_wconf 82' lang='lat' dir='ltr'><strong>Cod.</strong></span> <span class='ocrx_word' id='word_1_260' title='bbox 1011 2531 1217 2565; x_wconf 71' lang='lat' dir='ltr'><strong>Taurinensi</strong></span> <span class='ocrx_word' id='word_1_261' title='bbox 1235 2542 1309 2575; x_wconf 79' lang='lat'><strong>137.</strong></span> <span class='ocrx_word' id='word_1_262' title='bbox 1326 2543 1393 2564; x_wconf 87' lang='lat' dir='ltr'><strong>sec.</strong></span> <span class='ocrx_word' id='word_1_263' title='bbox 1408 2543 1441 2564; x_wconf 82' lang='lat' dir='ltr'><strong>x.</strong></span> <span class='ocrx_word' id='word_1_264' title='bbox 1455 2536 1513 2563; x_wconf 83' lang='lat' dir='ltr'>aut</span> <span class='ocrx_word' id='word_1_265' title='bbox 1530 2530 1578 2564; x_wconf 80' lang='lat' dir='ltr'><strong>xi.</strong></span> <span class='ocrx_word' id='word_1_266' title='bbox 1595 2530 1683 2564; x_wconf 82' lang='lat' dir='ltr'><strong>bene</strong></span> <span class='ocrx_word' id='word_1_267' title='bbox 1700 2536 1850 2564; x_wconf 86' lang='lat' dir='ltr'><strong>exarato.</strong></span> 
     </span>
     <span class='ocr_line' id='line_1_32' title="bbox 281 2575 1852 2622; baseline 0.003 -13"><span class='ocrx_word' id='word_1_268' title='bbox 281 2578 453 2621; x_wconf 85' lang='grc' dir='ltr'>Κυρίλλου</span> <span class='ocrx_word' id='word_1_269' title='bbox 478 2578 513 2612; x_wconf 79' lang='grc' dir='ltr'>ἐκ</span> <span class='ocrx_word' id='word_1_270' title='bbox 538 2579 596 2621; x_wconf 85' lang='grc' dir='ltr'>τῆς</span> <span class='ocrx_word' id='word_1_271' title='bbox 620 2578 666 2613; x_wconf 84' lang='grc' dir='ltr'>εἷς</span> <span class='ocrx_word' id='word_1_272' title='bbox 690 2578 748 2611; x_wconf 84' lang='grc' dir='ltr'>τὸν</span> <span class='ocrx_word' id='word_1_273' title='bbox 772 2576 950 2622; x_wconf 81' lang='grc' dir='ltr'>προφήτην</span> <span class='ocrx_word' id='word_1_274' title='bbox 967 2577 1068 2621; x_wconf 85' lang='grc' dir='ltr'>ὠσήε.</span> <span class='ocrx_word' id='word_1_275' title='bbox 1111 2577 1309 2612; x_wconf 77' lang='grc' dir='ltr'>ἐπισκέπται</span> <span class='ocrx_word' id='word_1_276' title='bbox 1327 2576 1415 2622; x_wconf 83' lang='lat' dir='ltr'>(Sic)</span> <span class='ocrx_word' id='word_1_277' title='bbox 1433 2577 1546 2620; x_wconf 80' lang='grc' dir='ltr'>μέντοι</span> <span class='ocrx_word' id='word_1_278' title='bbox 1565 2578 1661 2613; x_wconf 84' lang='grc' dir='ltr'>Θεὸς.</span> <span class='ocrx_word' id='word_1_279' title='bbox 1710 2576 1783 2622; x_wconf 79' lang='grc' dir='ltr'>οὓς]</span> <span class='ocrx_word' id='word_1_280' title='bbox 1803 2575 1852 2613; x_wconf 81' lang='grc' dir='ltr'>οἷς</span> 
     </span>
    </p>
   </div>
   <div class='ocr_carea' id='block_1_11' title="bbox 279 2623 1852 3051">
    <p class='ocr_par' dir='ltr' id='par_1_23' title="bbox 279 2623 1852 3051">
     <span class='ocr_line' id='line_1_33' title="bbox 281 2623 1852 2669; baseline 0 -12"><span class='ocrx_word' id='word_1_281' title='bbox 281 2623 369 2657; x_wconf 87' lang='lat' dir='ltr'><strong>Cod.</strong></span> <span class='ocrx_word' id='word_1_282' title='bbox 387 2624 491 2658; x_wconf 86' lang='lat' dir='ltr'><strong>Taur.</strong></span> <span class='ocrx_word' id='word_1_283' title='bbox 719 2636 751 2668; x_wconf 82' lang='lat'><strong>9.</strong></span> <span class='ocrx_word' id='word_1_284' title='bbox 778 2625 830 2658; x_wconf 83' lang='grc' dir='ltr'>καὶ</span> <span class='ocrx_word' id='word_1_285' title='bbox 848 2624 1044 2668; x_wconf 83' lang='grc' dir='ltr'>συμμέτρως</span> <span class='ocrx_word' id='word_1_286' title='bbox 1060 2625 1289 2669; x_wconf 77' lang='grc' dir='ltr'>παλινδρομὴν</span> <span class='ocrx_word' id='word_1_287' title='bbox 1306 2636 1368 2669; x_wconf 81' lang='lat' dir='ltr'>pro</span> <span class='ocrx_word' id='word_1_288' title='bbox 1386 2623 1595 2668; x_wconf 77' lang='grc' dir='ltr'>συμμέτρως,</span> <span class='ocrx_word' id='word_1_289' title='bbox 1613 2624 1852 2668; x_wconf 82' lang='grc' dir='ltr'>παλινδρομεῖν</span> 
     </span>
     <span class='ocr_line' id='line_1_34' title="bbox 281 2669 1852 2716; baseline 0.001 -13"><span class='ocrx_word' id='word_1_290' title='bbox 281 2669 369 2703; x_wconf 85' lang='lat' dir='ltr'><strong>Cod.</strong></span> <span class='ocrx_word' id='word_1_291' title='bbox 387 2671 428 2704; x_wconf 89' lang='lat' dir='ltr'>T.</span> <span class='ocrx_word' id='word_1_292' title='bbox 640 2682 692 2705; x_wconf 91' lang='lat'><strong>10.</strong></span> <span class='ocrx_word' id='word_1_293' title='bbox 718 2672 758 2704; x_wconf 90' lang='grc' dir='ltr'>τὰ</span> <span class='ocrx_word' id='word_1_294' title='bbox 775 2671 896 2715; x_wconf 79' lang='grc' dir='ltr'>ἀμείνω</span> <span class='ocrx_word' id='word_1_295' title='bbox 915 2671 1003 2705; x_wconf 88' lang='lat' dir='ltr'><strong>Cod.</strong></span> <span class='ocrx_word' id='word_1_296' title='bbox 1020 2671 1125 2705; x_wconf 81' lang='lat' dir='ltr'><strong>Taur.</strong></span> <span class='ocrx_word' id='word_1_297' title='bbox 1145 2672 1191 2705; x_wconf 88' lang='lat' dir='ltr'>D.</span> <span class='ocrx_word' id='word_1_298' title='bbox 1209 2671 1248 2705; x_wconf 83' lang='grc' dir='ltr'>τὸ</span> <span class='ocrx_word' id='word_1_299' title='bbox 1264 2671 1397 2716; x_wconf 72' lang='grc' dir='ltr'>ἄμεινον</span> <span class='ocrx_word' id='word_1_300' title='bbox 1415 2670 1506 2705; x_wconf 87' lang='lat' dir='ltr'><strong>Edd.</strong></span> <span class='ocrx_word' id='word_1_301' title='bbox 1557 2671 1681 2705; x_wconf 77' lang='lat' dir='ltr'>Statim</span> <span class='ocrx_word' id='word_1_302' title='bbox 1698 2670 1783 2705; x_wconf 85' lang='lat' dir='ltr'>haec</span> <span class='ocrx_word' id='word_1_303' title='bbox 1799 2671 1852 2705; x_wconf 81' lang='grc' dir='ltr'>καὶ</span> 
     </span>
     <span class='ocr_line' id='line_1_35' title="bbox 279 2716 1852 2762; baseline 0.001 -13"><span class='ocrx_word' id='word_1_304' title='bbox 279 2717 364 2760; x_wconf 79' lang='grc' dir='ltr'>πρὸς</span> <span class='ocrx_word' id='word_1_305' title='bbox 380 2716 496 2759; x_wconf 79' lang='grc' dir='ltr'>ὄνησιν</span> <span class='ocrx_word' id='word_1_306' title='bbox 512 2718 673 2762; x_wconf 79' lang='grc' dir='ltr'>ἀναγκαῖα</span> <span class='ocrx_word' id='word_1_307' title='bbox 692 2724 911 2752; x_wconf 82' lang='lat' dir='ltr'>accesserunt</span> <span class='ocrx_word' id='word_1_308' title='bbox 928 2730 968 2751; x_wconf 82' lang='lat' dir='ltr'>ex</span> <span class='ocrx_word' id='word_1_309' title='bbox 988 2717 1076 2751; x_wconf 84' lang='lat' dir='ltr'><strong>Cod.</strong></span> <span class='ocrx_word' id='word_1_310' title='bbox 1093 2719 1199 2752; x_wconf 79' lang='lat' dir='ltr'><strong>Taur.</strong></span> <span class='ocrx_word' id='word_1_311' title='bbox 1219 2719 1264 2752; x_wconf 92' lang='lat' dir='ltr'>D.</span> <span class='ocrx_word' id='word_1_312' title='bbox 1480 2729 1492 2751; x_wconf 88' lang='lat'>1</span> <span class='ocrx_word' id='word_1_313' title='bbox 1504 2729 1532 2751; x_wconf 90' lang='lat'><strong>1.</strong></span> <span class='ocrx_word' id='word_1_314' title='bbox 1559 2718 1612 2751; x_wconf 82' lang='grc' dir='ltr'>καὶ</span> <span class='ocrx_word' id='word_1_315' title='bbox 1629 2720 1852 2762; x_wconf 79' lang='lat' dir='ltr'><strong>assumptum</strong></span> 
     </span>
     <span class='ocr_line' id='line_1_36' title="bbox 279 2763 1850 2809; baseline 0.001 -14"><span class='ocrx_word' id='word_1_316' title='bbox 279 2774 320 2795; x_wconf 79' lang='lat' dir='ltr'>ex</span> <span class='ocrx_word' id='word_1_317' title='bbox 340 2763 381 2795; x_wconf 88' lang='lat' dir='ltr'><strong>B.</strong></span> <span class='ocrx_word' id='word_1_318' title='bbox 402 2763 495 2796; x_wconf 82' lang='lat' dir='ltr'><strong>deest</strong></span> <span class='ocrx_word' id='word_1_319' title='bbox 512 2764 547 2797; x_wconf 90' lang='lat' dir='ltr'>in</span> <span class='ocrx_word' id='word_1_320' title='bbox 567 2764 654 2798; x_wconf 81' lang='lat' dir='ltr'><strong>Cod.</strong></span> <span class='ocrx_word' id='word_1_321' title='bbox 672 2765 777 2798; x_wconf 86' lang='lat' dir='ltr'><strong>Taur.</strong></span> <span class='ocrx_word' id='word_1_322' title='bbox 798 2765 844 2798; x_wconf 93' lang='lat' dir='ltr'>D.</span> <span class='ocrx_word' id='word_1_323' title='bbox 893 2765 953 2808; x_wconf 80' lang='grc' dir='ltr'>μὲν</span> <span class='ocrx_word' id='word_1_324' title='bbox 977 2771 1056 2809; x_wconf 79' lang='lat' dir='ltr'>post</span> <span class='ocrx_word' id='word_1_325' title='bbox 1082 2767 1099 2798; x_wconf 86' lang='grc' dir='ltr'>ὁ</span> <span class='ocrx_word' id='word_1_326' title='bbox 1125 2765 1204 2799; x_wconf 80' lang='lat' dir='ltr'><strong>add.</strong></span> <span class='ocrx_word' id='word_1_327' title='bbox 1232 2766 1279 2798; x_wconf 79' lang='lat'>1).</span> <span class='ocrx_word' id='word_1_328' title='bbox 1465 2776 1517 2798; x_wconf 81' lang='lat'><strong>12.</strong></span> <span class='ocrx_word' id='word_1_329' title='bbox 1542 2765 1626 2808; x_wconf 82' lang='grc' dir='ltr'>ζωὴν</span> <span class='ocrx_word' id='word_1_330' title='bbox 1643 2766 1779 2807; x_wconf 80' lang='grc' dir='ltr'>κεκλημ.</span> <span class='ocrx_word' id='word_1_331' title='bbox 1798 2764 1850 2797; x_wconf 89' lang='lat' dir='ltr'>in-</span> 
     </span>
     <span class='ocr_line' id='line_1_37' title="bbox 280 2809 1849 2856; baseline 0.001 -14"><span class='ocrx_word' id='word_1_332' title='bbox 280 2820 379 2843; x_wconf 82' lang='lat' dir='ltr'>verso</span> <span class='ocrx_word' id='word_1_333' title='bbox 396 2809 517 2844; x_wconf 73' lang='lat' dir='ltr'>ordine</span> <span class='ocrx_word' id='word_1_334' title='bbox 535 2811 582 2844; x_wconf 91' lang='lat' dir='ltr'>D.</span> <span class='ocrx_word' id='word_1_335' title='bbox 751 2823 802 2856; x_wconf 84' lang='lat'><strong>13.</strong></span> <span class='ocrx_word' id='word_1_336' title='bbox 829 2812 923 2846; x_wconf 80' lang='grc' dir='ltr'>ἐστιν</span> <span class='ocrx_word' id='word_1_337' title='bbox 938 2824 1007 2845; x_wconf 91' lang='lat' dir='ltr'><strong>om.</strong></span> <span class='ocrx_word' id='word_1_338' title='bbox 1027 2811 1115 2845; x_wconf 84' lang='lat' dir='ltr'><strong>Cod.</strong></span> <span class='ocrx_word' id='word_1_339' title='bbox 1133 2812 1174 2846; x_wconf 82' lang='lat' dir='ltr'><strong>T.</strong></span> <span class='ocrx_word' id='word_1_340' title='bbox 1346 2823 1396 2854; x_wconf 91' lang='lat'>14.</span> <span class='ocrx_word' id='word_1_341' title='bbox 1423 2810 1597 2845; x_wconf 81' lang='grc' dir='ltr'>παιδεύσει</span> <span class='ocrx_word' id='word_1_342' title='bbox 1616 2811 1704 2845; x_wconf 87' lang='lat' dir='ltr'><strong>Cod.</strong></span> <span class='ocrx_word' id='word_1_343' title='bbox 1721 2811 1762 2844; x_wconf 91' lang='lat' dir='ltr'><strong>T.</strong></span> <span class='ocrx_word' id='word_1_344' title='bbox 1811 2825 1849 2854; x_wconf 77' lang='grc' dir='ltr'>γε</span> 
     </span>
     <span class='ocr_line' id='line_1_38' title="bbox 280 2855 1849 2903; baseline 0.002 -15"><span class='ocrx_word' id='word_1_345' title='bbox 280 2867 350 2889; x_wconf 85' lang='lat' dir='ltr'><strong>om.</strong></span> <span class='ocrx_word' id='word_1_346' title='bbox 369 2855 416 2889; x_wconf 83' lang='lat' dir='ltr'><strong>id.</strong></span> <span class='ocrx_word' id='word_1_347' title='bbox 594 2868 645 2901; x_wconf 76' lang='lat'>15.</span> <span class='ocrx_word' id='word_1_348' title='bbox 671 2857 780 2903; x_wconf 87' lang='grc' dir='ltr'>λέγων</span> <span class='ocrx_word' id='word_1_349' title='bbox 798 2870 860 2903; x_wconf 87' lang='lat' dir='ltr'>pro</span> <span class='ocrx_word' id='word_1_350' title='bbox 877 2859 931 2892; x_wconf 76' lang='grc' dir='ltr'>καί</span> <span class='ocrx_word' id='word_1_351' title='bbox 947 2860 1056 2903; x_wconf 86' lang='grc' dir='ltr'>φησιν</span> <span class='ocrx_word' id='word_1_352' title='bbox 1072 2858 1118 2893; x_wconf 82' lang='lat' dir='ltr'><strong>id.</strong></span> <span class='ocrx_word' id='word_1_353' title='bbox 1167 2859 1232 2903; x_wconf 83' lang='grc' dir='ltr'>γὰρ</span> <span class='ocrx_word' id='word_1_354' title='bbox 1250 2871 1320 2892; x_wconf 88' lang='lat' dir='ltr'><strong>Om.</strong></span> <span class='ocrx_word' id='word_1_355' title='bbox 1342 2859 1385 2892; x_wconf 88' lang='lat' dir='ltr'><strong>D.</strong></span> <span class='ocrx_word' id='word_1_356' title='bbox 1436 2859 1489 2891; x_wconf 85' lang='grc' dir='ltr'>καὶ</span> <span class='ocrx_word' id='word_1_357' title='bbox 1506 2862 1587 2892; x_wconf 78' lang='lat' dir='ltr'>ante</span> <span class='ocrx_word' id='word_1_358' title='bbox 1603 2856 1752 2892; x_wconf 79' lang='grc' dir='ltr'>παιδεύει</span> <span class='ocrx_word' id='word_1_359' title='bbox 1769 2857 1849 2891; x_wconf 82' lang='lat' dir='ltr'><strong>add.</strong></span> 
     </span>
     <span class='ocr_line' id='line_1_39' title="bbox 282 2901 1850 2951; baseline 0.002 -16"><span class='ocrx_word' id='word_1_360' title='bbox 282 2901 373 2936; x_wconf 90' lang='lat' dir='ltr'><strong>Cod.</strong></span> <span class='ocrx_word' id='word_1_361' title='bbox 388 2902 429 2935; x_wconf 88' lang='lat' dir='ltr'>T.</span> <span class='ocrx_word' id='word_1_362' title='bbox 590 2914 641 2948; x_wconf 91' lang='lat'>17.</span> <span class='ocrx_word' id='word_1_363' title='bbox 671 2905 747 2938; x_wconf 89' lang='lat' dir='ltr'>Hoc</span> <span class='ocrx_word' id='word_1_364' title='bbox 764 2906 894 2940; x_wconf 82' lang='grc' dir='ltr'>πάντως</span> <span class='ocrx_word' id='word_1_365' title='bbox 911 2905 1054 2940; x_wconf 79' lang='lat' dir='ltr'>accessit</span> <span class='ocrx_word' id='word_1_366' title='bbox 1071 2917 1112 2939; x_wconf 86' lang='lat' dir='ltr'>ex</span> <span class='ocrx_word' id='word_1_367' title='bbox 1132 2905 1219 2939; x_wconf 85' lang='lat' dir='ltr'><strong>Cod.</strong></span> <span class='ocrx_word' id='word_1_368' title='bbox 1236 2905 1278 2939; x_wconf 90' lang='lat' dir='ltr'><strong>T.</strong></span> <span class='ocrx_word' id='word_1_369' title='bbox 1444 2916 1497 2950; x_wconf 92' lang='lat'><strong>19.</strong></span> <span class='ocrx_word' id='word_1_370' title='bbox 1524 2905 1611 2951; x_wconf 79' lang='grc' dir='ltr'>αὐτῷ</span> <span class='ocrx_word' id='word_1_371' title='bbox 1629 2911 1850 2949; x_wconf 82' lang='lat' dir='ltr'>assumptum</span> 
     </span>
     <span class='ocr_line' id='line_1_40' title="bbox 281 2948 1851 2997; baseline 0.002 -16"><span class='ocrx_word' id='word_1_372' title='bbox 281 2961 322 2982; x_wconf 87' lang='lat' dir='ltr'>ex</span> <span class='ocrx_word' id='word_1_373' title='bbox 350 2948 426 2982; x_wconf 83' lang='lat' dir='ltr'><strong>eod.</strong></span> <span class='ocrx_word' id='word_1_374' title='bbox 476 2949 511 2982; x_wconf 80' lang='grc' dir='ltr'>δὲ</span> <span class='ocrx_word' id='word_1_375' title='bbox 537 2955 615 2992; x_wconf 84' lang='lat' dir='ltr'>post</span> <span class='ocrx_word' id='word_1_376' title='bbox 639 2952 819 2997; x_wconf 82' lang='grc' dir='ltr'>μονονουχί</span> <span class='ocrx_word' id='word_1_377' title='bbox 842 2952 923 2986; x_wconf 83' lang='lat' dir='ltr'><strong>add.</strong></span> <span class='ocrx_word' id='word_1_378' title='bbox 941 2951 1033 2986; x_wconf 84' lang='lat' dir='ltr'><strong>Edd.</strong></span> <span class='ocrx_word' id='word_1_379' title='bbox 1052 2952 1168 2986; x_wconf 80' lang='lat' dir='ltr'>invitis</span> <span class='ocrx_word' id='word_1_380' title='bbox 1194 2952 1285 2987; x_wconf 84' lang='lat' dir='ltr'><strong>B.D.</strong></span> <span class='ocrx_word' id='word_1_381' title='bbox 1307 2951 1394 2986; x_wconf 83' lang='lat' dir='ltr'><strong>Cod.</strong></span> <span class='ocrx_word' id='word_1_382' title='bbox 1412 2951 1454 2985; x_wconf 87' lang='lat' dir='ltr'>T.</span> <span class='ocrx_word' id='word_1_383' title='bbox 1516 2951 1599 2985; x_wconf 79' lang='lat' dir='ltr'><strong>Post</strong></span> <span class='ocrx_word' id='word_1_384' title='bbox 1623 2952 1718 2995; x_wconf 80' lang='grc' dir='ltr'>ὑμας,</span> <span class='ocrx_word' id='word_1_385' title='bbox 1739 2951 1851 2996; x_wconf 82' lang='lat' dir='ltr'><strong>pergit</strong></span> 
     </span>
     <span class='ocr_line' id='line_1_41' title="bbox 279 2994 1848 3051; baseline 0.003 -24"><span class='ocrx_word' id='word_1_386' title='bbox 279 2994 443 3051; x_wconf 50' lang='grc' dir='ltr'>ἀμέλειγ</span> <span class='ocrx_word' id='word_1_387' title='bbox 462 2995 520 3029; x_wconf 73' lang='grc' dir='ltr'>οὖν</span> <span class='ocrx_word' id='word_1_388' title='bbox 536 2996 573 3030; x_wconf 87' lang='grc' dir='ltr'>ὃν</span> <span class='ocrx_word' id='word_1_389' title='bbox 590 2998 714 3040; x_wconf 87' lang='grc' dir='ltr'>τρόπον</span> <span class='ocrx_word' id='word_1_390' title='bbox 731 2997 795 3042; x_wconf 84' lang='lat'>(94</span> <span class='ocrx_word' id='word_1_391' title='bbox 813 2998 863 3042; x_wconf 84' lang='lat' dir='ltr'><strong>a.)</strong></span> <span class='ocrx_word' id='word_1_392' title='bbox 882 2998 970 3033; x_wconf 86' lang='lat' dir='ltr'><strong>Cod.</strong></span> <span class='ocrx_word' id='word_1_393' title='bbox 990 2999 1032 3033; x_wconf 87' lang='lat' dir='ltr'><strong>T.</strong></span> <span class='ocrx_word' id='word_1_394' title='bbox 1237 3010 1290 3033; x_wconf 87' lang='lat'><strong>20.</strong></span> <span class='ocrx_word' id='word_1_395' title='bbox 1317 2999 1400 3033; x_wconf 85' lang='grc' dir='ltr'>καθὰ</span> <span class='ocrx_word' id='word_1_396' title='bbox 1416 2997 1622 3043; x_wconf 83' lang='grc' dir='ltr'>γέγραπται]</span> <span class='ocrx_word' id='word_1_397' title='bbox 1641 2999 1722 3032; x_wconf 85' lang='grc' dir='ltr'>κατὰ</span> <span class='ocrx_word' id='word_1_398' title='bbox 1739 2999 1777 3032; x_wconf 86' lang='grc' dir='ltr'>τὸ</span> <span class='ocrx_word' id='word_1_399' title='bbox 1793 3012 1848 3043; x_wconf 76' lang='grc' dir='ltr'>’γε-</span> 
     </span>
    </p>
   </div>
   <div class='ocr_carea' id='block_1_12' title="bbox 280 3042 1154 3089">
    <p class='ocr_par' dir='ltr' id='par_1_24' title="bbox 280 3042 1154 3089">
     <span class='ocr_line' id='line_1_42' title="bbox 280 3042 1154 3089; baseline 0.005 -14"><span class='ocrx_word' id='word_1_400' title='bbox 280 3056 469 3087; x_wconf 83' lang='grc' dir='ltr'>γραμμενον</span> <span class='ocrx_word' id='word_1_401' title='bbox 488 3042 532 3076; x_wconf 92' lang='lat' dir='ltr'><strong>D.</strong></span> <span class='ocrx_word' id='word_1_402' title='bbox 723 3054 776 3088; x_wconf 88' lang='lat'><strong>25.</strong></span> <span class='ocrx_word' id='word_1_403' title='bbox 803 3047 872 3080; x_wconf 84' lang='grc' dir='ltr'>τοῖς</span> <span class='ocrx_word' id='word_1_404' title='bbox 889 3045 1047 3089; x_wconf 78' lang='grc' dir='ltr'>ἐσχάτοις</span> <span class='ocrx_word' id='word_1_405' title='bbox 1065 3045 1154 3079; x_wconf 81' lang='lat' dir='ltr'><strong>Edd.</strong></span> 
     </span>
    </p>
   </div>
   <div class='ocr_carea' id='block_1_13' title="bbox 1981 0 2021 3434">
    <p class='ocr_par' dir='ltr' id='par_1_25' title="bbox 1981 0 2021 3434">
     <span class='ocr_line' id='line_1_43' title="bbox 1981 0 2021 3434; baseline 0 0"><span class='ocrx_word' id='word_1_406' title='bbox 1981 0 2021 3434; x_wconf 95' lang='lat' dir='ltr'> </span> 
     </span>
    </p>
   </div>
  </div>
 </body>
</html>
