2021 3434
118 171 171 210 vi.
198 184 261 225 13,
290 184 350 223 14.
594 171 667 212 IN
708 172 900 213 AMOS.
962 171 1109 212 TOM.
1144 171 1229 211 ΙΙΙ.
1601 172 1681 210 495

117 280 354 334 ἀναθέντες
392 281 449 331 τὰ
490 281 748 349 αὐχήματα,
783 283 1094 347 τετολμήκατε
1131 286 1203 333 καὶ
1238 287 1378 333 εἰπεῖν
1416 285 1515 333 Οὐκ
1561 283 1597 332 ἐν
1635 286 1684 352 τῇ

117 361 244 424 ἰσχύϊ
288 363 400 429 ἦμῶν
452 363 634 432 ἔσχομεν
686 364 878 433 κέρατας
941 364 1098 427 ὅμοιον
1140 363 1187 414 δὲ
1226 363 1282 428 ἦν
1324 366 1464 414 ἐκεῖνο
1502 362 1681 426 λοιπὸν,
1701 377 1726 417 b

115 443 294 494 ἁλῶναι
324 444 674 514 πεφρονηκότας
711 448 785 497 καὶ
825 446 1061 500 ἀσυνέτως
1098 446 1323 511 λέγοντας
1363 447 1505 496 Αὐτοὶ
1542 468 1683 496 κατα-

115 526 456 590 δυναστεύομεν
481 529 556 578 καὶ
580 528 889 593 περιεσόμεθα
916 533 1009 579 τῶν
1033 530 1227 595 ἐχθρῶν,
1253 526 1339 578 κᾶν
1364 531 1400 578 εὶ
1426 527 1489 591 μὴ
1516 525 1683 589 ἐ’λοιτο,

75 625 96 663 5
117 608 252 674 φησὶ,
287 609 591 676 προασπίζειν
622 609 754 672 Θεὸς,
783 610 911 674 ἡμεῖς
947 609 1301 676 κεκρατήκαμεν,
1332 612 1406 660 καὶ
1440 614 1535 662 τοῖς
1563 611 1683 660 οὕτω

116 695 350 754 λαμπροῖς
394 691 725 757 κατορθώμασι
765 691 1077 754 σεμνύνεσθαι
1121 690 1224 758 χρὴ,
1264 694 1370 759 Θεῷ
1407 690 1684 756 τοπαράπαν

117 771 328 834 νέμοντες
364 772 509 825 οὐδέν.
574 774 806 841 ὑπεροψία
840 772 896 837 δὴ
927 773 1008 823 οὖν
1043 774 1117 822 καὶ
1152 775 1282 836 ὕβρις
1317 772 1434 823 κατὰ
1468 777 1604 834 Θεοῦ,
1631 771 1684 823 τὸ

116 852 421 918 ἀπόπληκτον
465 856 584 905 οὕτω
634 854 853 924 φρόνημά
900 877 950 905 τε
999 856 1073 904 καὶ
1125 856 1264 920 ῥῆμα.
1351 855 1460 904 ἀλλ’
1507 852 1565 917 ἦν
1615 853 1685 904 ὅτι

115 933 329 997 μάλιστα
362 935 515 1005 σοφὸς
546 938 571 987 ὁ
597 937 848 990 θεσπέσιος
874 937 1059 998 Δαυεὶδ,
1084 940 1149 1004 τῷ
1179 940 1272 986 τῶν
1307 935 1432 986 ὅλων
1463 936 1683 1004 κατεξου-

1318 1016 1424 1068 “e-JO
1528 1016 1540 1031 x
1652 1017 1663 1033 t
1744 1023 1786 1053 P*

1428 1040 1471 1068 Τί
1496 1040 1548 1068 ΤΟ
1576 1040 1684 1068 Καυ·
1703 1038 1724 1064 0
1773 1038 1796 1055 δ’

1033 1099 1043 1114 Ι
1058 1098 1083 1114 ”
1742 1067 1889 1100 lxxxviii.

117 1105 142 1128 ‘⁶
168 1121 297 1166 χημα
333 1102 414 1163 τῆς
449 1099 682 1163 δυνάμεως
715 1101 866 1150 αὐτῶν
903 1097 945 1150 εἷ
979 1122 1056 1151 συ.
1148 1101 1223 1149 καὶ
1260 1099 1407 1150 πάλιν
1442 1098 1573 1150 αἘν
1605 1102 1684 1151 σοὶ
1749 1111 1796 1167 18-

51 1043 98 1068 10
116 1014 321 1083 σιάζοντι
347 1021 453 1087 Θεῷ
479 1016 563 1081 τὴν
595 1017 739 1087 δόξαν
769 1019 1007 1079 ἀνατιθεὶς,
1033 1019 1107 1067 καὶ
1139 1017 1292 1082 λέγων

116 1186 145 1209 “
169 1180 275 1234 τοὺς
314 1180 504 1248 ἐχθροὺς
536 1182 668 1246 ἡμῶν
705 1187 1012 1247 κερατιοῦμεν,
1056 1183 1130 1232 καὶ
1174 1183 1222 1232 ἐν
1261 1185 1327 1251 τῷ
1364 1181 1559 1244 ὀνόματί
1593 1205 1684 1233 σου
1744 1197 1776 1237 6,
1797 1208 1824 1238 7.

117 1270 144 1292 “
169 1263 539 1332 ἐξουδενώσομεν
572 1262 677 1318 τοὺς
710 1263 1100 1326 ἐπανισταμένους
1131 1264 1252 1327 ἡμῖν.
1320 1264 1372 1314 οὐ
1398 1262 1490 1330 γὰρ
1520 1265 1592 1314 ἐπὶ
1619 1268 1685 1334 τῷ

118 1352 144 1375 “
167 1346 291 1415 τόξῳ
317 1369 406 1409 μου
438 1346 601 1406 ἐλπιῶ,
631 1347 704 1396 καὶ
727 1346 754 1410 ἡ
779 1347 989 1414 ῥομφαία
1018 1369 1106 1407 μου
1135 1347 1187 1396 οὐ
1220 1346 1371 1396 σώσει
1396 1347 1494 1408 με.”
1548 1351 1684 1397 πᾶσα

53 1445 98 1483 15
117 1425 209 1493 γὰρ
249 1427 386 1495 ἰσχὺς
427 1428 540 1494 παρ’
578 1428 732 1491 αὑτοῦ,
771 1429 845 1478 καὶ
883 1416 971 1478 οὐκ
1009 1427 1067 1478 ἂν
1109 1426 1285 1493 γένοιτό
1324 1451 1367 1478 τι
1404 1427 1517 1494 παρ’
1553 1429 1684 1492 ἡμῶν

115 1508 441 1579 ἀξιοῖκουστον,
486 1508 550 1574 μὴ
590 1510 691 1577 οὐχὶ
737 1510 961 1563 συνόντος
1010 1511 1150 1561 αὐτοῦ
1198 1512 1272 1560 καὶ
1321 1511 1679 1576 προεστηκότος.

116 1598 143 1620 “
172 1591 342 1658 Κύριος
369 1590 461 1658 γὰρ
484 1593 723 1658 συντρίβει
748 1592 1020 1655 πολέμους,”
1047 1591 1166 1643 κατὰ
1188 1592 1242 1643 τὸ
1267 1592 1600 1657 γεγραμμένον.
1744 1609 1848 1640 Exod.

188 1674 378 1739 Ἐπειδὴ
414 1674 475 1738 δὲ,
507 1677 673 1742 φησὶν,
700 1678 761 1728 εἰς
793 1680 929 1725 τοῦτο
963 1673 1130 1726 λοιπὸν
1168 1675 1433 1741 ἀλαζονείας
1466 1677 1540 1725 καὶ
1575 1677 1684 1725 άθυ-
1745 1664 1798 1685 xv.
1819 1663 1846 1693 δ’

117 1760 372 1823 ροστομίας
414 1759 639 1811 πεσόντες
680 1759 952 1821 ἁλίσκεσθε,
997 1757 1082 1810 ἰδοὺ
1123 1759 1210 1824 ἐγὼ
1255 1759 1416 1825 ἐπάγω
1462 1760 1529 1827 ἐφ’
1566 1761 1686 1826 ὑμεῖς

53 1861 101 1886 20
121 1840 241 1895 gom·
294 1843 438 1904 δῆλον
477 1840 525 1891 δὲ
574 1840 644 1891 ὅτι
691 1839 745 1891 τὸ
793 1845 886 1891 τῶν
931 1842 1222 1907 Ἀσσυρίων·
1277 1848 1353 1892 καὶ
1400 1839 1686 1910 ἐκθλίψουσιν

119 1925 254 1991 ὑμᾶς,
288 1925 359 1974 τοῦ
392 1921 452 1991 μὴ
498 1921 694 1974 εἰσελθεῖν
727 1928 785 1978 εἰς
823 1922 970 1992 Αἱμέιθ
1005 1929 1082 1974 καὶ
1116 1922 1194 1978 ἕως
1233 1925 1302 1974 τοῦ
1339 1925 1572 1993 χειμαζῤῥου
1608 1923 1732 1975 τῶνᾶ

119 2002 306 2073 δυσ-μῶν.
371 2004 473 2055 ε”στι
513 2004 597 2068 μὲν
641 2006 720 2056 οὖν
764 2006 791 2069 ἡ
826 2004 974 2074 Alphe&
1011 2006 1094 2068 μία
1137 2010 1229 2056 τῶν
1272 2004 1389 2071 πρὸς
1427 2006 1495 2069 ἠῶ
1535 2003 1688 2067 πόλις,

119 2086 207 2138 ὑπὸ
245 2086 329 2150 τὴν
364 2092 629 2150 Δαμασκοῦ
662 2087 915 2147 βασιλείαν
943 2086 1208 2152 τοτηνικοὶδε
1248 2087 1441 2151 κειμένη·
1487 2086 1690 2150 μετωνό-

118 2192 297 2232 μασται
329 2168 376 2219 δὲ
409 2174 506 2231 νῦν,
536 2171 597 2221 ὡς
624 2169 754 2237 ἔφην,
781 2172 843 2223 εἷς
865 2168 1167 2236 Ἀντιόχειαν,
1193 2168 1338 2234 ἤγουν
1362 2169 1684 2235 Ἐπιφάνειαν.
1749 2183 1855 2223 Supra

54 2278 100 2316 25
119 2256 344 2325 χείμαρῥον
370 2253 416 2305 δὲ
443 2250 615 2322 δυσ-μῶν
641 2256 762 2322 φησὶ
794 2253 876 2305 τὸν
907 2259 999 2304 τῶν
1027 2255 1296 2319 Αἰγυπτίων
1319 2253 1545 2317 ποταμὸν,
1571 2254 1690 2305 κατὰ
1750 2235 1811 2266 313
1829 2238 1859 2258 θ’

121 2336 303 2400 δυσμὰς
340 2339 422 2400 τῆς
455 2336 690 2387 Ἰουδαίων
730 2339 816 2401 γῆς
858 2339 939 2399 τῆς
980 2335 1221 2401 Αἰγύπτου
1256 2335 1473 2400 κειμένης.
1536 2335 1690 2402 ἐπειδὴ

122 2418 170 2469 δὲ
195 2418 251 2483 ἧν
277 2419 378 2472 ἔθος
412 2423 506 2472 τοῖς
539 2418 595 2487 ἐξ
613 2417 832 2485 Ἰσραὴλ,
861 2417 1070 2481 πολέμου
1100 2417 1360 2480 μέλλοντος
1386 2418 1691 2484 ἐπιθρώσκειν

172 2615 201 2637 1.
227 2603 280 2637 καὶ
296 2608 516 2647 assumptum
533 2615 573 2637 ex
593 2603 635 2637 Β.
790 2613 821 2637 2.
847 2603 967 2647 ἔχομεν
985 2602 1075 2636 Edd.
1228 2613 1259 2647 3.
1285 2604 1614 2648 περιπεφρονηκότας
1630 2604 1689 2639 iid.

121 2649 449 2693 καταδυναστεύομεν
466 2651 509 2684 Α.
527 2648 878 2692 κατεδυναστεύσαμεν
897 2649 938 2683 Β.
958 2649 1048 2683 Edd.
1305 2659 1338 2694 5.
1364 2651 1454 2695 φησὶ
1471 2657 1692 2695 assumptum

122 2709 163 2731 ex
179 2697 268 2730 AB.
597 2705 627 2741 7.
653 2696 810 2739 νέμοντας
830 2695 869 2730 Β.
1178 2696 1211 2729 8.
1236 2695 1325 2739 ῥῆμα
1343 2697 1385 2729 A.
1404 2698 1518 2741 χρῆμα
1536 2697 1578 2730 Β.
1597 2697 1690 2733 Edd.

122 2756 155 2789 9.
182 2744 366 2779 θεσπέσιος
383 2748 602 2787 assumptum
619 2754 660 2776 ex
678 2742 767 2776 AB.
1045 2753 1057 2775 1
1068 2753 1096 2775 1.
1123 2740 1156 2776 εἶ
1169 2741 1213 2776 σύ
1230 2742 1295 2776 hoc
1314 2742 1433 2776 ordine
1450 2744 1494 2777 A.
1511 2744 1628 2778 invitis
1647 2744 1689 2778 Β.

123 2790 214 2824 Edd.
478 2800 598 2831 12—-14,
627 2790 723 2823 Haeo
740 2789 793 2822 καὶ
810 2788 844 2822 ἐν
861 2791 906 2835 τῷ
923 2788 1145 2831 ὀνόματι-οὐ
1163 2790 1270 2823 σώσει
1286 2804 1327 2833 με
1344 2797 1523 2834 assumpta
1539 2802 1580 2824 ex
1598 2791 1690 2825 A.B.

126 2846 250 2882 14—17.
275 2838 369 2871 πᾶσα
386 2837 580 2881 γὰρ-κατὰ
597 2836 634 2869 τὸ
651 2835 880 2880 γεγραμμένον
897 2847 966 2869 om.
987 2835 1028 2870 Β.
1232 2836 1282 2869 18.
1311 2836 1584 2880 ἀθυροστόματος
1601 2837 1691 2882 (Sic)

124 2883 216 2918 Edd.
464 2894 518 2917 21.
546 2883 598 2916 καὶ
617 2882 711 2916 deest
728 2883 763 2916 in
782 2882 873 2916 Edd.
1155 2893 1209 2915 22.
1236 2882 1321 2925 ἐμὰθ
1337 2882 1371 2916 b.
1421 2883 1463 2916 ἕω
1480 2884 1515 2917 b.
1565 2884 1690 2918 Statim

123 2932 255 2965 πόλεων
273 2930 315 2964 Β.
597 2940 651 2971 24.
678 2929 714 2962 δὲ
731 2940 800 2963 om.
819 2930 861 2963 A.
1145 2939 1198 2971 25.
1226 2928 1315 2973 φησὶ
1334 2936 1413 2973 post
1428 2931 1577 2973 ποταμὸν
1593 2937 1635 2964 tr.
1654 2931 1690 2966 b.

128 2977 250 3012 Statim
268 2978 325 3012 τὸν
342 2984 563 3021 assumptum
580 2987 620 3010 ex
639 2975 728 3010 AB.
741 2975 775 3010 b.
888 2975 942 3010 26.
969 2979 1033 3010 τῶν
1051 2986 1112 3020 pro
1132 2977 1190 3019 τῆς
1207 2977 1304 3021 prius
1323 2976 1414 3011 Edd.
1433 2977 1503 3011 inv.
1522 2977 1631 3012 libris.
