2021 3434
96 214 119 254 i.
145 230 183 270 9,
212 229 274 258 10.
580 217 651 257 IN
692 217 885 258 AMOS.
946 216 1096 257 TOM.
1131 216 1166 256 I.
1583 212 1665 252 387

95 323 416 392 θρευθήσεσθαι
460 324 508 376 δὲ
552 328 626 376 καὶ
663 327 891 396 Ἀζωτίους
932 328 1006 377 καὶ
1051 324 1209 394 φυλὴν
1251 322 1550 382 Ἀσκάλωνος,
1594 323 1669 370 καὶ

96 405 185 458 ὑπὸ
222 410 354 474 χεῖρα
392 407 609 472 γενέσθαι
649 414 731 459 τοῦ
769 407 1061 472 πλήττοντος
1098 406 1183 471 τὴν
1219 405 1461 474 Ἀκκαρών·
1501 404 1666 453 συνδι-

95 492 310 539 ολεῖσθαι
348 488 395 539 δὲ
430 489 614 543 πάντως
646 490 805 544 αὐταῖς
829 492 903 541 καὶ
929 489 1034 543 τοὺς
1063 490 1376 541 >consumimus
1407 485 1485 538 τῶν
1517 489 1666 535 ἀλλο·
1689 494 1716 534 d

97 569 261 638 φύλων.
321 570 767 639 μεμισθοφορήκασι
802 571 893 637 γὰρ
932 571 1049 622 κατὰ
1079 571 1132 621 τὸ
1168 569 1298 632 εἰκὸς,
1326 571 1399 620 καὶ
1427 568 1672 630 κέκληνται

57 671 78 710 5
96 650 213 718 πρὸς
240 653 502 718 ἐπικουρίαν
528 658 621 703 τῶν
646 655 889 719 περιοίκων
916 652 1174 719 βαρβάρων
1201 652 1332 705 τινές.

170 733 396 784 Χαλεπὸν
428 735 507 784 οὖν
539 735 630 799 ἄρα
665 738 739 785 καὶ
772 735 981 785 κινδύνου
1011 734 1186 788 παντὸς
1219 733 1485 795 ἀνάμεστον
1512 733 1675 797 ὁρᾶται

97 814 278 878 λοιπὸν,
329 814 382 866 τὸ
443 816 839 883 συμφράττεσθαι
902 821 1120 882 πονηροῖς
1178 818 1252 866 καὶ
1310 814 1676 879 καθοπλίζεσθαι

99 902 255 964 φιλεῖν
286 901 379 948 τῶν
415 898 728 962 ἠγαπημένων
760 898 890 964 παρὰ
916 902 1055 960 Θεοῦ,
1080 900 1154 948 καὶ
1194 897 1371 948 διώκειν
1402 896 1575 960 ἁγίους.
1641 898 1677 944 εὶ

98 978 191 1045 γὰρ
229 981 303 1029 καὶ
341 977 569 1046 πάσχοιεν
604 979 709 1030 ἔσθ’
737 979 812 1030 ὅτε
842 979 1154 1043 πταισμάτων
1183 977 1326 1041 ἕνεκα,
1360 974 1677 1038 παιδευόμενοι

35 1088 82 1112 10
99 1063 228 1130 παρὰ
262 1067 399 1126 Θεοῦ,
433 1063 542 1115 ἀλλ’
571 1065 652 1115 οὐκ
686 1064 914 1130 ἀλογήσει
952 1069 1196 1118 παντελῶς
1234 1068 1328 1115 τῶν
1359 1061 1682 1113 οἶκειωθέντων

101 1147 240 1215 αὐτῷ·
293 1148 367 1196 καὶ
405 1146 660 1200 παιδεύσας
699 1148 958 1214 χρησίμως,
1001 1146 1181 1216 ὀλέθρῳ
1220 1148 1468 1211 περιβαλεῖ
1502 1141 1561 1193 τὰ
1599 1144 1681 1204 τῆς

101 1231 243 1296 ὀργῆς
293 1228 450 1293 σκεύη,
499 1228 729 1291 τουτέστι,
785 1228 892 1282 τοὺς
943 1230 1153 1299 ἀχαλίνῳ
1206 1231 1338 1297 θυμῷ
1389 1226 1484 1277 κατ’
1529 1225 1720 1275 αὐτῶνθ

103 1309 418 1378 ὁρμήσαντας,
469 1311 566 1361 κατ’
614 1310 754 1361 ἐκεῖνό
797 1334 889 1361 που
931 1311 1119 1365 πάντως
1157 1311 1210 1361 τὸ
1255 1308 1372 1375 πρὸς
1414 1311 1683 1368 Βαβυλῶνα

103 1397 259 1446 καλῶς
296 1392 531 1458 εἰρημένον
568 1396 674 1458 περὶ
712 1397 806 1443 τῶν
843 1397 952 1444 υἱῶν
989 1392 1190 1460 Ἰσραήλ
1222 1391 1395 1458 ίίἘγὼ
1421 1391 1570 1441 ε”δωκα
1603 1390 1683 1440 αὑ·
1744 1379 1900 1455 {xsxlm

39 1491 84 1529 15
104 1483 131 1505 ‘⁶
156 1474 262 1528 τοὺς
296 1479 358 1529 εἷς
391 1475 474 1528 τὰς
512 1475 667 1543 χεῖράς
705 1499 810 1539 σου,
838 1474 901 1526 σὺ
936 1475 983 1527 δὲ
1018 1477 1099 1527 οὐκ
1131 1476 1302 1529 ἔδωκας
1329 1475 1482 1527 αὐτοῖς
1509 1472 1682 1526 ε”λεος.”

105 1555 272 1627 ἀπᾴδει
307 1556 400 1625 γὰρ
434 1559 543 1609 λίαν
575 1560 649 1608 καὶ
681 1560 1019 1623 ἀγανακτοῦντι
1050 1562 1116 1628 τῷ
1144 1562 1252 1627 Θεῷ
1287 1556 1339 1608 τὸ
1373 1553 1597 1626 φορτικὸν
1623 1558 1685 1608 εἷς

106 1639 253 1692 αἰκίας
277 1644 370 1690 τῶν
395 1645 532 1690 τοῦτο
558 1643 673 1706 δρᾶν
698 1640 1076 1706 ἐπιτεταγμένων.

105 1871 218 1914 Τάδε
245 1873 356 1920 λέΓει
384 1872 530 1930 Κύριος
551 1872 651 1914 Ἐπὶ
683 1871 774 1915 ταῖς
808 1874 940 1929 τρισὶν
978 1872 1187 1924 ἀσεβείαις
1213 1873 1364 1930 Τύρου,
1393 1873 1460 1913 Καὶ
1493 1873 1562 1914 ὲττί
1594 1869 1685 1914 ταῖς
1707 1892 1728 1926 9

44 2059 90 2083 20
173 2039 250 2080 τὲιν
272 2037 564 2095 αἰχμαλωσίαν
585 2043 657 2081 τοῦ
676 2039 891 2089 Σαλομών
912 2039 971 2082 εἰς
992 2040 1068 2082 τὴν
1088 2041 1096 2052 '
1111 2039 1342 2091 Ιὸουμαιάν,
1365 2040 1432 2080 καὶ
1458 2040 1533 2080 οὐκ
1559 2040 1689 2088 ἐμνή-

174 2131 334 2164 σθΗσαν
371 2122 575 2164 ὃιαθήκΗε
611 2123 830 2179 ἀδελφῶν.
889 2125 956 2165 καὶ
992 2124 1270 2166 ἐξαποστελῶ
1297 2126 1373 2179 Πῦρ
1400 2123 1470 2164 ἐπὶ
1495 2122 1545 2164 τα
1572 2122 1686 2177 τείχΗ
1711 2134 1757 2158 10

174 2205 325 2262 Τύρου,
353 2205 421 2246 καὶ
448 2207 740 2262 καταφάΓεται
767 2208 939 2255 θεμέλια
967 2208 1107 2249 αὐτῆς.

172 1957 407 2013 τέσσαρσιν,
451 1957 526 1997 οὐκ
563 1957 954 2014 ἀποστραφήσομαι
998 1957 1142 2008 αὐτὴν,
1182 1957 1265 1998 ὀινθ>
1310 1955 1370 1998 ὧν
1414 1958 1724 1998 συνέεκλεισανὸ
1749 1957 1835 1991 258
1857 1954 1907 1988 Α·

246 2315 257 2331 Ι
415 2316 425 2331 ἱ
516 2315 527 2329 Ι
714 2317 728 2331 X
856 2322 874 2331 Α
946 2320 957 2334 )
1004 2317 1016 2333 Χ
1099 2320 1118 2329 Α
1429 2323 1449 2332 Α
1559 2320 1572 2336 N
1657 2318 1670 2334 Ι

183 2319 344 2382 Τυριοι
379 2319 427 2367 δε
460 2324 607 2367 παλιν
644 2340 761 2384 προς
798 2341 892 2371 τοις
931 2341 1024 2369 απο
1063 2341 1143 2381 της
1184 2323 1463 2381 Δαμασκου,
1499 2341 1572 2368 και
1607 2341 1692 2381 μεν

111 2419 180 2448 τοι
217 2398 292 2448 καὶ
325 2398 575 2465 Ἀζωτιόις,
615 2399 825 2465 Γαζαίοις
864 2422 911 2450 τε
952 2401 1027 2450 καὶ
1051 2399 1442 2457 Ἀσκαλωνίταις,
1483 2401 1558 2450 καὶ
1597 2405 1692 2454 τοῖς

48 2498 93 2537 25
113 2480 167 2548 ἐξ
207 2480 453 2547 Ἀκκαρὼν
494 2480 581 2545 τὴν
620 2485 727 2550 Θεῷ
767 2482 1042 2548 πρέπουσαν
1086 2482 1378 2550 ἀνεξικακίαν
1424 2482 1688 2547 ὑπερβαλό-

6 2606 17 3006 x
112 2585 251 2625 μενοι,
293 2566 368 2613 καὶ
412 2561 586 2628 τρόπον
628 2562 732 2613 τινὰ
776 2561 1055 2626 νενικηκότες
1100 2568 1200 2616 ταῖς
1244 2567 1336 2613 τῶν
1378 2563 1692 2628 ἀσεβημάτων

162 2757 194 2780 2.
221 2747 476 2781 συνδιολεῖσθαι
493 2745 546 2791 δὲ]
568 2746 808 2781 συνδιόλεσθαι
826 2748 870 2781 Α.
1013 2758 1043 2791 3.
1061 2745 1271 2791 ἀλλοφύλων
1287 2746 1378 2781 Α.Β.
1397 2746 1582 2792 ὁμοφύλων
1599 2748 1690 2783 Edd.

117 2801 149 2834 5.
174 2793 366 2839 περιοίκων]
387 2794 528 2828 ἐποίκων
548 2792 637 2827 Edd.
827 2794 860 2827 8.
888 2792 991 2838 Θεοῦ]
1013 2794 1099 2827 Θεὸν
1115 2793 1173 2827 iid.
1365 2806 1397 2838 9.
1422 2795 1615 2839 πάσχοιμεν
1631 2795 1691 2829 iid.

115 2840 340 2883 παιδευόμεθα
357 2840 415 2873 iid.
597 2851 609 2873 1
621 2851 649 2873 Ι.
677 2840 729 2873 καὶ
746 2838 950 2884 παιδεύσας]
968 2839 1153 2875 παιδεύσας
1171 2840 1206 2873 δέ
1224 2839 1282 2874 iid.
1476 2853 1527 2886 13.
1553 2856 1618 2876 που
1637 2854 1691 2876 as-

117 2892 299 2931 sumptum
318 2898 359 2920 ex
376 2887 418 2920 A.
517 2886 568 2920 16.
595 2887 648 2919 καὶ
666 2886 905 2931 ἀγανακτοῦντι
923 2898 993 2920 om.
1017 2886 1059 2920 B.
1142 2897 1196 2921 20.
1222 2887 1281 2930 τὴν
1298 2887 1394 2932 prius
1412 2899 1482 2922 om.
1500 2889 1544 2922 A.
1562 2888 1694 2923 habent

117 2931 208 2966 Edd.
227 2932 334 2977 (Co.)
352 2933 395 2966 cf.
414 2933 514 2966 infra.
579 2935 639 2966 τοῦ
657 2944 727 2967 om.
746 2933 813 2966 B.?
835 2933 871 2966 F.
891 2932 983 2967 Edd.
1003 2933 1123 2978 (239.)
1329 2946 1383 2968 21.
1410 2935 1630 2978 ἐξαποστελῶ
1648 2936 1692 2971 Α.

116 2978 296 3013 ἀποστελῶ
315 2979 406 3013 Edd.
680 2991 735 3014 22.
761 2981 801 3014 τὰ
819 2986 898 3024 post
915 2981 1145 3025 καταφάγεται
1161 2980 1242 3014 add.
1262 2980 1353 3015 Edd.
1371 2982 1480 3016 invito
1497 2983 1540 3016 Α.
1561 2983 1693 3026 (Alex.)

119 3035 172 3069 23.
198 3027 256 3069 τῆς
273 3038 342 3060 om.
362 3027 405 3059 A.
596 3035 651 3071 25.
678 3026 715 3069 ἐξ
733 3033 955 3071 assumptum
974 3038 1015 3061 ex
1033 3027 1123 3061 A.B.
1173 3027 1466 3072 ὑπερβαλλόμενοι
1483 3030 1526 3064 Α.

871 3095 990 3135 3Β2
