2021 3434
113 200 168 241 iv.
195 214 287 257 1—3.
742 211 816 251 IN
858 213 1094 255 IONAM.
1604 220 1686 260 593

184 316 309 365 Θεοῦ
335 320 728 386 κατοικτείραντος
761 321 868 376 τοὺς
901 329 1000 378 ταῖς
1037 327 1392 392 μεταγνώσεσιν
1422 329 1680 393 ἀποκρουο-
1705 353 1725 379 e

109 393 272 455 μένους
309 396 367 447 τὰ
409 399 466 467 ἐξ
505 402 661 466 ὀργῆς,
701 405 774 454 καὶ
813 408 875 458 εἷς
912 407 1055 471 πέρας
1092 409 1180 472 ἤδη
1218 408 1271 459 τὸ
1311 410 1570 474 ὡρισμένον
1611 412 1684 461 ἐν-

109 477 362 540 ηνεγμένου
397 487 480 532 τοῦ
525 490 697 549 καιροῦ,
741 485 847 547 μεθ’
895 486 947 538 ὃν
991 486 1048 551 ἧν
1090 489 1207 543 εἰκὸς
1250 490 1590 555 συμβήσεσθαι
1631 492 1686 543 τὸ

108 563 504 625 προηγγελμενον,
531 562 628 615 εἶτα
660 566 906 661 γεγονότος
940 573 1034 619 τῶν
1058 573 1464 636 προσδοκωμενων
1489 573 1685 636 οὐδενος,

67 647 89 685 5
110 640 370 706 λελύπηται
408 646 517 695 λιαν
551 648 576 697 ὁ
607 671 832 714 μακαριος
863 649 1035 747 Ἰωνᾶς,
1069 655 1142 703 καὶ
1181 655 1267 721 οὐχ
1305 655 1375 705 ὅτι
1415 656 1568 721 διέδρα
1604 656 1687 707 τὸν

107 719 305 788 ὄλεθρον
347 726 376 788 ἡ
419 727 574 781 πόλις·
630 753 836 796 πονηρου
880 732 973 799 γὰρ
1016 740 1154 785 τοῦτο
1195 759 1270 786 και
1313 739 1571 800 βασκάνου,
1611 742 1685 789 καὶ

107 804 386 871 ἁγιοπρεπες
419 809 642 872 οὐδαμῶς·
683 813 793 862 ἀλλ’
822 812 892 864 ὅτι
926 816 1189 880 ψευδοεπὴς
1228 816 1346 868 εἶναί
1376 842 1445 872 τις
1479 823 1553 870 καὶ
1584 826 1682 880 βω-

105 885 313 953 μολόχος
347 888 504 953 ἐδόκει,
531 894 604 942 καὶ
639 894 790 958 μάτην
816 895 982 950 αὐτοὺς
1015 899 1351 963 τεθορυβηκὼς,
1380 903 1454 951 καὶ
1491 901 1550 952 τὰ
1589 903 1682 953 ἀπὸ

105 967 293 1032 γνώμης
341 976 521 1034 λαλῶν,
572 976 646 1024 καὶ
697 976 799 1042 οὐχὶ
850 976 906 1040 δὴ
956 977 1142 1031 πάντως
1192 979 1252 1030 τὰ
1301 981 1394 1032 ἀπὸ
1443 982 1681 1045 στόματος

0 1098 1 1110 2
39 1063 86 1087 10
108 1051 296 1115 Κυρίου,
338 1052 457 1103 κατὰ
499 1053 552 1105 τὸ
591 1058 925 1122 γεγραμμένον.
989 1059 1162 1111 οἴονται
1199 1061 1345 1126 γεμὴν
1383 1065 1532 1130 ἕτεροί
1565 1089 1683 1121 τινες

0 1200 2 1283 Ἑ

22 1298 28 1308 l

103 1135 403 1196 λελυπῆσθαι
440 1134 522 1186 τὸν
560 1138 821 1237 Προφήτην
845 1140 917 1206 ἐφ’
945 1142 1116 1207 ἑτεραις
1155 1166 1252 1194 τισι
1290 1168 1364 1195 και
1404 1147 1683 1213 αποῤῥήτοις

102 1214 308 1267 ε’ννοιάις.
373 1217 528 1282 ἐπειδὴ
568 1219 660 1285 γὰρ
698 1220 830 1283 ἐγνω,
870 1225 1036 1290 φασιν,
1075 1247 1145 1274 οτι
1183 1228 1466 1291 κεκλημενης
1505 1232 1588 1292 τῆς
1629 1232 1684 1298 ἐξ

101 1296 246 1346 ἐθνῶν
276 1296 464 1363 ἀγέλης,
493 1302 812 1366 ἀπολισθήσει
846 1304 1034 1359 πάντως
1072 1310 1152 1370 τῆς
1190 1312 1251 1361 εἷς
1285 1309 1408 1360 Θεον
1440 1313 1674 1365 ἐλπίδος
1656 1336 1680 1363 ο

101 1377 316 1444 Ἰσραὴλ,
357 1383 420 1434 ὡς
462 1382 654 1446 ἥκοντος
690 1385 778 1449 ἠδη
818 1384 936 1451 πρὸς·
976 1411 1118 1453 περας
1163 1396 1246 1440 τοῦ
1284 1396 1461 1443 τοιουδε
1500 1416 1676 1459 καιρου,

36 1480 82 1518 15
102 1461 314 1529 κατηφὴς
353 1461 411 1526 ἦν
451 1463 586 1528 ἄγαν,
627 1468 701 1516 καὶ
740 1470 989 1536 μονονουχὶ
1027 1475 1123 1524 τοῖς
1162 1472 1219 1540 ἐξ
1258 1474 1451 1536 αἵματος
1489 1477 1679 1526 ἐπιστυ-

101 1541 253 1609 γνάζει
293 1545 592 1597 διολωλόσιν.
661 1550 771 1598 ἀλλ’
815 1550 1061 1617 ἐξίστησιν
1099 1552 1237 1607 αὐτὸς
1281 1561 1362 1606 τοῦ
1407 1555 1512 1607 τόδε
1548 1563 1678 1621 νοεῖν,

100 1625 419 1691 ἐναργέστατα
462 1628 630 1693 λέγων,
674 1632 737 1683 ὡς
779 1631 957 1697 ἀπέδρα
996 1632 1082 1695 μὲν
1125 1640 1184 1690 εἰς
1224 1641 1432 1707 Θαρσεῖς·
1488 1640 1590 1703 ἥλω
1630 1641 1678 1691 δὲ

1747 901 1840 932 Hier.

1746 946 1835 975 xxiii.
1860 945 1905 976 16.

1704 1002 1726 1025 a
1750 994 1835 1027 386
1853 995 1904 1027 A.

100 1707 393 1771 κατοκνήσας
435 1708 520 1773 τὴν
558 1711 850 1776 ἀποστολὴν,
891 1714 1037 1765 διάτοι
1081 1715 1135 1767 τὸ
1182 1719 1343 1770 εἰδέναι
1381 1726 1566 1787 σαφῶς,
1607 1723 1676 1774 ὅτι
1697 1729 1722 1769 b

99 1788 307 1854 χρηστὸς
348 1796 425 1841 καὶ
469 1796 691 1860 οἰκτίρμων
723 1796 854 1844 ἐστὶν
882 1797 906 1845 ὁ
933 1798 1200 1862 Δεσπότης,
1231 1808 1307 1852 καὶ
1349 1804 1564 1870 μετανοῶν
1603 1807 1675 1857 ἐπὶ

30 1893 80 1917 20
99 1873 198 1924 ταῖς
227 1873 428 1927 κακίαις.
482 1875 638 1937 ἐπειδὴ
664 1875 757 1940 γὰρ
782 1875 912 1940 ἦσθα
937 1885 1157 1942 τοιοῦτος,
1186 1885 1320 1948 φησι,
1347 1889 1446 1938 πῶς
1474 1887 1677 1942 ἐκελευες

98 1953 369 2021 διακηρύξαι
400 1955 554 2009 αυτοῖς
589 1980 742 2021 ματην
765 1957 852 2022 τὴν
877 1963 1250 2029 καταστροφήν·
1238 2006 1250 2026 ,
1295 1969 1368 2016 καὶ
1393 1973 1682 2037 μικροψυχεῖ

95 2055 179 2095 μεν
203 2036 263 2087 ὡς
290 2036 547 2100 ἄνθρωπος,
574 2039 753 2092 τούτοις
787 2041 950 2092 ἑαυτὸν
974 2042 1252 2110 χρήσασθαι
1286 2053 1381 2102 τοῖς
1414 2050 1575 2116 λόγοις
1601 2054 1676 2102 καὶ

97 2116 145 2164 ἐν
181 2119 239 2182 τῇ
273 2121 366 2167 τῶν
391 2117 626 2170 Ἰουδαιων
661 2123 1070 2186 διαβεβαιούμενος
1104 2133 1177 2199 γῇ,
1210 2129 1475 2181 ἐκτεθναναι
1507 2131 1556 2182 δε
1587 2133 1675 2198 ἤδη

95 2203 372 2262 παρακαλεῖ,
419 2203 493 2251 καὶ
534 2206 780 2270 μονονουχὶ
822 2208 902 2269 τῆς
946 2210 1209 2272 οἰκονομίας
1249 2212 1303 2261 οὐ
1340 2213 1531 2278 μετρίαν
1572 2214 1676 2265 τινὰ

29 2284 289 2337 25ποιεῖται
313 2280 399 2345 τὴν
425 2283 679 2346 καταβοήν.
746 2287 1010 2354 ἐπισφαλὲς
1044 2289 1092 2340 δὲ
1122 2290 1175 2341 τὸ
1209 2295 1370 2359 χρῆμα
1401 2297 1476 2344 καὶ
1504 2296 1674 2364 φρενὸς

95 2360 231 2425 ἁγίας
267 2363 350 2413 οὐκ
384 2363 532 2432 ἄξιον.
596 2388 634 2415 ει
672 2389 765 2431 γαρ
803 2374 898 2421 τοῖς
932 2374 1026 2420 τῶν
1058 2373 1294 2433 σωμάτων
1321 2379 1493 2440 ιατροῖς
1525 2379 1711 2428 ἐπιτι-ο

93 2440 283 2505 μήσειεν
317 2443 375 2495 ἂν
409 2447 566 2509 οὐδεις,
594 2447 720 2513 εἴγε
759 2455 868 2500 νοῦν
894 2451 1004 2519 ἔχοι,
1030 2476 1088 2503 τα
1119 2459 1215 2508 τοῖς
1239 2457 1476 2521 τραύμασι
1507 2482 1673 2525 χρειω-

93 2523 291 2591 δέστερα
338 2529 725 2590 μεταπλάττουσι
788 2530 1029 2599 φαρμακα,
1076 2541 1176 2589 πῶς
1239 2538 1297 2588 ἀν
1356 2561 1426 2592 τις
1488 2540 1673 2595 εἰκότως

139 2739 172 2769 4.
197 2730 479 2775 προηγγελμενων
495 2743 558 2776 pro
575 2732 740 2776 προσδοκ.
761 2733 851 2768 Edd.
1175 2749 1209 2783 5.
1234 2739 1412 2785 προφήτης
1429 2753 1492 2786 pro
1508 2744 1671 2787 μακάριος

91 2771 202 2809 Ἰωνᾶς
220 2775 279 2809 iid.
468 2778 501 2812 6.
528 2780 580 2812 καὶ
598 2780 694 2823 prius
712 2781 1216 2828 οῐῃ.ἱί(1..ἦ’κισ-τα
1232 2786 1436 2831 ἆγιοπρεπές
1452 2801 1515 2833 pro
1531 2804 1667 2835 ιιγιοπρ.

92 2833 131 2852 ου
119 2820 244 2863 ’δαμῶς
260 2822 320 2856 iid.
584 2837 635 2860 10.
663 2826 772 2870 ἕτεροί
788 2841 873 2863 τινες
889 2838 1069 2874 assumpta
1086 2843 1127 2865 ex
1148 2832 1188 2866 Β.
1451 2846 1503 2868 12.
1530 2837 1670 2873 εὐνοίαις

92 2877 155 2911 pro
172 2867 236 2902 ἐνν.
256 2868 348 2904 Edd.
396 2872 446 2915 φη
450 2887 506 2906 σιν
524 2871 931 2916 B.14.
957 2880 1072 2918 καιροῦ
1089 2881 1148 2912 τοῦ
1166 2879 1318 2914 τοιούιτοι
1334 2882 1418 2924 πρὸς
1435 2883 1472 2914 τὸ
1489 2883 1630 2926 πέρας
1609 2884 1630 2917 i}
1623 2884 1667 2918 d.

97 2912 148 2947 ¹6.
174 2917 233 2948 τοῦ
250 2915 343 2961 τόδε]
365 2916 422 2951 Sic
439 2918 543 2953 edldi.
561 2920 661 2952 τοῦτό
681 2919 717 2953 δε
737 2919 829 2954 Edd.
847 2924 947 2955 τοῦτο
966 2923 1001 2956 δὲ
1021 2923 1154 2967 Bligne.
1324 2937 1377 2972 17.
1403 2927 1591 2973 ἆπέδραμεν
1608 2931 1668 2965 iid.

92 2973 127 2992 τε
145 2972 207 3004 pro
225 2962 260 2995 δέ
281 2962 322 2996 Β.
516 2977 568 3010 19.
596 2967 613 2999 ὁ
632 2968 810 3010 Δεσπότης
826 2976 1005 3014 assumpta
1022 2982 1063 3004 ex
1085 2971 1124 3006 Β.
1309 2984 1364 3016 24.
1390 2978 1592 3018 παρακαλῶν
1607 2977 1668 3012 iid.

94 3016 148 3050 27.
173 3007 244 3051 ἕχει
260 3009 319 3042 iid.
519 3014 574 3046 28.
599 3012 768 3056 τραύματα
788 3026 850 3059 pro
867 3016 1028 3059 φάρμακα
1048 3017 1090 3051 Β.

149 3077 240 3105 VOL.
265 3079 294 3106 1.
844 3087 870 3124 4
892 3086 917 3111 ‹
