2021 3434
284 159 368 199 260
678 163 729 203 B.
771 162 1041 206 CYRILLI
1081 166 1457 208 ALEXANDR.
1700 164 1784 205 xiii.
1807 178 1848 219 3.

282 273 312 296 ‘⁶
335 267 500 331 αὐτῶν,
525 271 600 320 καὶ
633 270 857 336 ἐτελέσθη
881 273 1082 340 Ἰσραὴλ
1115 280 1181 345 τῷ
1208 276 1506 344 Βεελφεγὼρ,
1531 277 1606 327 καὶ
1637 275 1849 342 ὠργίσθη

282 355 310 378 “
335 352 467 418 θυμῷ
511 349 683 417 Κύριος
720 357 786 422 τῷ
818 355 1034 421 Ἰσραήλ.
1101 360 1174 408 καὶ
1211 357 1307 410 εἷπε
1346 357 1517 424 Κύριος
1553 360 1620 426 τῷ
1658 358 1849 423 Μωυσῇ

282 436 309 460 “
335 429 468 491 Λάβε
502 430 682 488 πάντας
718 434 825 490 τοῦς
863 437 1098 505 ἀρχηγοὺς
1135 446 1217 491 τοῦ
1258 445 1390 504 λαοῦ,
1418 443 1492 491 καὶ
1522 437 1843 506 παραδειγμά-

281 517 308 540 “
333 534 469 563 τισον
499 513 664 569 αὐτοὺς
691 519 864 587 Κυρίῳ,
889 520 1107 571 ἀπέναντι
1140 528 1222 573 τοῦ
1258 523 1404 586 ἡλίου,
1431 522 1506 572 καὶ
1538 519 1848 590 ἀποστραφή-

59 608 142 644 180
158 607 206 642 A.
242 616 264 641 a
280 598 307 621 ‘⁶
329 615 463 644 σεται
490 595 607 661 ὀργὴ
634 601 782 661 θυμοῦ
808 602 983 667 Κυρίου
1008 602 1100 654 ἀπὸ
1125 603 1339 671 Ἰσραήλ.
1411 607 1486 655 καὶ
1512 601 1607 655 εἰπε
1634 605 1847 667 Μωυσῆς
1866 617 1888 656 5

278 680 305 704 “
330 680 428 729 ταῖς
455 680 628 745 φυλαῖς
653 680 855 746 Ἰσραήλ
878 683 1206 737 Ἀποκτείνατε
1239 686 1436 739 ἕκαστος
1469 685 1550 737 τὸν
1579 689 1744 736 οἰκεῖον
1767 685 1847 735 αὐ-

276 762 303 785 “
325 762 409 808 τοῦ
450 756 532 810 τὸν
580 764 911 827 τετελεσμένον
960 770 1026 835 τῷ
1077 768 1400 837 Βεελφεγώρ.”
1466 767 1519 818 οῦ
1568 766 1624 831 δὴ
1667 768 1742 817 καὶ
1784 769 1847 820 εἰς

273 838 417 904 πέρας
451 841 763 908 ἐνηνεγμένου,
791 845 1002 898 πέπτωκε
1035 848 1220 913 πληθὺς
1254 850 1306 900 οὐ
1343 850 1506 916 μετρία
1539 853 1633 900 τῶν
1666 847 1723 917 ἐξ
1747 846 1847 898 Ἰσ-

271 920 409 986 ραήλ.
473 922 603 990 ἄθρει
637 924 693 990 δὴ
732 927 826 990 οὖν,
862 927 930 979 ὅτι
968 930 1226 997 προσάγων
1262 932 1469 985 εἰδώλοις
1506 929 1565 982 τὰ
1601 935 1684 981 τοῦ
1722 933 1846 981 Θεοῦ

272 998 565 1072 θικοιιῶμοιτοι
601 1006 719 1058 κατὰ
761 1007 867 1063 τοὺς
913 1011 1157 1066 Μωυσέως
1189 1013 1384 1081 χρόνους
1416 1015 1440 1064 ὁ
1469 1012 1683 1079 Ἰσραὴλ,
1720 1010 1841 1063 οἱπέ-
1866 1037 1914 1063 10

271 1082 393 1136 θοινεν
435 1090 642 1153 οἰκτρῶς.
708 1091 1007 1159 ἀπεσφάζετο
1041 1093 1133 1161 γὰρ
1168 1096 1192 1146 ὁ
1226 1095 1579 1161 πεπλανημένος
1615 1099 1711 1149 τοῖς
1750 1099 1844 1145 τῶν

270 1167 447 1218 οἰκείων
478 1168 683 1238 ξίφεσιν,
710 1172 791 1223 οὐκ
829 1174 983 1243 ὀθνείᾳ
1016 1177 1146 1244 χειρί·
1186 1176 1317 1228 ἀλλὰ
1344 1177 1566 1248 προσέθετο
1590 1178 1662 1228 τοῦ
1687 1181 1840 1246 ἀμοιρ-

226 1247 420 1302 broivm.
483 1253 757 1313 πεποιήκασι
795 1253 888 1322 γὰρ
925 1256 1092 1314 ἑαυτοῖς
1129 1259 1337 1327 χῶνευμοι
1374 1265 1596 1328 χρυσοῦν,
1623 1259 1697 1309 καὶ
1736 1258 1843 1327 ἔργα

267 1328 473 1395 τέκτονος,
511 1335 585 1383 καὶ
623 1341 917 1403 τεχνουργῶν
960 1339 1236 1405 ἐπιστήμαις
1274 1342 1658 1406 ἐκπεποιημένους
1695 1340 1838 1394 θεούς.

267 1413 492 1483 ἐπιμειδιᾷ
537 1414 587 1466 δὲ
635 1414 798 1484 ὥσπερ
847 1425 947 1474 ταῖς
995 1423 1147 1473 αὐτῶν
1194 1425 1549 1486 εἰκαιοβουλίαις
1599 1425 1625 1474 ὁ
1673 1423 1835 1488 λόγος.
1863 1441 1909 1480 15

267 1493 397 1548 θεοὺς
422 1495 515 1563 γὰρ
541 1494 653 1548 εἶναι
678 1502 1059 1567 πεπιστεύκασιν,
1085 1503 1163 1558 οῦς
1193 1506 1321 1556 αὐτοὶ
1354 1505 1686 1557 τεκταίνουσιν.
1744 1507 1840 1572 ἐπι-

49 1586 103 1617 Ps.
122 1587 206 1618 exiii.
268 1577 477 1645 φωνείτω
512 1577 569 1643 δὴ
610 1580 691 1631 οὖν
729 1584 805 1633 καὶ
834 1584 1012 1639 τούτοις
1051 1587 1075 1637 ὁ
1113 1586 1377 1657 ψαλμῳδός
1417 1586 1648 1652 “”Ὀμοιοι
1686 1588 1840 1641 αὐτοῖς

266 1665 294 1687 “
316 1658 522 1724 γένοιντο
555 1661 725 1717 πάντες
758 1667 801 1715 οἱ
833 1672 1072 1722 ποιοῦντες
1101 1668 1234 1732 αὐτὰ,
1272 1671 1347 1721 καὶ
1383 1669 1554 1725 πάντες
1591 1673 1633 1721 οἱ
1669 1692 1834 1721 πεποι-

692 1749 712 1759 n
750 1744 776 1760 θ)

265 1746 294 1769 “
317 1740 449 1796 θότες
478 1741 548 1794 ἐπ’
576 1744 745 1799 αὐτοις.

226 2020 390 2068 3Αὐτοὶ
426 2021 593 2069 λὲΓουσι
628 2022 794 2066 Θύσατε
826 2025 1093 2083 ἀνθρώπους,
1127 2029 1275 2086 μόσχοι
1317 2030 1394 2087 Γὰρ
1430 2030 1716 2074 ἐκλελοίπασι.
1765 2031 1832 2074 διὰ
1855 2053 1904 2078 20

330 2107 453 2146 τοῦτο
502 2105 672 2149 ἔσονται
719 2108 780 2151 ὡς
819 2112 978 2166 νεφέλΗ
1022 2114 1188 2169 Πρωϊνέι
1239 2114 1307 2155 καὶ
1354 2115 1415 2157 ὡς
1464 2115 1616 2172 δρόσος
1658 2117 1831 2175 ὀρθρινέι

225 2211 247 2238 0
329 2191 609 2245 ΠορευομὲνΗ,
641 2193 709 2234 καὶ
741 2195 887 2251 ὥσπερ
922 2199 1043 2251 χνοῦς
1080 2197 1422 2254 ἀποφυσώμενος
1458 2200 1527 2257 ἀφ’
1559 2202 1727 2244 ἅλωνος
1764 2204 1833 2246 καὶ

328 2271 389 2313 ὡς
414 2273 536 2323 ἀτμὶς
560 2275 607 2316 ὲκ
634 2276 913 2333 καπνοὸόχΗς.

333 2412 546 2462 Αἰτιᾶται
571 2411 730 2477 πάλιν,
754 2413 825 2466 ὅτι
860 2415 926 2480 μὴ
959 2415 1103 2479 μόνον
1133 2420 1526 2486 δεδυσσεβήκασι,
1552 2423 1651 2474 κατ’
1678 2424 1831 2477 εἰκόνα

259 2490 463 2543 εἰδώλων
500 2492 554 2545 τὸ
587 2494 716 2562 παρὰ
756 2500 879 2548 Θεοῦ
916 2498 1050 2550 δοθὲν
1090 2501 1311 2568 ἀργύριον
1348 2503 1721 2570 διαπλάττοντες,
1753 2510 1827 2559 καὶ
1848 2526 1896 2565 25

258 2577 353 2627 τοῖς
383 2573 476 2627 ἀπὸ
509 2575 659 2645 ξύλου
693 2581 768 2630 καὶ
799 2580 945 2632 λίθων
978 2583 1297 2648 πεποιημένοις
1330 2584 1384 2637 τὸ
1416 2588 1499 2651 τῆς
1530 2588 1653 2643 θείας
1686 2587 1828 2659 δόξης
2004 2600 2006 2642 ἑ

307 2764 340 2797 9.
358 2754 507 2794 εἰδώλοις
523 2766 743 2805 assumptum
759 2774 800 2796 eX
818 2762 912 2798 B.D.
991 2775 1044 2800 12.
1061 2765 1250 2809 προσέθετο
1265 2767 1311 2802 D.
1327 2768 1418 2803 Edd.
1431 2769 1638 2814 προσέθεντο
1657 2771 1699 2806 Β.
1713 2772 1825 2816 (Vat.)

262 2798 386 2834 Statim
402 2804 440 2836 τὸ
458 2816 520 2848 pro
536 2809 595 2840 τοῦ
614 2807 704 2842 Edd.
865 2811 918 2844 18.
947 2810 1026 2846 Hoc
1043 2813 1163 2848 πάντες
1178 2814 1275 2858 prius
1293 2816 1436 2850 accessit
1452 2828 1493 2850 ex
1511 2817 1555 2851 D.
1575 2818 1610 2851 in
1628 2818 1689 2852 Es.
1707 2829 1775 2864 513
1792 2831 1822 2854 ο.

259 2846 378 2882 πάντες
395 2860 463 2883 om.
484 2851 574 2886 Edd.
594 2854 717 2898 (ΑΝ.)
735 2855 770 2889 in
788 2855 847 2890 Es.
869 2857 934 2891 260
952 2870 982 2892 c.
1116 2871 1171 2894 22.
1200 2862 1494 2907 παραπορευομένη
1514 2864 1550 2898 F.
1569 2865 1658 2908 (42.)
1706 2865 1822 2910 ὥσπερ

260 2891 353 2926 B.D.
365 2893 484 2937 (Alex.
504 2897 609 2943 XII.)
623 2901 666 2935 ὡς
681 2901 717 2936 F.
730 2902 822 2936 Edd.
835 2903 956 2948 (Vat.)
1005 2904 1129 2940 Statim
1146 2910 1246 2952 χνοῦς
1264 2908 1306 2942 Β.
1323 2909 1412 2943 Edd.
1430 2913 1511 2955 χοῦς
1525 2910 1571 2944 D.
1587 2912 1718 2955 (Alex.)
1755 2911 1821 2946 ἀπὸ

259 2949 321 2982 pro
337 2939 397 2984 ἀφ’
417 2941 463 2977 D.
602 2957 656 2991 23.
682 2947 717 2981 ἐκ
736 2948 828 2984 B.D.
847 2949 966 2994 (Alex.
985 2951 1091 2997 XII.)
1110 2953 1153 2988 cf.
1170 2954 1270 2989 infra.
1288 2954 1353 2990 ἀπὸ
1371 2955 1462 2991 Edd.
1482 2957 1576 3001 (Vat.
1595 2957 1667 2993 XII
1685 2959 1774 3004 mg.)
