2021 3434
125 186 179 226 vi.
203 200 241 241 3.
592 188 665 228 IN
705 188 900 229 AMOS.
961 187 1112 228 TOM.
1146 187 1232 227 III.
1615 184 1698 224 483

126 301 153 323 ‘⁴
178 296 342 361 σίκερα
363 297 648 352 διώκοντες.”
710 302 802 349 οὐαὶ
830 298 984 348 τοίνυν
1012 298 1161 363 φησὶν
1188 303 1221 347 οἱ
1249 295 1467 362 εὐχόμενοι
1502 298 1560 348 εἷς
1591 292 1694 359 ἦμέ-

126 401 199 446 ραν
239 377 392 441 κακῆν,
426 379 670 431 τουτέστιν
708 384 748 430 οἱ
786 382 833 431 ἐν
874 385 969 434 τοῖς
1004 377 1367 445 Ἱεροσολύμοις.
1421 375 1474 427 τὸ
1511 374 1603 441 γὰρ
1636 374 1700 438 μὴ

125 459 375 526 ἀνέχεσθαι
409 466 658 524 μετανοεῖν,
697 460 812 525 μήτε
852 461 945 525 μὴν
986 459 1068 511 τὸν
1105 462 1179 511 ἐπὶ
1217 464 1313 513 τοῖς
1350 458 1544 509 ἔσεσθαι
1584 478 1700 522 προ-

125 543 500 606 απηγγελμένοις
535 543 838 611 εἰσδέξασθαι
872 541 1040 610 φόβον,
1077 543 1325 607 μονονουχὶ
1360 541 1434 591 καὶ
1467 541 1747 602 ἐπιθυμεῖνᾶ.

84 636 106 674 5
126 624 256 673 ἐστὶν
288 629 345 679 εἰς
379 625 577 690 ὀλέθρου
607 630 769 676 πεσεῖν
804 623 970 694 ἡμέραν.
1033 623 1129 674 οἷον
1161 625 1222 676 ὡς
1259 622 1301 673 εἴ
1333 645 1401 675 τις
1438 620 1548 687 περί
1580 642 1703 674 τινος

126 709 220 755 τῶν
247 705 679 774 φιλαμαρτημόνων
705 706 836 772 λέγοι
860 704 1003 774 τυχόν
1027 707 1278 768 Ἐπιθυμεῖ
1298 702 1527 764 τεθνάναι,
1556 702 1704 752 καίτοι

126 793 264 838 τοῦτο
295 793 460 839 παθεῖν
495 790 576 840 οὐκ
611 790 851 842 ἐθέλοντος
884 789 1069 850 ἐκείνου,
1095 786 1270 848 πόθεν;
1315 785 1425 835 ἀλλ’
1455 784 1570 835 ὅσον
1596 783 1705 847 ἧκεν

127 872 190 921 εἷς
232 867 286 920 τὸ
337 869 598 929 βούλεσθαι
645 874 773 936 δρᾶν,
812 874 887 920 καὶ
931 875 1068 920 τοῦτο
1111 865 1460 930 ἀκαταλήκτως,
1500 863 1559 916 τὰ
1609 869 1705 917 τοῖς

129 950 284 1015 νόμοις
320 950 576 1021 ἀπᾴδοντα,
619 953 867 1019 μονονουχὶ
912 952 987 1001 καὶ
1027 952 1110 1018 ἐρᾷ
1148 952 1230 1013 τῆς
1266 953 1360 1001 τοῖς
1399 945 1699 1016 φιλαμαρτή-

62 1060 110 1085 10
128 1059 271 1100 μοσιν
292 1038 364 1087 ἀεί
379 1060 478 1091 πως
502 1036 808 1106 ὀφειλομένης
836 1034 1079 1088 κολάσεώς
1106 1056 1155 1085 τε
1176 1035 1250 1084 καὶ
1276 1033 1418 1096 δίκης.
1468 1035 1706 1095 μετανοεῖν

129 1119 209 1169 οὖν
234 1117 325 1185 ἄρα
363 1117 427 1182 μὴ
463 1117 742 1217 ἀνεχόμενοι,
769 1120 1016 1184 μονονουχὶ
1048 1118 1124 1167 καὶ
1157 1117 1437 1179 ἐπιθυμοῦσι
1459 1117 1620 1165 πεσεῖν
1648 1117 1706 1167 εἷς

129 1200 285 1269 ἦμεραν
314 1223 466 1263 κακήν,
491 1203 566 1251 καὶ
600 1206 698 1254 ταῖς
722 1200 810 1265 ἠδη
835 1197 1304 1265 προαπηγγελμεναις
1331 1198 1559 1247 ἐναλῶναι
1584 1217 1706 1258 συμ-
1724 1215 1745 1242 e

129 1287 310 1353 φοραῖς,
339 1289 371 1334 οἱ
399 1284 642 1352 ἑγγιζοντες
680 1306 756 1334 και
792 1280 1089 1352 ἐφαπτομενοι
1122 1278 1375 1341 σαββάτων
1399 1274 1586 1346 ψευδῶν.
1652 1275 1709 1340 ἧν

130 1365 213 1429 μὲν
239 1388 331 1431 γαρ
359 1365 424 1415 ἐτι
450 1387 752 1430 συνεστηκως
779 1365 804 1415 ὁ
832 1363 943 1416 νεὼς
968 1365 1044 1413 καὶ
1069 1361 1128 1413 τὰ
1154 1363 1202 1412 ἐν
1227 1362 1351 1430 αὐτῶ
1378 1356 1708 1425 θυσιαστήρια.

67 1461 113 1499 15
132 1471 207 1498 και
229 1449 479 1513 προσῆγον
504 1470 587 1510 μεν
610 1451 676 1516 τῷ
702 1450 809 1516 Θεῷ
833 1445 917 1500 τὰς
944 1443 1062 1496 κατὰ
1090 1444 1232 1508 νόμον
1258 1443 1438 1505 θυσίας,
1465 1440 1710 1493 ἐπετέλουν

132 1529 180 1581 δὲ
214 1532 289 1581 καὶ
329 1529 411 1583 τὰς
452 1531 500 1580 ἐν
534 1529 800 1591 σαββάτοις
836 1528 1016 1594 ἀργίας,
1052 1526 1181 1591 πλὴν
1219 1527 1300 1576 οὐκ
1338 1523 1538 1575 εἶσάπαν
1576 1523 1705 1589 ἠκρι-

131 1613 366 1677 βωμένως,
405 1614 648 1675 ἀτημελῶς
691 1611 738 1663 δὲ
782 1610 976 1680 σφόδρα
1014 1611 1088 1660 καὶ
1132 1608 1350 1678 ῥᾳθύμως
1394 1609 1573 1673 κομιδῇ.
1635 1605 1711 1655 καὶ

132 1701 249 1761 γοῦν
279 1695 440 1759 ἠτιᾶτο
479 1693 553 1744 διὰ
593 1697 753 1763 φωνῆς
786 1697 1060 1762 προφητῶν,
1087 1693 1148 1745 ὡς
1177 1691 1407 1752 σάββατα
1433 1685 1496 1751 μὴ
1522 1709 1712 1752 τετηρη-
1773 1688 1898 1770 ξζεξό

135 1776 287 1830 κότας.
363 1780 455 1827 οὐαι
496 1777 669 1839 τοίνυν,
718 1778 856 1844 φησι,
900 1779 996 1828 τοῖς
1044 1771 1463 1840 προσποιουμένοις
1514 1769 1713 1839 ἐγγίζειν
1775 1775 1827 1850 ἑὸ
1845 1786 1895 1813 ²1

69 1880 118 1905 20
137 1864 244 1912 Θεῶ
274 1859 349 1911 διά
385 1883 455 1911 τοι
488 1866 570 1911 τοῦ
604 1863 968 1926 προσποιεῖσθαι
999 1862 1138 1921 τιμᾶν
1164 1855 1222 1907 τὰ
1258 1853 1502 1907 Μωυσέως
1534 1875 1613 1915 ετι,
1639 1875 1754 1903 kata
1789 1832 1865 1903 ἕ15
1882 1867 1931 1901 Α.

136 1939 314 2012 ’γεωδῶν
340 1942 594 2003 σαββατων
620 1940 966 2007 ἀποθιγγάνειν.
1031 1940 1143 2008 ὁρᾶς
1169 1937 1295 1990 ὅπως
1319 1935 1627 2000 διαβέβληκεν
1655 1936 1716 1987 ὡς

137 2025 220 2075 οὐκ
244 2025 393 2090 ὀρθῶς
417 2022 446 2088 ἢ
472 2024 888 2093 πεφροντισμένως
911 2021 995 2087 τὴν
1021 2025 1087 2090 τῷ
1112 2017 1416 2084 σαββατίζειν
1440 2017 1717 2084 πρέπουσαν

137 2112 393 2173 τηροῦντας
415 2105 583 2172 ἀργίαν
604 2127 616 2166 ;

203 2185 406 2241 ”Αλλως
440 2206 504 2238 τε·
542 2190 711 2256 χρῆναι
748 2185 842 2253 γὰρ
881 2182 1206 2249 ὑπολαμβάνω
1246 2181 1327 2233 καί
1359 2204 1403 2232 τι
1436 2184 1530 2231 τῶν
1569 2181 1714 2244 ἀναγ-

73 2289 121 2328 25
141 2269 388 2336 καιοτέρων
437 2271 512 2321 ἐπὶ
560 2270 740 2323 τούτοις
790 2272 948 2320 εἰπεῖν·
997 2263 1147 2338 ψευὸἦ
1197 2263 1446 2325 σάββατα,
1491 2260 1549 2313 τὰ
1590 2259 1719 2327 παρὰ

140 2357 235 2405 τοῖς
260 2351 514 2405 Ἰουδαίοις·
557 2351 685 2418 εἴπερ
711 2352 814 2402 ἐστὶ
843 2349 957 2401 σκιὰ
982 2348 1067 2414 μὲν
1093 2349 1117 2399 ὁ
1143 2345 1295 2409 νόμος,
1323 2347 1398 2396 καὶ
1428 2344 1572 2398 τύπος
1600 2342 1720 2394 κατὰ

140 2433 194 2485 τὸ
244 2433 417 2499 ἀληθὲς
465 2432 524 2484 τὰ
567 2432 643 2484 διὰ
690 2431 952 2484 Μωυσέως.
1023 2431 1048 2480 ὁ
1099 2429 1147 2480 δὲ
1192 2427 1334 2481 τύπος
1384 2427 1466 2477 οὐκ
1510 2423 1763 2489 ἀλήθεια,1)

193 2637 223 2660 1.
249 2625 423 2669 εὐχόμενοι
440 2624 484 2658 A.
503 2623 576 2668 ε’ρχ.
597 2622 687 2656 Edd.
916 2619 1076 2700 &cst-11:123:
1094 2618 1317 2697 rovre'ovitvgi
1335 2617 1455 2696 ε’ᾎτοῖς
1471 2614 1724 2674 Ἱεροσολύμοις

143 2671 324 2764 3ῗέυὲξῖτῖ
342 2670 450 2751 gdd’
434 2716 570 2756 ἐκείνου,
588 2680 712 2749 ‘adeg-
704 2667 986 2759 ,]τὸέἰὲεόζῒ]ὶΕεΧ
1002 2713 1043 2746 Β.
1037 2669 1376 2751 εἰῑειῖῖὀλιῖῃπάθὲνρῖιὶ.
1394 2708 1484 2743 Edd.
1545 2709 1615 2752 ἥκει
1630 2677 1723 2742 Εξάἀο

145 2777 179 2811 9.
204 2764 372 2798 ἀποδόντα
388 2763 432 2797 A.
482 2763 601 2807 ἀρετ-ῆς
617 2773 679 2807 pl'O
696 2762 755 2806 ἐρᾷ
773 2762 831 2804 τῆς
848 2760 892 2794 A.
1310 2768 1362 2791 10.
1389 2755 1614 2801 ὀφειλομένης
1631 2755 1674 2789 A.
1680 2755 1722 2790 B.

144 2810 361 2855 ἀποκειμένης
378 2809 470 2843 Edd.
790 2818 842 2842 12.
867 2806 992 2840 ἁλῶναι
1011 2806 1054 2839 A.
1379 2814 1430 2848 13.
1459 2803 1489 2836 οἱ
1507 2802 1550 2835 Α.
1570 2802 1614 2837 ὡς
1631 2801 1723 2836 Edd.

150 2867 204 2903 15.
230 2855 429 2901 ἐπετελουν]
450 2856 648 2900 επετριβουν
666 2854 755 2889 Edd.
776 2853 953 2899 [Correxit
970 2866 1152 2898 επετηρουν
1169 2848 1322 2895 NIigne]
1506 2858 1558 2894 17.
1585 2849 1726 2893 σφόδρα

148 2905 192 2939 A.
199 2904 239 2938 B.
257 2904 396 2948 πάμπαν
414 2902 504 2937 Edd.
709 2902 760 2935 18.
787 2902 965 2942 σάββατον
981 2899 1041 2933 iid.
1231 2908 1286 2931 20
1312 2911 1363 2931 τοι
1382 2902 1603 2940 assumptum
1622 2907 1663 2929 ex
1680 2895 1725 2929 A.

151 2963 205 2986 21.
231 2951 275 2986 ὡς
291 2951 350 2984 οὐκ
368 2950 411 2983 Α.
430 2950 492 2995 οὐχ
511 2950 554 2984 ὡς
570 2948 659 2993 (sic)
679 2948 719 2981 B.
740 2947 831 2982 Edd.
1003 2956 1057 2989 25.
1083 2946 1124 2979 τὰ
1142 2956 1210 2980 om.
1229 2944 1272 2978 A.
1441 2951 1495 2987 27.
1522 2941 1661 2988 ἀληθές]
1685 2947 1722 2983 -1-

151 2999 203 3032 καὶ
222 2997 312 3032 Edd.
364 2996 488 3031 Statim
506 2997 546 3030 τὰ
564 2996 618 3030 διὰ
636 3000 683 3029 Μ.
702 3006 770 3029 om.
793 2994 833 3029 Β.

904 3059 1026 3102 3Q2
