2021 3434
324 194 406 233 174
713 196 761 235 B.
805 195 1082 236 CYRILLI
1124 197 1506 237 ALEXANDR.
1598 196 1681 237 viii.
1708 196 1745 246 8,
1769 210 1808 250 9,
1836 208 1898 236 10.

321 301 505 355 εἰκότως
546 304 620 353 καὶ
661 304 823 353 νοοῖντ’
861 303 917 355 ἂν
957 307 1032 355 καὶ
1073 304 1286 370 λέγοιντο
1324 303 1440 369 πρός
1479 326 1527 354 τε
1566 304 1696 367 ἡμῶν
1734 304 1899 364 αὐτῶν,

321 384 396 432 καὶ
421 382 549 448 παρὰ
576 387 714 436 Θεοῦ.
780 385 906 436 οὗτοι
931 386 1160 455 τρέφουσι
1190 385 1271 437 τὸν
1299 384 1633 453 πολυκέφαλον
1659 383 1900 450 δράκοντα,

321 467 395 514 καὶ
422 466 550 515 αὐτοὶ
576 465 625 516 δὲ
647 464 788 517 αὑτὸν
813 473 1052 518 σιτοῦνται
1076 468 1238 519 πάλιν.

397 546 734 599 Καταπέποται
773 550 928 600 τοίνυν
962 551 987 600 ὁ
1013 549 1207 619 Ἰσραὴλ,
1235 553 1311 601 καὶ
1350 550 1520 616 γέγονεν
1556 551 1593 600 ἐν
1631 552 1719 604 τοῖς
1759 547 1902 599 ἔθνεσιν

321 630 379 682 ὡς
422 630 575 684 σκεῦος
614 628 840 699 ἄχρηστον.
915 633 1282 698 ἀπενηνεγμένος
1320 632 1413 698 γὰρ
1448 638 1507 687 εἷς
1545 635 1794 699 Ἀσσυρίους
1829 632 1943 687 καὶ5

322 710 532 774 Μήδους,
568 713 799 780 ήχρειώθη
840 719 1097 776 παντελῶς,
1129 713 1188 765 τὰ
1228 716 1412 768 ἐκείνοις
1451 717 1675 764 δοκοῦντα
1713 717 1904 782 φρονεῖν

319 792 441 860 τάχα
475 816 568 845 που
607 796 934 860 βεβιασμένος.
1000 796 1158 863 ἤγουν,
1187 796 1258 848 ὅτι
1290 795 1442 863 ’γέγονε
1480 797 1632 851 σκεῦος
1670 795 1899 864 ἄχρηστον,

318 874 535 943 ταύτῃτοι
570 879 645 928 καὶ
683 877 909 941 κατεπόθη,
938 882 1012 929 καὶ
1051 878 1135 944 τὴν
1174 881 1457 945 ἐνεγκοῦσαν
1495 879 1642 945 ἀφεὶς,
1677 877 1897 941 μετεφοί-

318 979 463 1020 τησεν
501 962 562 1012 εἷς
601 958 658 1010 τὰ
698 960 823 1024 ἔθνη.
891 967 1072 1012 τοιοῦτο
1106 961 1154 1012 τί
1186 967 1336 1030 φησιν
1367 962 1392 1011 ὁ
1425 960 1616 1012 πάντων
1648 959 1902 1023 Δεσπότης

275 1045 302 1086 d
319 1041 394 1089 καὶ
420 1039 495 1090 διὰ
522 1044 680 1108 φωνῆς
705 1043 925 1108 Ἱερεμίου
950 1043 1060 1110 περί
1084 1067 1207 1097 τινος
1241 1048 1334 1094 τῶν
1365 1045 1412 1094 ἐν
1440 1043 1677 1111 Σαμαρείᾳ
1702 1047 1901 1103 βεβασι-
1924 1069 1970 1093 10

96 1137 190 1187 Higr.
217 1180 234 1209 q
318 1121 554 1173 λευκότων
592 1125 666 1175 ἐπὶ
700 1123 783 1175 τὸν
808 1124 1012 1192 Ἰσραήλ
1050 1133 1077 1154 “
1097 1126 1345 1189 Ἠτιμώθη
1380 1126 1601 1193 Ἰεχονίας
1635 1127 1696 1178 ὡς
1735 1129 1902 1177 σκεῦος

95 1189 223 1263 3³1²(
319 1210 346 1232 “
372 1203 425 1254 οὗ
464 1205 546 1255 οὐκ
584 1205 686 1256 ἔστι
721 1208 852 1273 χρεία
893 1209 1048 1270 αὐτοῦ,
1081 1208 1151 1259 ὅτι
1192 1208 1412 1277 ἐξεῤῥίφη
1452 1212 1527 1259 καὶ
1566 1206 1802 1276 ἐξεβλήθη
1841 1211 1902 1259 εἷς

319 1292 345 1315 “
371 1289 461 1352 γῆν
485 1285 543 1350 ἣν
567 1288 649 1338 οὐκ
681 1287 795 1356 ᾔδει.
849 1292 910 1354 γῆ
938 1293 1014 1355 γῆ,
1042 1290 1179 1341 ἄκουε
1206 1290 1354 1355 λόγον
1384 1291 1573 1356 Κυρίου,
1602 1288 1795 1356 γράψον
1821 1287 1903 1338 τὸν

318 1374 345 1396 “
371 1368 519 1434 ἄνδρα
556 1375 721 1420 τοῦτον
757 1372 1037 1436 ἐκκήρυκτον
1069 1371 1363 1438 ἄνθρωπον.”
1429 1372 1659 1440 ἠχρειωθη
1695 1372 1849 1421 τοίνυν
1876 1372 1901 1421 ὁ

316 1449 533 1516 Ἰσραήλ.
624 1452 737 1502 ποία
777 1452 870 1518 γὰρ
915 1453 1046 1520 χρεία
1095 1457 1255 1522 ψυχῆς
1300 1457 1366 1523 τῷ
1420 1457 1528 1523 Θεῷ
1577 1454 1900 1517 πλανωμένης,
1924 1481 1969 1519 15

316 1534 391 1582 καὶ
443 1533 865 1601 φιλαμαρτήμονος
915 1538 990 1586 καὶ
1042 1536 1398 1604 ἀποτρεχούσης
1447 1535 1649 1589 εὐκόλως
1700 1540 1766 1589 εἰς’
1805 1541 1902 1586 πᾶν

277 1615 472 1669 ρότιοῦν
512 1619 606 1665 τῶν
645 1615 854 1667 ἐκτόπων
894 1618 969 1668 καὶ
1008 1621 1082 1680 εἷς,
1122 1617 1175 1668 τὸ
1214 1617 1405 1669 πάντων
1442 1618 1648 1668 ἐπέκεινα
1686 1621 1780 1667 τῶν
1819 1641 1902 1668 xa·-

315 1700 421 1758 κῶν,
461 1699 542 1760 τῆς
585 1697 675 1748 ὑπὸ
723 1701 832 1767 Θεῷ
871 1701 1080 1753 δουλείας
1125 1698 1211 1763 τὴν
1249 1699 1594 1766 ἀποστροφὴνς
1641 1700 1709 1752 τίς
1751 1700 1832 1750 οὖν
1873 1701 1900 1764 ἡ

314 1779 437 1829 αἰτία
462 1785 545 1830 τοῦ
580 1779 639 1830 τὰ
666 1780 818 1832 τοιάδε
844 1781 1048 1849 πάσχειν
1074 1780 1156 1833 τὸν
1176 1782 1406 1848 Ἰσραήλ;
1447 1783 1508 1833 ὅτι
1537 1783 1656 1833 αὐτοὶ
1684 1781 1901 1843 ἀνέβησαν

314 1867 373 1916 εἰς
406 1865 672 1930 Ἀσσυρίους.
741 1867 991 1931 μονονουχὶ
1029 1863 1124 1931 γάρ
1163 1868 1329 1932 φησιν,
1373 1865 1625 1927 αὐτόμολοι
1664 1864 1895 1930 δεδραμή·
1922 1895 1970 1919 20

312 1967 425 1994 κασι
454 1943 573 2011 πρὸς
600 1946 808 2012 ἐχθρούς.
872 1951 973 2000 πῶς
1010 1945 1038 2011 ἦ
1075 1947 1177 1997 τίνα
1215 1946 1419 2013 τρόπον,
1461 1947 1659 2001 δεδιότες
1690 1948 1782 2013 γὰρ
1816 1947 1902 2011 τὴν

312 2029 495 2078 ἐκείνων
543 2026 729 2096 ἔφοδον,
776 2030 829 2079 οὐ
877 2029 963 2092 τὴν
1009 2033 1135 2080 Θεοῦ
1178 2034 1368 2092 μᾶλλον
1410 2030 1674 2095 ἐπικουρίαν
1715 2029 1901 2096 ἐζήτουν

311 2109 753 2174 μεταγινώσκοντες,
790 2110 954 2176 δώροις
992 2109 1039 2161 δὲ
1073 2115 1263 2174 μᾶλλον
1301 2110 1669 2174 μεταπεπείκασι
1701 2135 1897 2178 κατηρε-
2019 2133 2021 2192 ἦ

311 2195 463 2256 μῆσαι
497 2192 668 2259 βραχύ.
727 2190 825 2243 εἶτα
859 2191 944 2252 τὴν
982 2192 1164 2244 τοιάνδε
1201 2193 1391 2260 σκέψιν,
1428 2195 1490 2246 ὡς
1535 2194 1708 2244 εἰκαίαν
1746 2196 1900 2249 αὐτοῖς

311 2274 539 2338 ἐσομένην
580 2277 655 2325 καὶ
696 2275 952 2342 ἄχρηστον,
993 2278 1191 2344 διαγελᾷ
1224 2275 1400 2342 τρόπον
1442 2275 1557 2338 τινὰ,
1599 2277 1752 2341 λέγων
1793 2279 1898 2344 περὶ
1919 2302 1966 2340 25

91 2375 169 2409 122
190 2375 240 2410 A.
274 2361 404 2409 a‘rcfm
453 2359 502 2408 ἐκ
567 2360 723 2425 φυλῆς
775 2357 989 2425 Ἐφραὶμ
1043 2357 1473 2419 βεβασιλευκότων,
1522 2357 1564 2408 οἳ
1633 2361 1709 2409 καὶ
1772 2363 1899 2426 δῶρα

310 2439 597 2507 πεπόμφασι
641 2445 737 2494 τοῖς
777 2440 1054 2506 Ἀσσυρίων
1094 2439 1347 2506 τυράννοις,
1387 2440 1568 2492 ανεθοιλε
1615 2440 1716 2492 καθ’
1751 2443 1898 2495 {aurbu

311 2522 530 2590 Ἐφραίμ.

377 2602 582 2667 “Ὀμοιον
626 2606 688 2658 ὡς
738 2608 776 2655 εὶ
821 2604 967 2670 λέγοι·
1023 2605 1216 2669 μέλλων
1258 2603 1568 2656 ἐκκόπτεσθαι
1607 2606 1814 2673 καθάπερ
1854 2630 1898 2657 τι

313 2683 540 2752 στέλεχος
577 2688 601 2737 ὁ
638 2689 687 2737 ἐκ
723 2689 879 2755 φυλῆς
902 2687 1114 2755 Ἐφραὶμ
1152 2687 1521 2750 βεβασιλευκὼς,
1559 2690 1632 2738 καὶ
1672 2687 1768 2739 οἷον
1807 2689 1897 2740 ὑπὸ
1917 2717 1965 2753 30

360 2853 393 2888 6.
420 2854 531 2901 ἐκείνῳ
551 2856 595 2890 D.
709 2870 740 2902 9.
767 2861 919 2893 τοιοῦτον
937 2859 984 2893 D.
1101 2870 1153 2904 15.
1181 2858 1328 2903 ἠτιμώθη
1344 2867 1422 2905 post
1433 2859 1574 2904 Ἰσραήλ
1589 2859 1669 2894 add.
1685 2859 1776 2895 Edd.
1827 2859 1896 2903 (καὶ

313 2899 459 2943 ἠτιμώθη
478 2913 495 2935 e
514 2915 577 2936 suo
595 2903 702 2937 edidit
718 2905 872 2949 Migne.)
973 2906 1024 2940 18.
1045 2906 1136 2952 θεῷ]
1154 2909 1241 2940 Θεοῦ
1258 2906 1318 2940 iid.
1367 2908 1400 2940 τί
1421 2919 1481 2951 pro
1500 2906 1550 2942 τίς
1567 2907 1625 2941 iid.
1723 2918 1778 2941 20.
1800 2907 1895 2942 Haec

313 2947 359 3026 ε2ἷς
375 2946 817 3039 ’ἓσσυρίεῇυς-ἒεὲξεῦθηιηι
834 2964 874 2986 ex
897 2952 988 2986 B.D.
1041 2955 1166 2987 Statim
1192 2956 1293 2996 μόνον
1310 2954 1375 2999 γὰρ
1393 2955 1469 2998 οὐχὶ
1488 2966 1551 2999 pro
1567 2955 1745 2999 μονονουχὶ
1764 2956 1828 3000 γάρ
1849 2955 1893 2988 D.

337 3005 369 3038 9.
407 2999 531 3037 Ομοιον
725 3024 731 3029 .
