2021 3434
272 229 353 269 732
685 229 735 268 B.
778 229 1053 269 CYRILLI
1104 230 1487 273 ALEXANDR.
1593 233 1663 273 vii.
1687 246 1753 285 14,
1775 242 1839 287 15.

271 345 297 368 ‘⁶
323 337 608 401 δικαιώματά
645 363 737 403 μου
780 341 1139 405 βεβηλώσουσι,
1183 343 1258 392 καὶ
1301 340 1384 395 τὰς
1424 340 1617 395 ἐντολάς
1653 366 1742 406 μου
1779 345 1844 407 μὴ

270 426 298 449 “
325 419 628 490 φυλάξωσιν,
673 423 990 490 ἐπισκέψομαι
1028 425 1076 473 ἐν
1115 423 1279 493 ῥάβδῳ
1324 423 1407 477 τὰς
1449 424 1641 486 ἀνομίας
1681 425 1847 488 αὐτῶν,

79 510 136 544 68
154 508 205 543 A·
232 518 253 542 a
272 510 298 532 ‘⁶
324 504 399 553 καὶ
424 504 472 553 ἐν
493 503 691 573 μάστιξι
725 504 809 558 τὰς
843 506 1019 560 ἀδικίας
1054 507 1223 556 αὐτῶν·
1273 504 1326 557 τὸ
1352 505 1399 556 δὲ
1425 505 1554 560 ε”λεός
1591 529 1680 570 μου
1706 508 1759 557 οὐ
1785 506 1848 571 μὴ

970 586 995 603 ’5

270 592 298 613 ‘⁶
322 584 620 637 διασκεδάσω
672 586 750 637 ἀπ’
796 588 965 637 αὐτῶν.
1059 589 1224 638 οὐκοῦν
1269 589 1510 653 συντρίβει
1554 586 1651 651 μὲν,
1690 585 1851 654 ὥσπερ

268 665 432 736 ῥάβδῳ
473 669 743 720 καταπαίων
783 672 840 737 τῇ
886 671 1071 738 σιδηρᾷ,
1112 669 1196 721 τὸν
1238 669 1433 738 ἐξήνιον,
1477 672 1642 734 ἀπειθῆ
1683 692 1731 720 τε
1777 671 1892 726 καῖ5

269 748 488 815 ἀλαζόνα,
532 753 606 801 καὶ
656 750 742 814 τὴν
790 751 953 801 πίστιν
997 756 1051 802 οὐ
1094 751 1416 818 προσιέμενον·
1472 754 1766 817 παιδαγωγεῖ
1804 750 1851 802 δὲ

268 836 491 898 χρηστῶς
523 832 628 886 τοὺς
659 833 1048 896 πεπιστευκότας,
1076 839 1150 884 καὶ
1178 834 1464 895 καταβόσκει
1489 833 1574 898 μὲν
1597 835 1644 883 ἐν
1670 835 1852 900 κρίνοις,

270 913 495 982 ἀποφέρει
526 914 574 965 δὲ
610 917 683 966 καὶ
714 917 762 966 ἐν
798 920 915 982 νομῇ
951 919 1107 984 ἀγαθῇ
1133 919 1208 967 καὶ
1243 918 1291 967 ἐν
1316 916 1446 986 τόπῳ
1471 917 1608 979 πίονι,
1636 919 1781 980 δῆλον
1806 915 1854 967 δὲ

273 995 342 1046 ὅτι
368 1000 425 1064 τῇ
453 997 750 1068 θεοπνεύστῳ
787 1000 971 1066 γραφῇ,
1015 998 1244 1052 καθιστὰς
1270 1001 1442 1065 ἐναργῆ
1479 997 1555 1049 διὰ
1588 1004 1670 1050 τοῦ
1699 997 1852 1050 Πνεύ-

273 1101 419 1141 ματος
474 1085 569 1133 τοῖς
619 1082 990 1148 νουνεχεστέροις
1047 1080 1107 1131 τὰ
1157 1083 1204 1132 ἐν
1253 1082 1369 1149 αὐτῇ
1428 1080 1733 1147 κεκρυμμένα,
1782 1081 1856 1131 ἵνα
1879 1109 1925 1135 10

51 1153 137 1235 ᾗῇ·
154 1153 196 1184 iv.
229 1168 302 1217 b⁶⁶
327 1161 445 1227 πρὸς
489 1162 636 1227 ἄνδρα
679 1163 856 1214 τέλειον
894 1165 1200 1227 ἀναβαίνωσι,
1247 1165 1323 1215 καὶ
1365 1166 1427 1218 εἷς
1469 1164 1640 1230 με’τρον
1677 1163 1858 1227 ἡλικίας

275 1250 301 1272 “
327 1249 410 1294 τοῦ
444 1244 762 1310 πληρώματος
799 1251 881 1296 τοῦ
921 1247 1175 1311 Χριστοῦ,”
1212 1246 1419 1313 λιπαρὰν
1457 1245 1639 1313 ἔχοντες
1673 1247 1748 1296 καὶ
1786 1247 1857 1296 εὐ-

272 1326 596 1393 τροφουμένην
636 1327 721 1391 τὴν
772 1328 935 1396 φρένα,
975 1331 1049 1379 καὶ
1093 1333 1192 1382 ταῖς
1244 1333 1427 1393 νοηταῖς
1476 1329 1859 1379 ἐνσπαταλῶσαν

274 1413 488 1476 τρυφαῖς.

350 1495 728 1555 Κατασκηνσῦμεν
760 1490 807 1542 δέ
847 1490 970 1543 nom-Ee
1002 1490 1140 1560 μόνας
1179 1495 1220 1543 οὶ
1258 1491 1510 1544 ἀπόλεκτοι
1548 1493 1622 1543 καὶ
1660 1492 1856 1557 ἐκκεκρι-
1880 1514 1926 1553 15

275 1572 418 1636 μένοι,
464 1575 539 1623 καὶ
580 1578 674 1624 τῶν
716 1573 881 1624 ἄλλων
921 1573 1344 1643 ἀποφοιτήσαντες,
1390 1574 1432 1626 οἳ
1469 1574 1591 1637 μόνα
1627 1578 1857 1642 φρονοῦσι

274 1654 333 1707 τὰ
384 1657 457 1706 ἐπὶ
507 1659 590 1720 τῆς
641 1659 730 1722 γῆς
779 1658 854 1706 καὶ
900 1655 986 1721 τὴν
1034 1661 1129 1708 τῶν
1178 1657 1482 1724 προσκαίρων
1533 1654 1859 1720 ἐκτετιμήκασι

276 1741 458 1801 κτῆσιν,
496 1741 572 1789 καὶ
604 1744 705 1792 ταῖς
739 1742 821 1803 τῆς
856 1737 1035 1805 σαρκὸς
1074 1740 1258 1803 ἡδοναῖς
1295 1739 1574 1803 ἐνδούμενοι,
1611 1738 1728 1806 πρὸς
1764 1742 1860 1789 πᾶν

276 1821 430 1872 ὁτιοῦν
480 1825 574 1872 τῶν
623 1820 832 1873 ἐκτόπων
879 1823 933 1872 οὐ
988 1822 1183 1889 μετρίως
1235 1821 1613 1873 ἁπονενεύκασιν.
1695 1821 1860 1872 οὐκοῦν

275 1903 495 1968 ἠρεμαῖον
540 1903 722 1971 ἔχοντες
766 1903 848 1955 τὸν
887 1910 1009 1968 νοῦν,
1051 1907 1126 1955 καὶ
1167 1905 1343 1971 τύρβης
1389 1902 1531 1955 αὐτὸν
1571 1906 1653 1968 τῆς
1691 1903 1861 1957 εἰκαίας
1881 1932 1929 1958 20

239 2007 260 2032 c
278 1987 352 2035 καὶ
377 1988 612 2052 βδελυρᾶς
636 1986 1034 2050 ἀπαλλάττοντες,
1060 1986 1151 2056 ἔξω
1185 2010 1278 2038 που
1312 1988 1566 2049 τεθείμεθα,
1599 1984 1782 2050 σεπτήν
1811 2008 1860 2037 τε

278 2069 353 2118 καὶ
380 2068 674 2136 ἀξιάγαστον
701 2069 925 2135 διαζῶμεν
951 2067 1084 2135 ζωὴν,
1111 2071 1186 2120 καὶ
1215 2068 1338 2120 norff&
1371 2068 1512 2138 μόνοις
1535 2068 1691 2131 ἐσμὲν,
1719 2066 1861 2119 καθά-

278 2173 367 2217 περ
397 2150 556 2214 άμέλει
593 2155 668 2203 καὶ
707 2152 732 2201 ὁ
766 2150 1015 2220 προφήτης
1039 2152 1273 2218 Ἱερεμίας.
1343 2152 1432 2220 ε”φη
1457 2149 1549 2217 γὰρ
1577 2149 1646 2202 ὅτι
1673 2158 1700 2181 “
1720 2150 1862 2217 Κύριε

280 2241 307 2263 “
331 2233 681 2301 παντοκράτωρ,
709 2235 792 2285 οὐκ
824 2234 1023 2285 ἐκάθισα
1057 2235 1105 2284 ἐν
1140 2233 1368 2303 συνεδρίῳ
1400 2235 1553 2284 αὐτῶν
1590 2232 1860 2300 παιζόντων,

58 2151 152 2182 Hier.
162 2162 215 2183 xv.

63 2195 110 2234 16,
134 2204 182 2236 17.

279 2323 305 2344 ‘⁶
332 2316 441 2366 ἀλλ’
471 2317 770 2381 εὐλαβούμην
809 2315 902 2367 ἀπὸ
938 2315 1200 2383 προσώπου
1232 2315 1384 2384 χειρός
1421 2335 1529 2366 σου·
1598 2314 1861 2379 καταμόνας·
1882 2341 1927 2379 25

279 2403 308 2425 ‘⁶
334 2396 586 2462 ἐκαθήμην,
614 2397 684 2448 ὅτι
707 2398 891 2465 πικρίας
917 2397 1263 2463 ἐνεπλήσθην.”
1311 2403 1613 2462 κατοικοῦμεν
1651 2397 1700 2448 δὲ
1740 2396 1863 2449 κατὰ

281 2476 421 2547 μόνοις
447 2479 610 2546 οἷάπερ
645 2482 693 2531 ἐν
728 2478 874 2551 δρυμῷ
911 2483 986 2531 καὶ
1024 2481 1072 2531 ἐν
1110 2479 1218 2546 ὄρει.
1287 2482 1361 2531 καὶ
1394 2477 1544 2550 ὃρυμὶν
1570 2478 1654 2544 μὲν
1680 2478 1862 2544 νοήσεις

239 2561 482 2630 ἆεῦξυλόν
516 2585 565 2612 τε
601 2567 674 2613 καὶ
710 2564 879 2627 εὐανθῆ
911 2561 997 2627 τὴν
1031 2566 1174 2632 διφυᾶ
1199 2563 1456 2626 παίδευσιν,
1481 2561 1645 2627 ἠθικήν
1667 2584 1715 2613 τε
1741 2562 1863 2630 φημὶ

335 2731 364 2755 1.
390 2722 636 2764 βεβηλώσουσι
653 2721 697 2755 Α.
717 2721 859 2767 (AleX.)
875 2723 1108 2766 βεβηλὼσωσι
1127 2721 1218 2756 Edd.
1603 2732 1636 2766 3.
1660 2720 1802 2765 μάστιγι
1820 2718 1862 2753 Β.

285 2767 319 2802 6.
345 2769 398 2801 καὶ
416 2768 511 2802 deest
528 2768 564 2802 in
586 2768 678 2802 Edd.
941 2778 971 2812 7.
996 2781 1046 2814 >-<ε
1062 2768 1289 2813 (ΞΧριστὸς)
1305 2780 1369 2813 pro
1385 2771 1544 2813 χρηστῶς
1563 2767 1605 2802 Β.
1762 2778 1796 2812 9.
1821 2767 1860 2810 τῇ

286 2814 500 2860 θεοπνεύστῳ
516 2817 633 2860 γραφῇ
652 2815 743 2850 Α.Β.
761 2817 818 2860 τῆς
835 2815 1062 2850 θεοπνεύστου
1079 2817 1215 2862 γραφῆς
1233 2815 1324 2850 Edd.
1517 2826 1570 2849 10.
1587 2812 1802 2860 γεγραμμένα
1817 2813 1861 2846 Α.

290 2872 412 2904 12—14.
438 2863 778 2908 λιπαρὰν-τρυφαῖς
795 2863 922 2896 desunt
940 2863 974 2896 in
994 2862 1036 2897 B.
1294 2873 1348 2907 13.
1374 2862 1643 2896 ἐνσπαταλῶσαν
1658 2861 1702 2895 Α.
1721 2860 1862 2895 εὐσπατ.

288 2907 380 2941 Edd.
666 2919 718 2954 15.
750 2912 1019 2953 κατασκηνοῦμεν
1037 2910 1080 2944 Α.
1098 2911 1347 2953 κατασκηνοῦσι
1367 2909 1409 2943 Β.
1427 2910 1676 2952 κατασκηνοῦσι
1692 2907 1752 2951 μὲν
1770 2905 1862 2941 Edd-

287 2952 357 2987 οἷον
375 2966 437 2998 pro
455 2956 485 2988 οἶ
504 2957 547 2989 A.
598 2956 761 3001 ἐνκεκριμ.
780 2955 938 3002 (Ξέγκ.)
957 2957 1001 2991 A.
1164 2957 1217 2991 18.
1244 2956 1355 2991 κτίσιν
1373 2956 1416 2990 A.
1594 2966 1650 2989 20.
1676 2953 1800 2988 εἷκαίου
1818 2952 1862 2986 Α.

287 3011 343 3034 22.
369 3001 561 3046 διαβιοῦμεν
579 3015 642 3048 pro
659 3004 744 3046 διαζ.
762 3003 806 3037 Α.
1020 3014 1075 3048 23.
1102 3002 1224 3047 Κύριος
1241 3003 1285 3038 Α.
1337 3003 1464 3038 Statim
1480 3002 1710 3046 παντοκράτορ
1730 3000 1771 3035 Β.
1790 2999 1861 3045 (90,

290 3046 366 3087 106,
389 3049 481 3091 144.)
649 3050 702 3084 26.
730 3050 779 3094 δέ]
807 3054 842 3091 -1-
865 3050 894 3084 οἶ
913 3049 1004 3085 Edd.
1023 3050 1141 3085 invitis
1159 3050 1250 3085 A.B.
1435 3049 1489 3083 28.
1516 3049 1643 3093 διαφυᾶ
1660 3047 1717 3082 iid.
