2021 3434
98 663 147 683 21.

96 1012 201 1051 Supra

95 1066 160 1086 Vel'.
180 1067 227 1088 10.

109 1513 159 1546 91
180 1512 229 1546 A.

320 247 401 286 130
712 247 762 286 Β.
804 246 1071 287 CYRILLI
1114 247 1489 288 ALEXANDR.
1663 262 1700 288 ν.
1729 261 1792 297 11,
1819 261 1881 289 12.

316 353 376 404 τὰ
411 351 610 422 μάταιοι,
645 357 720 405 καὶ
755 360 1115 408 κατακολουθεῖν
1148 355 1368 410 εἰδώλοις.
1433 356 1674 423 ἀμήχανον
1711 355 1803 422 γὰρ
1835 357 1884 406 ἐν

316 435 469 504 ταύτῷ
506 437 581 485 καὶ
620 439 727 506 Θεῷ
764 437 994 489 δύνασθαι
1029 442 1402 501 κατακολουθεῖν,
1429 440 1504 488 καὶ
1540 442 1635 491 τοῖς
1667 442 1884 503 πονηροῖς

317 519 391 567 καὶ
425 516 702 583 ἀκαθάρτοις
735 518 984 582 πνεύμασι·
1026 520 1099 571 διὰ
1126 526 1263 571 τοῦτο
1288 523 1362 571 καὶ
1387 521 1410 571 ὁ
1437 520 1688 573 θεσπέσιος
1712 517 1885 586 γράφει

102 618 112 639 1
134 610 206 640 Off·
223 620 254 639 x.
316 602 526 652 Παῦλος”
565 606 593 628 “
611 600 686 650 Οὐ
713 599 914 652 δύνασθε
939 600 1162 668 ποτήριον
1190 603 1367 668 Κυρίου
1390 603 1537 654 πίνειν
1565 603 1640 652 καὶ
1664 601 1886 667 ποτήριον

316 686 342 709 “
369 681 632 744 δαιμονίων,
662 682 715 732 οὐ
753 681 956 735 δύνασθε
985 683 1211 751 τραπέζης
1238 685 1412 750 Κυρίου
1439 685 1645 751 μετέχειν
1669 685 1744 734 καὶ
1767 705 1879 749 τρα-
1904 702 1926 739 5

315 769 341 791 “
366 762 503 829 πέζης
523 763 810 827 δαιμονίων.”
849 764 1138 832 μονότροπος
1157 765 1249 832 γὰρ
1276 767 1300 816 ὁ
1327 765 1570 834 θεοφιλής·
1607 765 1886 830 ἀλλοπρόσ-

313 851 464 898 αλλος
501 845 549 896 δὲ
587 848 661 897 καὶ
699 848 1047 911 σεσαλευμένος
1082 851 1157 899 καὶ
1192 849 1260 899 ἐπ’
1295 848 1439 917 ἄμφω
1473 848 1649 910 βαίνειν
1686 847 1827 911 εἰδὼς,
1861 849 1886 898 ὁ

314 926 613 995 ἀνασφαλὴς,
642 931 716 979 καὶ
742 931 813 998 ἐφ’
842 929 955 997 ὅπερ
982 928 1040 981 ἂν
1064 930 1195 998 τύχοι
1220 931 1422 997 βαδίζων
1448 930 1665 983 εὐκόλως.

388 1011 576 1061 Οὐκοῦν
625 1010 852 1077 γεγόνασι
908 1036 992 1076 μεν
1044 1036 1085 1063 οι
1141 1013 1362 1081 ἄρχοντες
1409 1013 1562 1064 Ἰούδα
1613 1015 1775 1080 φησὶν,
1826 1013 1888 1064 ὡς

251 1153 261 1163 ⁸
312 1092 680 1153 uerarceemvres
656 1116 770 1159 ορια,
799 1091 1171 1147 κατεθυνοίστευσε
1202 1094 1250 1146 δὲ
1280 1118 1355 1145 και
1382 1096 1406 1146 ὁ
1430 1094 1633 1164 Ἐφραῖμ
1670 1118 1738 1145 τον
1771 1097 1886 1145 ἀντὶ·

314 1169 427 1224 δίκον
469 1176 610 1237 αὐτου,
639 1199 927 1237 κατεπατησε
963 1176 1011 1228 δὲ
1049 1179 1123 1228 καὶ
1163 1181 1315 1247 κρῖμα·
1357 1177 1515 1246 ἔσομαι
1550 1176 1597 1227 δε
1631 1174 1800 1227 λοιπον
1830 1201 1888 1231 ως

314 1277 489 1324 ταραχη
534 1255 593 1325 τῷ
629 1256 832 1326 ἩΕφραιμ
879 1282 953 1309 και
999 1262 1056 1314 ὡς
1102 1283 1255 1328 κεντρον
1297 1265 1357 1329 τῷ
1387 1259 1471 1310 Ἰού
1498 1284 1546 1311 α.
1623 1260 1697 1310 καὶ
1741 1258 1790 1308 τί
1830 1256 1887 1317 δὴ

314 1335 451 1387 τοῦτό
489 1339 604 1400 ἐστι,
639 1346 1052 1406 πολυπραγμονεῖν
1090 1342 1357 1406 ἀναγκαῖον.
1422 1344 1464 1392 οἱ
1501 1340 1584 1406 μὲν
1621 1341 1702 1391 οὖν
1743 1340 1888 1406 ἕτεροι

316 1422 410 1469 τῶν
444 1421 732 1486 ἑρμηνευτῶν
769 1424 871 1472 ἀντὶ
905 1428 989 1473 τοῦ
1022 1422 1210 1490 ταραχὴ,
1237 1422 1464 1490 βρωστὴρ
1489 1423 1739 1490 εἰρήκασιν·
1785 1425 1888 1474 ἀντὶ

282 1499 366 1550 3δὲ
409 1507 492 1552 τοῦ
530 1501 697 1572 κέντρον,
735 1506 899 1572 σῆψις·
951 1508 993 1555 οἱ
1033 1504 1088 1555 δέ
1123 1527 1176 1570 γε
1217 1505 1538 1570 ἑβδομήκοντα
1577 1504 1774 1572 ταραχὴν
1812 1507 1886 1556 καὶ

317 1582 470 1652 κέντρον
528 1584 797 1647 ὠνόμασαν.
884 1588 1225 1652 θορυβουμένου
1279 1586 1372 1653 γὰρ
1435 1588 1488 1638 οὐ
1549 1588 1742 1653 μετρίως
1805 1593 1887 1638 τοῦ

312 1666 542 1735 Ἐφραὶμ,
591 1667 692 1731 ἤτοι
732 1672 826 1718 τῶν
863 1669 971 1719 δέκα
1016 1673 1195 1737 φυλῶν,
1235 1668 1325 1720 ὑπὸ
1368 1675 1450 1720 τοῦ
1491 1668 1888 1738 κατασκήψαντος

313 1747 467 1801 αὐτοῖς
513 1749 735 1812 πολέμου,
779 1755 918 1801 τοῦτο
968 1750 1051 1816 μὲν
1102 1749 1190 1802 ὑπὸ
1241 1757 1323 1801 τοῦ
1374 1751 1578 1816 γείτονος
1627 1756 1710 1802 τοῦ
1759 1751 1888 1817 παρὰ

318 1828 485 1895 Σύρων
515 1833 649 1896 φημὶ,
688 1837 826 1883 τοῦτο
865 1832 913 1883 δὲ
951 1832 1041 1884 ὑπὸ
1078 1838 1160 1884 τοῦ
1200 1837 1438 1899 Περσικοῦ
1477 1835 1552 1883 καὶ
1589 1835 1638 1884 ἐκ
1675 1836 1758 1897 τῆς
1795 1838 1889 1885 τῶν

312 1912 588 1979 Ἀσσυρίων
614 1914 805 1977 ἥκοντος
831 1915 999 1982 χώρας,
1027 1917 1074 1966 ἐν
1098 1915 1281 1970 ὀδύναις
1306 1914 1364 1980 ἦν
1390 1917 1464 1966 καὶ
1499 1916 1580 1966 οὐκ
1612 1918 1660 1966 ἐν
1689 1917 1889 1983 μετρίοις

313 1996 527 2058 δείμασιν
553 1997 577 2045 ὁ
602 1996 793 2059 Ἰούδας,
818 2002 1009 2059 μᾶλλον
1033 1997 1080 2048 δὲ
1106 2000 1181 2048 καὶ
1207 2000 1254 2048 ἐν
1278 1999 1456 2066 ἀγωνίᾳ
1481 2001 1659 2066 πολλῇ.
1727 2021 1885 2065 προσ-

314 2077 508 2142 εδόκησε
541 2077 646 2144 γὰρ,
687 2081 762 2129 καὶ
805 2080 887 2130 οὐκ
927 2084 988 2133 εἷς
1029 2079 1225 2146 μακρὰν,
1260 2085 1354 2133 τοῖς
1393 2080 1512 2134 ’ίσοις
1549 2079 1705 2148 τυχὸν,
1747 2080 1775 2145 ἢ
1813 2083 1888 2131 καὶ

315 2160 440 2212 πολὺ
466 2162 672 2228 χείροσιν
697 2162 923 2212 ἐναλῶναι
948 2167 1118 2216 κακοῖς·
1160 2163 1480 2228 ἐπιβρίθοντος
1510 2161 1603 2228 γὰρ
1636 2168 1719 2214 τοῦ
1748 2163 1889 2214 πολέ-

276 2253 301 2293 b
317 2267 420 2306 μου,
453 2246 527 2294 καὶ
558 2248 658 2297 ταῖς
692 2243 809 2294 κατὰ
842 2243 928 2308 τὴν
967 2243 1230 2310 Σαμάρειαν
1267 2243 1468 2294 πόλεσιν
1506 2244 1889 2310 ἐπισκήπτοντός,

315 2325 450 2376 πᾶσά
483 2350 582 2380 πως
617 2326 796 2391 ἀνάγκη
834 2324 891 2390 ἧν
924 2325 1299 2377 συνδιόλλυσθαι
1333 2325 1416 2380 τὰς
1453 2326 1661 2393 ὁμόρους,
1688 2327 1770 2381 τὰς
1796 2333 1889 2379 τῶν

315 2409 372 2477 ἐξ
407 2409 560 2459 Ἰούδα
601 2410 722 2477 φημὶ
766 2410 842 2458 καὶ
887 2410 1120 2471 Βενιαμίν.
1188 2409 1353 2458 οὐκοῦν
1392 2409 1419 2472 ἡ
1463 2408 1547 2471 μὲν
1585 2410 1760 2479 ταραχὴ
1806 2416 1888 2463 τοῦ

314 2490 523 2555 πολέμου
558 2490 643 2554 τὴν
669 2491 851 2556 ἔφοδον,
878 2490 932 2541 τὸ
968 2490 1016 2541 δὲ
1057 2489 1209 2560 κεβντραν
1240 2493 1288 2541 ἐν
1321 2491 1500 2545 τούτοις
1535 2491 1620 2556 τὴν
1652 2495 1701 2544 ἐκ
1737 2493 1888 2559 λύπης

317 2595 365 2622 τε
390 2575 463 2623 καὶ
490 2574 746 2637 δυσθυμίας
772 2573 939 2637 ὀδύνην
966 2575 1204 2637 ὑποδηλοΐ,
1235 2572 1299 2623 ὧν
1334 2573 1424 2642 ἔξω
1455 2597 1546 2625 που
1583 2575 1770 2629 πάντως
1802 2574 1890 2627 εἶεν

318 2653 375 2703 ἂν
414 2659 454 2705 οἱ
493 2660 681 2755 φρονεῖν
713 2655 947 2709 ἐθέλοντες
981 2655 1039 2706 τὰ
1064 2659 1295 2720 Χριστοῦ·
1337 2656 1390 2705 δι’
1419 2656 1472 2706 οὗ
1498 2657 1573 2706 καὶ
1605 2656 1707 2718 μεθ’
1733 2657 1787 2708 οὗ
1824 2661 1890 2727 τῷ

320 2739 427 2804 Θεῷ
450 2739 525 2787 καὶ
553 2740 706 2804 Πατρι
732 2738 760 2802 ἡ
790 2739 907 2807 δόξα
933 2761 1025 2788 συν
1049 2738 1196 2807 Αγιω
1224 2737 1461 2802 Πνεύματι
1491 2742 1551 2791 εἷς
1582 2760 1689 2792 τους
1721 2743 1887 2793 αἰῶνας

319 2821 413 2866 τῶν
445 2818 634 2871 αἰώνων.
692 2819 859 2884 Αμήν.

367 2946 399 2975 4.
426 2937 485 2968 τοῦ
503 2942 580 2979 post
597 2936 755 2980 ποτήριον
772 2937 851 2971 add.
871 2936 962 2971 Edd.
1171 2948 1222 2971 11.
1249 2952 1302 2970 και
1320 2938 1527 2979 κατεπάτησε
1546 2949 1608 2982 pro
1626 2939 1832 2981 κατεπάτησε
1851 2939 1887 2973 δέ

320 2981 374 3013 καὶ
394 2980 439 3014 D.
594 2986 715 3030 12.τῴ
733 2982 843 3029 ἷοῦδα]
863 2986 908 3030 τῷ
926 2986 997 3030 λαῷ
1015 2983 1121 3018 Ἰούδα
1141 2983 1186 3018 D.
1342 2995 1394 3027 15.
1421 2998 1555 3029 κεντρον
1577 2984 1619 3018 D.
1639 2984 1776 3030 κέντρου
1794 2985 1885 3020 Edd.

324 3027 374 3060 18.
401 3029 460 3061 τοῦ
477 3028 572 3072 prius
593 3037 813 3074 assumptum
830 3042 871 3064 ex
890 3031 937 3064 D.
1218 3041 1272 3065 20.
1298 3030 1431 3075 μέτροις
1448 3031 1526 3074 (sic)
1547 3030 1636 3065 Edd.
1655 3038 1734 3065 ante
1752 3031 1885 3077 Migne.

322 3084 376 3106 22.
404 3075 456 3106 καὶ
473 3075 529 3108 alt.
550 3087 585 3107 {st
590 3082 768 3118 sumptum
787 3088 826 3109 ex
848 3076 887 3110 B.
894 3077 939 3110 D.
1177 3078 1352 3122 ,χείρονος
1367 3076 1455 3112 Edd.
1656 3089 1711 3121 30.
1739 3081 1814 3124 Θεῷ
1833 3079 1884 3112 καὶ

321 3132 390 3153 om.
411 3120 455 3154 D.
646 3133 701 3166 31.
727 3126 791 3156 τῶν
808 3122 932 3157 αἰώνων
948 3135 1015 3157 om.
1039 3124 1082 3157 D.

1911 1123 2004 1148 10·

1999 1238 2003 1301 ἱ

1998 1319 2002 1398 ;

1996 1425 2000 1486 ἔ

1910 1492 2000 1581 15}

1995 1586 1998 1656 ἔ

1993 1685 1998 1744 f

1993 1765 1996 1791 Ι

1910 1914 1995 1977 2οὲ

1989 2022 1993 2035 1

1990 2051 1992 2070 Ι

1990 2088 1991 2097 η

1989 2103 1993 2110 .

1986 2229 1990 2254 1

1985 2268 1989 2312 ἑ

1985 2316 1988 2335 ι

1984 2342 1988 2360 s

1909 2355 1992 2393 25v

1981 2461 1988 2606 ἒ

1978 2608 1987 2773 ἕ

1908 2759 1986 2805 30·
