2021 3434
261 206 345 246 332
652 205 701 245 B.
744 202 1021 245 CYRILLI
1061 198 1444 242 ALEXANDR.
1602 199 1643 238 ii.
1670 208 1737 251 25,
1762 198 1827 237 26.

259 317 559 364 συντελοῦσα
591 311 710 378 πρὸς
747 313 991 362 τελείωσιν
1029 315 1123 364 τοῖς
1161 307 1522 373 δεδικαιωμένοις
1554 310 1601 359 ἐν
1632 310 1831 376 Χριστῷ

259 394 335 447 διὰ
360 399 442 446 τοῦ
466 395 601 460 ἁγίου
627 394 974 458 βαπτίσματος.

40 533 123 566 225
139 531 187 566 A.
219 542 241 565 a

45 2236 75 2267 S.
91 2236 193 2286 joan.

43 2290 108 2310 xm.
130 2290 179 2320 33.

45 2335 76 2365 S.
97 2335 178 2367 Luc.

44 2389 76 2410 x.
96 2387 144 2421 19.

193 785 240 820 26

195 618 241 656 25
263 612 338 653 Καὶ
363 608 662 652 ἀνταποδώσω
695 606 788 658 ὑμῖν
821 608 913 650 ἀντὶ
937 608 1022 650 τῶν
1054 608 1162 649 ὲτών
1195 606 1255 649 ὧν
1293 609 1527 663 κατέφαῑεν
1560 607 1583 647 ἡ
1617 604 1737 661 ἀκρίς
1768 604 1835 645 καὶ

326 696 349 736 ὁ
376 698 551 751 βροῡχοε
579 693 646 734 καὶ
674 693 696 734 ἡ
723 692 893 750 ἑρυσίβΗ
926 693 994 733 καὶ
1025 692 1047 733 ἡ
1082 693 1238 742 κάμΠΗ,
1266 692 1288 732 ἡ
1317 690 1491 739 δύναμίς
1517 705 1595 739 μου
1623 690 1646 730 ἡ
1674 689 1834 737 μεΓάλΗ

328 863 546 912 σθήσεσθε,
583 861 651 901 καί
689 858 878 902 aiv-{sem
915 859 962 902 τὸ
1000 858 1134 907 ὄνομα
1175 857 1323 915 Κυρίου
1364 862 1437 899 τοῦ
1473 857 1582 898 Θεοῦ
1621 857 1751 907 ὑμῶν,
1787 857 1835 898 ὃς

326 945 524 987 &nome-v
551 944 634 994 μεθ’
667 944 783 993 ὑμῶν
811 944 1036 992 Θαυμάσια.

325 1059 486 1113 ’Όσον
518 1061 602 1124 μὲν
639 1062 719 1112 οὖν
751 1061 859 1126 ἤκεν
898 1060 959 1114 ε’ίς
997 1083 1050 1126 γε
1085 1059 1167 1111 τὸν
1204 1063 1302 1113 ταῖς
1343 1058 1566 1125 ἱστορίαις
1598 1056 1838 1124 πρέποντα

261 1143 421 1210 λόγον,
440 1149 540 1198 ταῖς
563 1143 922 1210 προλαβούσαις
948 1146 1030 1206 τῆς
1055 1139 1227 1212 ἀκρίδας
1253 1143 1477 1204 ἐμβολαῖς
1501 1139 1586 1204 τὴν
1611 1142 1837 1203 ἰσοσθενῆ

261 1228 337 1277 καὶ
364 1230 703 1293 ἶσομοιροῦσαν
729 1225 930 1277 εἰσάπαν
951 1226 1243 1292 ὑπισχνεῖται
1271 1224 1557 1292 φιλοτιμίαν,
1577 1225 1652 1274 καὶ
1678 1226 1760 1286 τῆς
1783 1221 1837 1273 τὸ
1861 1243 1907 1267 10

217 1307 474 1373 brnvcxci&
509 1307 767 1373 συμβάσης
802 1309 954 1361 αὐτοῖς
992 1308 1139 1360 αἰκίας
1177 1305 1420 1372 εὐρυτέραν
1459 1306 1609 1373 φησὶν
1643 1305 1838 1356 ε”σεσθαι

261 1391 346 1456 τὴν
369 1395 464 1442 τῶν
488 1391 723 1454 ἐδωδίμων
747 1389 1027 1457 παράθεσιν.

337 1477 395 1524 Εἰ
434 1473 482 1524 δὲ
523 1472 579 1538 δὴ
620 1477 770 1524 νοοῖτο
811 1476 1130 1535 πνευματικῶς
1175 1473 1256 1535 τῆς
1299 1471 1583 1540 προφητείας
1618 1472 1642 1521 ὁ
1677 1470 1836 1537 λόγος,

262 1555 433 1624 φαμὲν,
471 1555 540 1606 ὅτι
578 1553 934 1619 κατεδηδοκότος
968 1554 1088 1618 ἡμᾶς
1126 1551 1289 1619 ὥσπερ
1327 1559 1408 1604 τοῦ
1447 1557 1645 1615 σατανᾶ,
1670 1555 1744 1605 καὶ
1778 1554 1840 1607 ὡς

261 1640 309 1688 ἐν
359 1637 488 1706 τάξει
533 1637 723 1706 κοίμπης
774 1659 823 1687 τε
868 1638 943 1687 καὶ
981 1633 1156 1702 ἀκρίδας
1202 1637 1277 1686 καὶ
1325 1635 1482 1699 με’ντοι
1525 1637 1600 1686 καὶ
1641 1635 1838 1702 ἐρυσίβης
1861 1656 1907 1694 15

260 1718 652 1789 κατεφθαρκότων
686 1719 740 1770 οὐ
779 1722 996 1788 φορητῶς
1033 1722 1127 1769 τῶν
1165 1718 1418 1783 ἀλιτηρίων
1452 1716 1727 1780 πνευμάτων
1765 1720 1839 1769 ἐπὶ

259 1801 564 1868 πολυτρόπου
601 1806 766 1853 παθῶν
805 1800 936 1864 ἰδεάς,
971 1801 1105 1870 ξηροὶ
1144 1803 1217 1851 καὶ
1262 1800 1462 1865 ἄκαρποι
1506 1799 1837 1864 μεμενήκαμεν,

260 1885 426 1950 γυμνοὶ
466 1886 539 1935 καὶ
581 1883 865 1953 ἐψιλωμένοι
903 1882 1079 1937 παντὸς
1113 1884 1307 1949 ἀγαθοῦ,
1342 1883 1424 1933 οὐκ
1462 1881 1626 1946 ἠθικὴν
1658 1882 1840 1950 ἔχοντες

262 1971 324 2022 εἰς
351 1972 459 2019 νοῦν
484 1966 667 2034 ἀρετὴν,
694 1968 747 2017 οὐ
774 1969 1033 2034 δογματικῇ
1066 1965 1235 2034 θεωρίᾳ
1265 1966 1691 2029 καταλαμπόμενοι,
1717 1969 1841 2035 λιμῷ

226 2074 247 2100 e
264 2050 312 2101 δὲ
342 2048 504 2117 ὥσπερ
538 2049 921 2116 κατεφθαρμένοι,
948 2051 1023 2099 καὶ
1055 2048 1351 2117 ἁπαξαπλῶς
1377 2046 1566 2111 ἁπάσης
1593 2049 1841 2113 εὐκαρπίας
1861 2073 1910 2098 20

262 2131 571 2199 ἐστερημένοι.
635 2131 788 2196 ἐπειδὴ
830 2131 878 2182 δὲ
921 2130 1312 2194 πεπλουτήκαμεν
1354 2129 1484 2197 παρὰ
1529 2133 1745 2196 Χριστοῦ
1787 2128 1841 2180 τὸ

261 2218 428 2284 χρῆναι
470 2219 677 2281 θαρσεῖν·
739 2212 1036 2278 νενικήκαμεν
1079 2211 1173 2278 γὰρ
1214 2213 1305 2263 σῦν
1345 2213 1470 2282 αὐτῷ
1519 2210 1602 2263 τὸν
1645 2211 1840 2276 κόσμον,

323 2299 337 2316 Χ

263 2320 339 2348 και
381 2297 639 2348 ίίΔέδωκεν
678 2297 788 2360 ἡμῖν
827 2300 990 2347 πατεῖν
1036 2294 1190 2346 ἐπάνω
1231 2293 1386 2364 ὄφεων
1428 2296 1501 2345 καὶ
1552 2295 1839 2360 σκορπίων·”

263 2378 366 2431 τότε
398 2378 454 2444 δὴ
484 2380 588 2431 τότε
626 2381 701 2431 καὶ
735 2377 891 2432 ὑετοὺς
917 2378 1182 2446 ἐσχήκαμεν
1208 2376 1314 2431 τοὺς
1338 2375 1673 2440 πνευματικοῦς
1697 2376 1842 2443 πρώϊ-

313 2548 341 2571 1.
369 2535 608 2580 δικαιουμένοις
626 2534 717 2570 Edd.
915 2546 948 2577 4.
975 2533 1118 2578 ἐρυσίβη
1137 2539 1170 2566 et
1188 2533 1298 2576 κάμπη
1316 2533 1404 2566 inter
1421 2544 1457 2566 se
1473 2538 1605 2576 transp.
1625 2531 1717 2566 Edd.
1736 2531 1842 2577 (Co.)

264 2594 297 2626 5.
324 2583 386 2629 εἷς]
414 2583 468 2629 ἐφ’
498 2583 533 2617 F.
560 2583 679 2628 (Alex.
704 2581 778 2616 XII
804 2593 911 2615 manu
934 2580 1078 2625 prima.)
1125 2582 1256 2625 βρώσει
1281 2591 1344 2624 pro
1371 2579 1541 2615 ἐσθίοντες
1567 2579 1604 2613 F.
1629 2579 1720 2613 Edd.
1745 2578 1842 2622 (Co.)

264 2631 297 2665 8.
316 2630 373 2665 οὖν
389 2637 610 2675 assumptum
627 2641 668 2663 ex
688 2629 729 2663 B.
781 2628 906 2662 Statim
923 2628 993 2672 ἥκει
1012 2626 1102 2661 Edd.
1120 2627 1237 2660 invitis
1257 2626 1296 2660 B.
1311 2626 1346 2661 b.
1394 2641 1433 2671 γε
1451 2633 1672 2671 assumptum
1690 2638 1731 2660 ex
1752 2625 1793 2659 B.
1806 2625 1841 2660 b.

265 2679 336 2713 ταῖς
353 2676 517 2721 ἱστορίαις
533 2676 704 2722 πρέποντα
724 2675 811 2710 B.b.
830 2676 888 2719 τῆς
906 2674 1058 2719 ἱστορίας
1075 2673 1167 2708 Edd.
1404 2685 1436 2719 9.
1463 2673 1621 2714 ἐκβολαῖς
1635 2673 1695 2707 iid.
1714 2684 1842 2717 repug-

265 2724 430 2758 nantibus
449 2724 491 2758 B.
505 2724 541 2758 b.
684 2734 736 2757 10.
764 2723 994 2766 ἷσομεροῦσαν
1011 2720 1103 2755 Edd.
1152 2721 1212 2764 ἤδη
1231 2732 1293 2765 pro
1310 2721 1348 2754 τὸ
1365 2720 1517 2764 τηνικάδε
1534 2719 1593 2754 iid.
1612 2719 1730 2754 invitis
1750 2719 1791 2753 Β.
1806 2719 1841 2753 b.

270 2781 322 2804 11.
349 2771 459 2806 αὐτοῖς
483 2771 588 2806 αἷκίας
615 2770 657 2804 Β.
676 2770 789 2805 αὐτοῖς
813 2769 939 2804 ἐνδείας
963 2768 997 2802 b.
1023 2768 1148 2802 ἐνδείας
1172 2768 1286 2802 αὐτοῖς
1311 2766 1402 2801 Edd.
1463 2767 1573 2811 φησὶν
1596 2773 1675 2811 post
1700 2766 1842 2800 ἔσεσθαι

266 2822 398 2861 transp.
417 2817 452 2851 b.
779 2827 833 2861 13.
857 2816 1079 2858 πνευματικὸς
1096 2813 1188 2848 Edd.
1205 2813 1481 2859 repugnantibus
1501 2814 1543 2848 B.
1555 2813 1589 2848 b.
1641 2813 1766 2847 Statim
1784 2814 1842 2855 τῆς

266 2864 473 2907 προφητείας
490 2869 569 2909 post
586 2865 604 2897 ὁ
621 2865 725 2909 λόγος
742 2868 874 2907 transp.
893 2861 986 2896 Edd.
1004 2861 1120 2895 invitis
1141 2861 1182 2896 B.
1197 2861 1231 2895 b.
1563 2859 1617 2894 16.
1643 2859 1714 2905 ἐπὶ]
1734 2860 1789 2894 διὰ
1805 2859 1839 2892 b.

270 2910 323 2942 18.
349 2911 467 2954 γυμνοὶ
485 2918 517 2944 et
534 2911 742 2955 ἐψιλώμενοι
760 2910 849 2943 inter
867 2921 903 2943 Se
920 2915 1052 2953 transp.
1070 2908 1162 2942 Edd.
1355 2918 1407 2953 19.
1436 2907 1533 2942 Haec
1550 2907 1589 2940 οὗ
1607 2907 1788 2952 δογματικῇ
1807 2905 1839 2938 θ.

267 2958 556 2999 καταλαμπόμενοι
573 2963 793 2992 accesserunt
809 2968 851 2990 ex
870 2956 912 2990 B.
1143 2966 1197 2989 20.
1219 2954 1427 2998 ἁπαξαπλῶς
1443 2953 1576 2998 ἁπάσης
1596 2953 1637 2987 Β.
1655 2953 1787 2994 ἁπάσης
1805 2951 1838 2985 b.

266 3003 377 3045 πάσης
393 3003 565 3045 ἁπαξαπλ.
586 3003 674 3037 Edd.
796 3013 850 3037 21.
878 3004 1015 3048 Χριστῷ
1034 3002 1068 3036 b.
1192 3013 1246 3044 24.
1272 3002 1348 3035 τότε
1365 3001 1422 3035 alt.
1442 3006 1662 3045 assumptum
1680 3011 1720 3033 ex
1743 2998 1781 3033 Β.

328 779 377 819 {iv
416 779 696 820 ἐξαπέστειλοι
733 774 792 818 εἰς
830 777 949 827 ὑμᾶς,
987 775 1054 816 καὶ
1097 777 1282 831 φάΓεῡθε
1321 773 1532 817 ἐσθίοντες
1571 774 1637 814 καὶ
1672 773 1832 821 ὲμΠλΗ-
1856 778 1877 817 5
