2021 3434
497 797 607 836 ΤΟΥ
647 795 827 834 ΑΎΤΟΤ
866 795 954 832 ΕΙΣ
994 793 1106 832 TON
1149 793 1333 832 ATTON
1374 792 1684 831 ΠΡΟΦΗΤΗΝ

642 983 959 1037 ΤΟΜΟΣ
1027 981 1527 1034 ΔΕΥΤΕΡΟΣ.

243 1207 288 1243 18
311 1204 385 1246 Καὶ
415 1203 599 1262 ἐζήλωσε
628 1203 775 1261 Κύριος
802 1202 878 1245 τήν
916 1207 989 1251 Γῐ-ὶν
1026 1202 1163 1253 αὐτοῦ,
1191 1204 1258 1243 καὶ
1284 1200 1488 1257 ἐφείσατο
1514 1202 1586 1242 τοῦ
1610 1202 1714 1241 λαοῦ
1738 1199 1878 1241 αὐτοῦ.

243 1303 288 1338 19
375 1288 443 1328 καὶ
478 1286 685 1344 ἀπεκρίθΗ
727 1286 873 1343 Κύριος
911 1287 980 1328 καὶ
1016 1281 1109 1327 εἶπε
1140 1287 1200 1339 τῷ
1237 1286 1330 1339 λαῷ
1362 1283 1621 1325 αὐτοῦἸὸοὺ
1653 1283 1736 1331 ὲΓὼ
1772 1283 1878 1324 ἀπο-

374 1371 538 1411 στέλλω
564 1367 656 1418 ὑμῖν
682 1369 755 1412 τὸν
782 1367 895 1412 σῖτον
923 1369 991 1410 καὶ
1025 1369 1098 1411 τὸν
1132 1364 1246 1410 οἶνον
1275 1368 1343 1409 καὶ
1367 1368 1415 1410 τὸ
1439 1368 1597 1418 ἔλαιον,
1625 1367 1692 1408 καὶ
1717 1367 1878 1415 ὲμΠλΗ-
1897 1374 1921 1413 5

377 1453 582 1494 σθήσεσθε
619 1452 773 1502 αὐτῶν,
801 1453 869 1493 καὶ
906 1452 953 1493 οὐ
991 1450 1120 1493 δώσω
1146 1452 1252 1500 ὑμᾶς
1278 1451 1353 1492 οὐκ
1382 1451 1443 1492 ἔτι
1476 1448 1536 1491 εἷς
1569 1448 1807 1498 ὀνειδισμὸν
1832 1448 1877 1490 ἐν

245 1554 294 1579 20
377 1532 465 1577 τοῖς
491 1536 667 1587 ἔθνεσιν,
695 1536 763 1576 καὶ
787 1535 860 1577 τὸν
887 1535 971 1577 ἀπὸ
999 1535 1126 1593 βοῤῥᾶ
1152 1532 1348 1578 &umbem
1373 1533 1441 1589 ἀφ’
1473 1533 1605 1582 ὑμῶν.

374 1665 544 1734 ”Αθρει
578 1667 635 1732 δὴ
667 1666 893 1735 τρέχοντα
925 1665 1044 1718 κατὰ
1080 1664 1228 1720 πόδας
1265 1664 1348 1718 τὸν
1380 1665 1525 1720 ἔλεον.
1589 1664 1757 1735 φθάνει
1788 1664 1882 1733 γὰρ

267 1759 294 1800 d
311 1746 436 1812 οἶμαι
462 1747 515 1800 τὸ
545 1749 712 1803 πένθος
749 1750 777 1813 ἡ
802 1748 1081 1816 γαληνότης,
1108 1750 1184 1800 καὶ
1217 1747 1271 1800 τὸ
1309 1750 1383 1800 ἐπὶ
1415 1753 1515 1802 ταῖς
1553 1747 1884 1814 μεταγνώσεσι

310 1833 511 1899 δάκρυον
545 1834 573 1898 ἡ
610 1839 692 1885 τοῦ
726 1834 1119 1901 κατοικτείραντος
1155 1831 1300 1901 χάρις.
1366 1833 1419 1883 οὐ
1455 1831 1548 1900 γὰρ
1582 1832 1725 1897 μόνον
1759 1832 1884 1897 ἠλέει
1905 1856 1954 1882 10

309 1914 417 1970 τοὺς
457 1913 757 1983 πεπραχότας
801 1916 989 1977 ἀθλίως,
1034 1915 1171 1982 ζηλοῖ
1207 1914 1255 1965 δὲ
1297 1919 1487 1979 μᾶλλον
1525 1916 1600 1966 καὶ
1637 1913 1882 1979 ἐπεμήνισε

309 2002 405 2051 τοῖς
442 1997 776 2061 λελυπηκόσιν,
815 1996 858 2048 οἳ
895 1999 970 2049 καὶ
1007 1999 1089 2061 τῆς
1128 1996 1486 2062 ἐπενηνεγμένης
1524 1997 1677 2050 αὐτοῖς
1714 1995 1882 2048 ἀθλιό-

311 2102 449 2144 τητος
485 2077 738 2146 γεγόνασιν
777 2079 1013 2144 ὑπουργοί.
1081 2077 1354 2143 ἐπισκήπτει
1388 2078 1442 2129 δέ
1468 2101 1561 2130 που
1591 2083 1686 2133 τοῖς
1719 2082 1880 2140 Βαβυ-

312 2161 497 2216 λωνίοις
531 2162 556 2211 ὁ
585 2165 678 2213 τῶν
716 2160 842 2212 ὅλων
867 2160 1000 2223 Θεὸς,
1029 2163 1091 2215 ὡς
1124 2161 1442 2227 ἀπηνέστερον
1471 2161 1589 2227 ἤπερ
1619 2162 1760 2229 ἐχρῆν
1790 2165 1886 2215 τοῖς

94 2254 251 2330 {Is-xlvii·
314 2241 404 2294 ὑπὸ
429 2243 555 2294 θείαν
579 2242 723 2309 ὀργὴν
747 2243 1130 2309 ἐπενηνεγμένοις.
1182 2243 1273 2311 ἔφη
1298 2241 1389 2309 γὰρ
1416 2242 1487 2293 ὅτι
1513 2250 1539 2272 “
1554 2241 1683 2309 Ἐγὼ
1710 2242 1886 2295 δέδωκα
1907 2255 1954 2294 15

120 2324 127 2331 ’
314 2332 341 2355 “
366 2324 530 2379 αὐτοὺς
555 2329 618 2380 εἷς
643 2324 726 2379 τὰς
751 2324 905 2393 χεῖράς
930 2348 1036 2388 σου,
1062 2323 1125 2376 σὺ
1153 2324 1200 2375 δὲ
1225 2325 1309 2375 οὐκ
1334 2324 1506 2378 ἔδωκας
1533 2326 1687 2380 αὐτοῖς
1712 2325 1884 2379 ἕλεος·”

97 2413 194 2497 22²5}
210 2425 246 2497 1¹5
276 2409 390 2458 θκαὶ
420 2406 513 2472 μὴν
548 2409 623 2458 καὶ
656 2406 774 2474 πρὸς
807 2406 890 2458 τὸν
922 2405 1149 2474 μακάριον
1173 2406 1422 2475 προφήτην
1450 2408 1690 2475 Ζαχαρίαν
1713 2414 1740 2437 “
1760 2407 1888 2459 Τάδε

184 2483 192 2497 '
251 2481 258 2489 ’
315 2496 342 2518 “
368 2490 492 2555 λέγει
532 2488 705 2556 Κύριος
742 2488 988 2556 Ἐζήλωκα
1035 2487 1121 2553 τὴν
1158 2487 1473 2556 Ἰερουσαλὴμ
1522 2491 1597 2540 καὶ
1640 2488 1726 2554 τὴν
1764 2489 1888 2541 Σιὼν

314 2578 342 2600 “
368 2571 517 2638 ζῆλον
559 2571 722 2637 μέγαν,
768 2573 844 2623 καὶ
889 2574 1020 2643 θυμῷ
1058 2569 1253 2641 μεγάλῳ
1297 2569 1389 2637 ἐγὼ
1434 2570 1673 2638 ὀργίζομαι
1714 2572 1788 2623 ἐπὶ
1828 2569 1889 2623 τὰ

367 2742 396 2772 Ι,
410 2743 441 2767 2.
469 2731 526 2766 Sic
541 2732 583 2767 B.
598 2733 644 2768 εἷς
660 2734 718 2767 τὸν
733 2732 912 2779 προφήτην
927 2733 1026 2779 Ἰωὴλ
1043 2736 1145 2779 τόμος
1160 2734 1207 2776 β’.
1227 2735 1274 2770 D.
1380 2747 1414 2781 3.
1440 2734 1626 2782 ἐζήλωσεν]
1647 2740 1684 2776 -Ι-
1699 2738 1717 2770 ὁ
1735 2736 1773 2771 F.
1791 2736 1887 2771 Aub-

319 2789 352 2819 4.
377 2778 555 2824 ἀπεκρίθη]
576 2784 612 2820 -ὗ-
628 2781 646 2814 ὁ
672 2779 763 2832 Edd.
812 2781 993 2816 ἀποστελῶ
1011 2781 1048 2816 F.
1061 2782 1328 2827 (ἐξαποστέλλω
1342 2782 1433 2816 A.V.
1447 2782 1487 2827 N)
1499 2783 1719 2826 ἐξαποστελῶ
1738 2784 1808 2828 (23.
1826 2784 1887 2827 al.)

322 2824 366 2857 cf.
388 2825 494 2876 ¹Hom.
515 2826 639 2860 Pasch.
658 2838 702 2860 v1.
722 2827 765 2870 89
784 2826 818 2861 d.
1029 2840 1062 2875 9.
1088 2828 1107 2872 ἡ
1125 2840 1194 2863 om.
1215 2829 1257 2864 B.
1462 2841 1514 2865 10.
1541 2832 1601 2864 τοῦ
1618 2844 1688 2864 κατ.
1707 2831 1804 2876 χάρις
1820 2830 1886 2863 hoc

319 2870 441 2904 ordine
460 2872 501 2906 B.
551 2871 658 2919 ἠλέει]
678 2873 766 2908 ἐλεεῖ
783 2873 876 2924 Edd.
1082 2886 1135 2910 ΙΙ.
1161 2876 1214 2910 καὶ
1231 2875 1410 2920 ἐπεμήνισε
1429 2876 1470 2910 Β.
1489 2877 1533 2912 ὡς
1549 2877 1602 2911 καὶ
1619 2877 1810 2922 ἐπιμηνίσαι
1826 2875 1886 2911 iid.

324 2927 376 2960 13.
402 2932 467 2951 που
484 2930 553 2953 om.
574 2919 616 2953 B.
858 2933 911 2964 14.
937 2936 1007 2957 πως
1023 2921 1042 2966 ἢ
1059 2923 1125 2968 χρὴ
1143 2934 1206 2967 pro
1225 2925 1308 2967 ἥπερ
1327 2923 1429 2968 ἐχρῆν
1445 2923 1504 2957 iid.
1742 2932 1794 2968 15.
1821 2922 1887 2967 ἐγὼ

320 2970 539 3021 ειεξειιῐηρῑρῐῃ
557 2977 598 2999 ex
618 2966 660 3000 B.
806 2967 858 3002 16.
884 2967 998 3014 ἕλεος]
1017 2969 1132 3004 ἔλαιον
1149 2970 1227 3013 (sic)
1247 2969 1338 3004 Edd.
1357 2976 1436 3003 ante
1454 2969 1588 3014 Migne.
1711 2978 1763 3014 17.
1790 2969 1887 3004 Haec

320 3022 378 3044 τον
393 3024 552 3054 μακαριον
567 3011 745 3057 προφήτην
761 3021 941 3060 assumpta
957 3027 999 3049 ex
1017 3015 1059 3051 Β.
1252 3017 1304 3050 18.
1331 3015 1484 3059 ἐζήλωσα
1502 3016 1593 3051 Edd.
