2021 3434
325 170 411 210 600
727 174 777 214 B.
821 173 1095 216 CYRILLI
1135 176 1512 218 ALEXANDR.

322 286 486 334 παθεῖν
524 286 671 339 αἰτίας
706 292 806 341 ταῖς
839 289 970 341 ἰδίαις
1005 287 1248 356 ἀνάψουσι
1286 288 1507 353 γνώμαις.
1570 287 1679 338 εἰδὲ
1715 285 1772 350 δὴ
1804 290 1899 336 τῶν

323 366 475 415 αὐτῶν
513 367 693 433 ἕχοιντο
731 371 1030 434 διηγημάτων
1063 375 1157 421 τῶν
1192 371 1337 436 ἁγίων
1369 374 1629 437 προφητῶν
1668 372 1709 419 οἱ
1748 368 1898 434 λόγοι,

322 445 550 498 αἰτιάσθω
587 451 759 513 μηδεὶς,
792 451 1105 520 ταυτολογίαν
1141 451 1430 519 ἐπιφημίζων
1467 451 1633 512 αὐτοῖς,
1673 450 1897 516 ἀναλογι-

99 537 182 571 391
202 536 251 571 A·
282 526 472 593 ἃζέσθω
497 528 757 594 δὲμᾶλλον
791 533 934 583 ἐκεῖνο
965 537 1150 602 σαφῶς·
1189 534 1351 585 οὐδένα
1388 531 1481 598 γὰρ
1519 534 1659 600 ἐχρῆν
1697 533 1899 599 ὀφθῆναι

321 611 494 677 καιρὸν,
541 615 647 665 καθ’
695 614 749 667 ὃν
781 615 875 667 ὀὐκ
925 616 1052 681 ἦσαν
1095 621 1137 668 οἱ
1184 620 1470 683 ἐπανορθοῦν
1510 617 1751 684 ἰσχύοντες
1793 615 1944 676 τοὺς5

321 695 659 760 ἡμαρτηκότας.
723 700 799 749 καὶ
824 697 986 766 ὥσπερ
1012 700 1094 750 οὐκ
1132 698 1189 750 ἂν
1223 699 1485 751 αἰτιάσαιτό
1516 722 1598 761 τις,
1630 698 1671 749 εἴ
1699 721 1754 764 γε
1792 704 1901 749 νοῦν

321 776 430 843 ἔχοι,
458 777 511 827 τὸ
550 778 669 830 κατὰ
702 780 857 831 πάντα
894 780 1055 848 καιρὸν
1089 781 1311 850 ὑπάρχειν
1338 780 1533 848 ἰατροὺς,
1560 780 1667 835 τοὺς
1695 779 1755 830 τὰ
1785 780 1902 831 αὐτὰ

321 862 416 908 τῶν
465 861 512 910 ἐν
563 860 672 924 ἡμῖν
719 867 886 913 παθῶν
935 869 1034 918 ταῖς
1084 865 1238 917 αὐτοῖς
1287 862 1578 930 πρεπούσαις
1627 862 1902 929 ἐπικουρίαις

322 941 727 1009 οἷνασειράζοντας,
749 946 894 999 οὕτως
920 947 1003 996 οὐκ
1028 945 1099 1009 ἂν,
1126 943 1266 1009 οἶμαί,
1292 969 1361 999 τις
1387 944 1595 1009 εὐλόγως
1618 945 1902 1009 ἐπιτιμήσειε

321 1027 417 1078 τοῖς
443 1025 591 1089 ἁγίοις
615 1026 894 1096 προφήταις,
917 1031 953 1078 εἰ
980 1031 1055 1078 καὶ
1081 1027 1156 1079 διὰ
1180 1033 1274 1079 τῶν
1301 1029 1454 1078 αὐτῶν
1483 1026 1628 1081 ἰόντες
1662 1027 1901 1096 φαίνοιντο
1924 1055 1973 1081 10
2015 1045 2018 1047 ’

321 1108 613 1172 πραγμάτων
638 1132 687 1160 τε
713 1112 788 1160 καὶ
815 1108 988 1175 λόγων.
1039 1110 1101 1165 εἷς
1127 1109 1220 1176 γὰρ
1243 1109 1299 1175 ἧν
1327 1110 1497 1176 Κύριος
1523 1110 1548 1159 ὁ
1573 1114 1696 1161 πᾶσι
1722 1114 1900 1172 λαλῶν,

277 1191 396 1239 bna}
434 1194 527 1244 τοῖς
570 1191 892 1254 πλανωμένοις
936 1192 1202 1246 ἁναδεικνὺς
1246 1191 1364 1243 κατὰ
1406 1191 1562 1243 πάντα
1599 1190 1759 1258 καιρὸν
1795 1190 1902 1245 τοὺς

321 1271 616 1338 ἀποκομίζειν
641 1273 818 1328 εἰδότας
853 1279 914 1328 εἰς
944 1276 1122 1326 εὐθεῖαν
1147 1274 1309 1341 ὥσπερ
1340 1274 1462 1325 ὁδόν.
1529 1273 1902 1340 προαγορεύουσι

320 1352 413 1420 γὰρ
458 1352 661 1409 ἅπαντες
711 1355 817 1410 τοὺς
867 1356 1114 1420 πολέμους,
1159 1357 1243 1411 τὰς
1295 1357 1639 1424 αἰχμαλωσίας,
1682 1355 1767 1420 τὴν
1807 1360 1903 1406 τῶν

318 1435 506 1487 πόλεων
543 1437 799 1502 ἐρήμωσιν,
847 1437 954 1492 τοὺς
1003 1439 1186 1502 πόνους,
1227 1438 1287 1489 τὰ
1333 1439 1495 1502 πένθη,
1539 1438 1645 1492 τοὺς
1689 1439 1762 1489 ἐπὶ
1806 1442 1901 1491 τοῖς
1924 1461 1970 1501 15

319 1522 572 1569 τεθνεῶσιν
614 1520 855 1586 ὀδυρμοὺς,
897 1520 981 1575 τὰς
1031 1526 1126 1571 τῶν
1173 1521 1614 1587 παραλελημμένων
1662 1527 1902 1572 ταλαιπω-

318 1600 434 1666 ρίας,
478 1599 565 1665 τὴν
606 1606 700 1652 τῶν
742 1602 1046 1669 πορθούντων
1085 1603 1319 1666 ὠμότητα·
1372 1605 1447 1653 καὶ
1489 1603 1787 1671 ἁπαξαπλῶς
1827 1601 1904 1653 διὰ

319 1681 479 1748 πάσης
514 1684 669 1738 αὐτοῖς
706 1684 982 1750 ἀγριότητος
1017 1685 1316 1754 κεχωρηκότα
1349 1685 1409 1736 τὰ
1439 1684 1704 1750 διηγήματα
1728 1685 1904 1736 κατίδοι

320 1788 389 1818 τις
430 1764 501 1828 ἂν,
537 1767 617 1817 διοί
648 1790 702 1832 γε
739 1766 792 1818 τὸ
833 1773 929 1821 τοῖς
971 1769 1294 1830 πλανωμένοις
1331 1772 1394 1821 εἰς
1431 1767 1596 1831 ὄνησιν
1634 1769 1899 1833 ἀναγκαῖον.
1984 1830 1985 1834 ¹

322 1846 632 1899 ἀνακόπτεται
671 1848 764 1915 γὰρ
816 1850 921 1901 ἔσθ’
970 1850 1046 1901 ὅτε
1095 1855 1191 1904 τοῖς
1235 1851 1422 1914 δείμασι
1464 1852 1539 1901 καὶ
1587 1849 1640 1901 τὸ
1692 1851 1902 1919 ἀσχέτως
1923 1875 2021 1906 202

284 1933 579 1987 οέκνενευκὸς
616 1938 679 1988 εἰς
717 1933 988 1986 ἀπόστασίν
1025 1958 1075 1986 τε
1113 1937 1188 1986 καὶ
1227 1936 1471 2002 ἁμαρτίαν.

398 2016 693 2085 Προφήτεύει
736 2018 891 2068 τοίνυν
935 2020 1009 2068 καὶ
1053 2019 1078 2068 ὁ
1120 2017 1343 2083 μακάριος
1386 2018 1596 2085 Μιχαίας
1641 2018 1690 2068 ἐν
1732 2022 1905 2085 καιροῖς
1946 2067 1954 2090 ἒ

321 2100 571 2157 βασιλείας
621 2105 704 2149 τοῦ
753 2122 802 2150 τε
844 2098 1052 2162 Ἰωάθαμ
1101 2101 1177 2150 καὶ
1215 2098 1378 2167 Ἀχὰζ
1414 2103 1490 2150 καὶ
1532 2100 1750 2166 Ἐζεκίου.
1829 2102 1904 2152 καὶ

321 2181 661 2242 βασιλεύοντος
693 2179 777 2244 μὲν
807 2180 1015 2245 Ἰωάθαμ
1054 2182 1446 2247 κατεστρατεύετο
1483 2185 1566 2246 τῆς
1590 2182 1904 2248 Ἰερουσαλὴμ

101 2275 121 2302 4
139 2263 224 2301 Reg.

100 2317 144 2337 xv
175 2314 214 2347 37
324 2264 349 2314 ὁ
391 2269 474 2314 τοῦ
517 2263 767 2327 Ῥομελίου
811 2263 972 2326 Φακεὲ,
1023 2265 1098 2314 καὶ
1138 2262 1400 2315 Ῥαασσὼν
1439 2261 1668 2326 βασιλεὺς
1718 2265 1900 2330 Συρίας·
1920 2279 1981 2320 ²5

373 2433 402 2458 1.
419 2423 594 2468 ἆνάψουσι
605 2429 686 2469 post
697 2425 843 2468 γνώμαις
856 2429 989 2469 transp.
1002 2424 1049 2458 D.
1099 2423 1140 2458 δι’
1154 2424 1263 2459 αὐτῶν
1275 2425 1429 2469 ἕρχοιντο
1443 2436 1506 2469 pro
1519 2428 1585 2459 τῶν
1595 2424 1704 2459 αὐτῶν
1714 2424 1845 2470 ἕχοιντο
1857 2425 1901 2460 Α.
1978 2458 1980 2462 ,

323 2482 357 2513 4.
383 2472 507 2516 σαφῶς
523 2470 613 2506 A.B.
633 2470 726 2504 Edd.
752 2473 872 2516 σοφῶς
892 2471 937 2504 D.
1003 2472 1047 2506 ὡς
1071 2471 1190 2505 οὐδένα
1214 2483 1277 2516 pro
1303 2471 1421 2506 οὐδένα
1445 2473 1510 2516 γὰρ
1532 2471 1573 2505 Β.
1638 2471 1741 2517 ἐχρῆν
1765 2483 1835 2505 om.
1853 2471 1901 2506 D.
1926 2475 1952 2506 ,ἵ
1978 2485 1980 2492 ’

324 2527 357 2560 5.
384 2518 415 2550 οἱ
433 2517 529 2551 deest
544 2518 580 2551 in
600 2517 691 2551 Edd.
796 2528 829 2563 7.
855 2518 939 2551 αὐτὰ
955 2521 1022 2552 τῶν
1037 2529 1107 2552 om.
1125 2524 1158 2552 et
1173 2519 1262 2561 πάθη
1281 2530 1344 2563 pro
1359 2519 1476 2552 παθῶν
1492 2518 1589 2562 ponit
1608 2518 1650 2553 Β.
1745 2530 1777 2563 9.
1804 2519 1902 2552 εὐλό-

322 2578 391 2609 γως
407 2564 503 2598 A-D.
521 2564 666 2600 εὐκόλως
684 2563 776 2598 Edd.
897 2576 950 2599 10.
975 2566 1150 2608 μακαρίοις
1166 2577 1228 2611 pro
1245 2565 1354 2610 ἁγίοις
1371 2565 1418 2599 D.
1467 2564 1510 2599 δι’
1528 2564 1614 2610 (τῶν
1631 2571 1711 2610 post
1727 2565 1902 2610 φαίνοιντο

323 2610 575 2655 transponens)
593 2613 636 2644 A.
829 2622 882 2654 14.
907 2611 1054 2647 ἅπαντας
1073 2611 1114 2645 Β.
1298 2611 1352 2646 16.
1374 2612 1433 2647 τὰς
1449 2615 1516 2646 τῶν
1531 2612 1842 2657 παραλελημμένων
1859 2611 1900 2645 Β.

323 2657 383 2693 τὰς
406 2662 472 2692 τῶν
495 2657 803 2701 περιτεθλιμμὲνων
819 2659 864 2692 A.
887 2659 946 2693 τὰς
969 2659 1060 2703 παρὰ
1084 2662 1150 2693 τῶν
1173 2658 1391 2703 λελημμένων
1408 2659 1455 2693 D.
1481 2660 1540 2694 τὰς
1562 2659 1640 2702 περὶ
1664 2662 1730 2693 τῶν
1753 2659 1902 2704 παραλε-

323 2705 511 2748 λειμμένων
527 2704 619 2739 Edd.
857 2705 909 2739 18.
938 2705 1114 2751 ἁγιότητος
1133 2705 1211 2749 (sic)
1230 2707 1274 2739 A.
1520 2716 1574 2739 22.
1599 2704 1806 2750 προφητεύει
1822 2710 1903 2750 post

325 2751 435 2785 τοίνυν
450 2757 571 2795 transp
575 2752 648 2786 D..
697 2766 822 2795 καιροις
837 2752 881 2785 A.
890 2752 929 2785 Β.
948 2754 1050 2798 καιρῷ
1069 2752 1161 2787 Edd.
1213 2753 1338 2787 Statim
1355 2751 1529 2791 Βασιλεων
1549 2752 1590 2786 Β.
1733 2763 1788 2797 23.
1808 2751 1902 2786 Ἰωά-

326 2797 409 2843 θαμ]
428 2797 573 2843 Ἰωάχαζ
586 2798 630 2832 A.
696 2813 749 2832 και
766 2798 937 2844 primum]
961 2803 998 2839 4-
1019 2801 1078 2832 τοῦ
1096 2798 1323 2833 Edd.1nv1tis
1340 2799 1450 2833 libris.
1520 2797 1671 2833 Stanm'
1673 2800 1792 2844 Axur(
1806 2798 1849 2832 B.
1852 2798 1900 2833 D.

327 2843 461 2887 Migne.
478 2844 590 2890 Ἀχὰμ
607 2844 696 2890 (sic)
714 2846 759 2879 A.
777 2847 875 2891 Αχαζ
893 2845 980 2880 Edd.
1028 2844 1158 2888 Ἐζεκία
1176 2846 1405 2880 Edd.1nx1t1s
1422 2845 1598 2880 omnibus.
1802 2857 1856 2888 ²4·
1881 2845 1901 2878 ὁ

325 2893 385 2924 τοῦ
408 2890 455 2925 P.
480 2892 584 2925 Φακεὲ
612 2893 671 2935 τῆς
697 2891 775 2936 Ιερ.
801 2891 1085 2937 κατεστρατεύετο
1113 2893 1186 2927 inv.
1211 2892 1330 2927 ordine
1356 2893 1402 2927 D.
1426 2892 1504 2936 Ῥομ
1507 2893 1600 2927 ελίου
1628 2892 1761 2926 correxi
1789 2904 1830 2926 ex
1857 2891 1900 2925 B.

323 2936 619 3019 ξόεδαῖυιὲέἕμ.
638 2945 672 2973 et
689 2939 737 2973 sic
756 2938 802 2973 D.
1020 2949 1072 2984 25.
1099 2938 1293 2985 Ραασσὼν]
1314 2940 1371 2974 Sic
1389 2908 1504 2974 edidip
1498 2939 1555 2974 fav
1557 2947 1635 2974 ente
1652 2938 1838 2985 aliquando
1854 2939 1898 2972 A.

359 2998 474 3018 aaffmv
