2021 3434
85 197 125 223 X.
152 196 216 235 14,
242 195 304 238 15.
508 185 582 225 IN
623 184 864 226 OSEAM.
924 183 1074 224 TOM.
1118 183 1197 224 VI.
1576 186 1659 225 223

85 292 177 359 γὰρ
210 291 372 363 ψευδῆ,
399 296 540 360 νόθην
576 298 649 347 καὶ
686 294 963 359 ἀπόβλητον
998 292 1235 361 δεχόμενοι
1269 297 1462 358 γνῶσιν,
1498 294 1661 344 διδασ-

84 374 274 439 κόμενοί
293 400 343 428 τε
368 377 427 428 τὰ
451 377 808 444 διεστραμμένα,
830 379 905 428 καὶ
933 376 1025 428 ὅσα
1050 379 1131 439 τῆς
1157 374 1378 439 ἀληθείας
1402 373 1455 426 τὸ
1482 374 1661 429 κάλλος

82 459 456 526 παραχαράττειν
489 463 715 528 ἐπιχειρεῖ.
781 459 850 510 ὅτι
885 459 932 510 δὲ
970 461 1044 509 καὶ
1084 459 1235 508 αὐτῶν
1275 460 1412 507 πᾶσα
1449 462 1660 508 πεσεῖται

83 540 285 605 δύναμις,
320 546 443 593 Θεοῦ
485 542 908 609 καταστρέφοντος,
952 543 1194 604 οἰχήσονται
1242 538 1288 589 δὲ
1330 541 1404 589 καὶ
1448 543 1509 594 εἰς
1549 539 1656 591 ὄλε-

41 635 63 672 5
84 625 195 689 θρον
220 625 293 674 καὶ
319 624 569 687 ἀπώλειαν,
594 629 694 678 πῶς
721 623 778 674 ἂν
805 623 1060 674 ἐνδοιάσειέ
1079 644 1178 682 τις;

76 892 158 937 (Ως
196 894 336 951 ἅρχων
376 895 582 944 Σαλμανὰ
621 897 666 937 ἐκ
702 899 776 937 τοῦ
807 893 926 937 οἴκου
950 893 1190 951 Ἵεροβαὰλ,
1234 893 1277 934 ἐν
1318 891 1494 947 ἡμέραις
1527 895 1654 934 Πολε-

147 993 225 1027 μου
255 980 417 1036 μΗτέρα
452 980 521 1021 ἐπὶ
556 980 720 1021 τέκνοις
755 979 974 1034 ἐδάφισεν·
1031 979 1167 1018 οὕτως
1201 977 1369 1017 Ποιύσω
1402 971 1509 1026 ὑμῖν,
1537 972 1652 1018 οἶκος
1679 995 1724 1030 15

146 1065 218 1103 τοῦ
235 1063 421 1119 Ἰσραὴλ,
448 1063 532 1105 ἀπὸ
558 1062 792 1120 Προσώπου
820 1063 979 1103 κακιῶν
1006 1063 1136 1110 ὑμῶν.
1675 1070 1702 1110 d

152 1194 236 1244 Ἐν
274 1199 332 1262 τῇ
374 1196 534 1264 βίβλῳ
573 1195 833 1261 γέγραπται
876 1198 970 1244 τῶν
1005 1197 1204 1260 Κριτῶν,
1241 1196 1302 1247 ὡς
1332 1193 1536 1262 ἐξέκλινε
1573 1193 1658 1256 μὲν

18 1276 106 1327 105
149 1276 348 1342 Ἰσραὴλ
400 1278 553 1328 ὀπίσω
598 1282 691 1328 τῶν
743 1279 956 1339 Βααλεὶμ
1008 1275 1125 1326 κατὰ
1176 1275 1374 1342 καιρούς.
1440 1274 1657 1343 ταύτῃτοι

82 1360 188 1427 Θεῷ
224 1360 643 1426 προσκεκρούκασι,
679 1360 1016 1425 παραδέδονται
1051 1358 1097 1409 δὲ
1132 1361 1207 1409 καὶ
1246 1362 1307 1412 εἷς
1345 1362 1500 1426 χεῖρας
1537 1361 1648 1408 Μα-
1716 1373 1797 1424 de.

82 1440 202 1503 διὰμ,
230 1442 301 1510 ἐφ’
330 1442 456 1496 ὅλοις
483 1443 634 1493 ε”τεσιν
660 1442 789 1493 ἑπτά.
852 1442 1005 1505 ἀπηνῆ
1034 1440 1080 1491 δὲ
1108 1442 1252 1495 οὕτως
1279 1438 1656 1504 ὑπομεμενήκασι
1716 1428 1759 1448 w.
1783 1428 1809 1450 1'

80 1521 165 1587 τὴν
203 1525 252 1574 ἐκ
289 1529 382 1575 τῶν
422 1524 768 1591 κεκρατηκότων
805 1523 1094 1592 πλεονεξίαν,
1142 1526 1203 1577 ὡς
1245 1523 1333 1588 ἤδη
1372 1525 1446 1574 καὶ
1484 1522 1655 1589 πέτρας
1717 1540 1816 1572 Ib.2.

82 1608 230 1669 οἰκεῖν,
273 1609 348 1657 καὶ
398 1607 632 1673 σώζεσθαι
677 1606 814 1670 μόλις
860 1609 906 1657 ἐν
950 1607 1107 1659 αὐταῖς
1155 1604 1534 1669 καταδυομένους,
1579 1607 1654 1655 καὶ

16 1711 62 1750 15
81 1689 388 1756 προτείχισμα
421 1694 656 1741 ποιεῖσθαι
689 1689 772 1743 τὰς
807 1689 1084 1756 δυσχωρίας,
1113 1688 1187 1738 διά
1222 1711 1294 1739 τοι
1327 1687 1381 1738 τὸ
1411 1691 1654 1741 παντελῶς
1673 1714 1694 1741 e

82 1771 288 1822 ἀπειπεῖν
320 1771 437 1837 πρὸς
472 1775 645 1840 μάχην.
712 1770 983 1835 συμβέβηκε
1015 1772 1169 1821 τοίνυν
1205 1774 1340 1849 ὠμῶς
1366 1772 1657 1835 ἀναιρεῖσθαι

80 1851 199 1902 κατὰ
234 1851 416 1920 καιροὺς
455 1852 559 1908 τοῦς
597 1854 911 1918 ἐμπίπτοντας
946 1857 1041 1906 τοῖς
1069 1853 1391 1917 Μαδιηναίοις,
1420 1851 1545 1902 ὥστε
1581 1852 1657 1901 καὶ

80 1935 262 1989 ἀθλίαις
296 1936 501 2002 μητράσι
537 1935 915 1988 συνδιόλλυσθαι
953 1935 1103 1998 τέκνα,
1131 1938 1317 2004 φειδοῦς
1349 1932 1540 1998 ἁπάσης
1575 1932 1652 2001 ἐξ·

79 2017 322 2084 ῃΡημένης.
386 2016 531 2086 ἦρχον
565 2018 612 2069 δὲ
651 2019 802 2069 αὐτῶν
834 2016 991 2083 Ὠρήβ
1028 2040 1078 2067 τε
1118 2019 1192 2068 καὶ
1234 2016 1354 2081 Ζὴβ,
1397 2018 1472 2067 καὶ
1514 2014 1657 2074 Ζεβεὲ
1716 2033 1862 2093 113.vii3u

13 2121 62 2146 20
80 2100 155 2149 καὶ
189 2098 432 2164 Σαλμανά.
498 2101 787 2167 παρετείνετο
822 2099 870 2151 δὲ
905 2099 962 2150 τὰ
1004 2101 1087 2163 τῆς
1130 2103 1382 2168 συμφορᾶς
1424 2098 1557 2165 ἄχρις
1597 2096 1656 2148 ἂν
1718 2087 1875 2162 Ξοεᾷζω

79 2183 388 2247 κατοικτείρας
427 2181 546 2237 Θεὸς
589 2187 979 2248 ταλαιπωροῦντα
1023 2180 1105 2232 τὸν
1142 2181 1340 2248 Ἰσραὴλ
1381 2180 1534 2246 ἤγειρε
1573 2178 1656 2230 τὸν

79 2263 268 2327 Γεδεὼν,
295 2262 346 2319 ὃς
380 2267 454 2316 καὶ
491 2263 850 2328 μετωνόμασται
886 2263 1015 2330 παρά
1054 2286 1104 2314 τε
1136 2269 1219 2314 τοῦ
1253 2261 1429 2328 πατρὸς
1456 2265 1531 2312 καὶ
1561 2266 1655 2312 τῶν
1714 2270 1830 2345 11²³&-

76 2346 311 2412 ἐγχωρίων
354 2346 616 2414 Ἱεροβάαλ,
661 2348 714 2397 δι’
761 2345 910 2397 αἰτίαν
961 2344 1192 2409 τοιαύτην.
1261 2343 1528 2412 χρήσαντος
1571 2342 1693 2406 μὲνει
1717 2324 1801 2398 3155
1823 2363 1872 2398 A.

77 2425 170 2493 γὰρ
194 2429 317 2498 αὐτῷ
341 2435 423 2479 τοῦ
447 2432 570 2480 Θεοῦ
598 2427 672 2478 διὰ
708 2430 866 2496 φωνῆς
897 2425 1119 2492 ἀγγέλου,
1148 2430 1333 2477 καθεῖλε
1358 2425 1443 2489 τὴν
1468 2424 1656 2490 στήλην

12 2520 59 2557 25
78 2515 160 2560 τοῦ
198 2510 348 2574 Βάαλ,
380 2514 454 2562 καὶ
488 2511 541 2562 τὸ
573 2511 726 2564 ἄλσος
759 2511 899 2561 αὑτοῦ
938 2510 1149 2578 ἐξέκοψε,
1182 2506 1450 2571 λεληθότως
1487 2509 1563 2558 καὶ
1607 2509 1656 2558 ἐν

77 2593 218 2643 νυκτί.
261 2593 414 2656 ἐπειδὴ
441 2592 489 2644 δὲ
524 2596 566 2643 οἱ
600 2595 681 2655 τῆς
716 2593 945 2658 πολίχνης
978 2589 1208 2656 οἰκήτορες
1232 2588 1292 2640 τὰ
1317 2589 1498 2654 συνήθη
1522 2595 1649 2653 πλη-

77 2679 188 2738 ροῦν
225 2674 314 2726 ὑπὸ
348 2674 432 2738 τὴν
467 2675 525 2725 ἕω
559 2672 912 2739 σπουδάζοντες,
936 2674 1160 2737 παρῆσαν
1191 2673 1239 2721 ἐν
1272 2675 1338 2740 τῷ
1369 2672 1554 2734 τεμένει,
1579 2674 1654 2723 καὶ

125 2849 158 2883 6.
184 2851 340 2893 Σαλμανὰ
363 2850 448 2884 B.F.
468 2851 524 2893 (42
545 2851 604 2893 al.)
623 2851 779 2894 Σαλμανᾶ
799 2849 844 2883 D.
864 2856 896 2883 et
922 2849 1021 2884 infra.
1041 2850 1218 2893 Σαλμανὰκ
1236 2849 1328 2884 Edd.
1349 2848 1523 2895 [Σαλαμαν
1539 2851 1650 2898 A.V.]

78 2898 138 2930 τοῦ
156 2903 234 2941 post
252 2896 342 2931 οἵκου
363 2896 442 2931 add.
462 2896 552 2930 Edd.
570 2897 679 2930 invito
697 2897 742 2930 D.
762 2897 893 2939 (Alex.)
1191 2897 1224 2931 8.
1249 2896 1453 2942 προσώπου]
1470 2902 1507 2938 -l-
1525 2898 1653 2934 ἀδικίας

81 2942 171 2977 Edd.
190 2942 302 2986 (Vat.)
467 2954 519 2977 10.
545 2947 610 2977 τῶν
627 2955 696 2977 om.
716 2943 808 2977 Aub.
826 2945 872 2990 τῷ
891 2943 978 2988 (sic)
998 2943 1190 2978 Pomanus.
1367 2955 1420 2978 11.
1445 2945 1497 2978 καὶ
1514 2956 1584 2980 om.
1606 2946 1651 2980 D.

83 3000 136 3033 17.
164 2989 260 3024 Haec
278 2990 357 3024 κατὰ
377 2990 508 3035 καιροὺς
526 2997 742 3025 accesserunt
762 3002 802 3024 ex
822 2991 866 3025 D.
1022 2990 1076 3025 26.
1102 2989 1269 3036 πληροῦν]
1290 2992 1496 3035 πληροῦντες
1514 2991 1605 3027 Edd.
