2021 3434
93 339 176 370 Gen.

93 381 207 413 xxviii.

93 998 189 1029 Infra
202 998 246 1030 iv.

95 1052 125 1079 α,
138 1052 168 1081 3.

97 2171 174 2205 37].
194 2169 245 2204 Α.
280 2180 302 2204 a

277 2237 299 2268 4
322 2222 396 2264 Καὶ
425 2223 571 2280 Κύριος
607 2223 801 2281 ὲΕι-ἰῙ-ειρε
838 2227 1003 2272 Πνεῦμα
1040 2224 1145 2272 μετα
1177 2221 1237 2264 εἰς
1263 2222 1340 2264 τὴν
1368 2222 1602 2273 θάλασσαν,
1630 2221 1698 2262 καὶ
1734 2220 1906 2269 ὲΓένετο

313 222 398 262 570
730 220 779 259 Β.
822 217 1095 259 CYRILLI
1147 217 1532 257 ALEXANDR.
1742 217 1768 257 i.
1790 231 1832 269 4,
1854 227 1893 270 5.

313 328 503 397 ἔφασκέ
535 351 584 379 τε
622 328 879 381 διαναστάς
919 325 1079 377 ““O‘n
1105 325 1208 377 ε”στι
1236 324 1357 380 Θεὸς
1387 327 1436 376 ἐν
1461 329 1528 394 τῷ
1562 323 1693 395 τόπῳ
1731 324 1895 395 τούτῳ,

314 417 342 440 “
365 409 457 475 ἐγώ
484 409 531 461 δὲ
558 410 641 460 οὐκ
665 408 832 477 ᾕδειν.”
874 407 1001 472 οἶμαι
1035 407 1092 472 δὴ
1119 409 1219 470 οὖν,
1251 407 1321 458 ὅτι
1346 406 1557 458 τοιοῦτόν
1583 430 1628 458 τι
1654 408 1755 458 καθ’
1784 408 1892 458 ἑαυ-

312 490 394 542 τὸν
419 490 696 556 ἐννενοηκῶς
727 494 803 542 καὶ
838 493 863 543 ὁ
888 490 1114 557 μακάριος
1141 490 1421 557 Προφήτης,
1452 492 1535 553 τῆς
1561 488 1644 552 μὲν
1668 490 1898 543 Ἰουδαίας

311 574 668 642 ἀπενοσφίζετο,
695 573 926 641 ἀπεχώρει
953 571 1002 623 δὲ
1040 576 1102 626 εἷς
1134 570 1296 626 πόλεις
1330 571 1414 625 τὰς
1443 570 1747 636 Ἑλληνικάς.
1814 577 1898 622 τοῦ

314 654 363 706 δὲ
405 659 694 720 κατοκνῆσαι
738 656 824 720 τὴν
866 655 1129 722 πρόφασιν,
1172 658 1248 705 καὶ
1298 654 1362 718 μὴ
1410 653 1665 721 προθύμως
1705 653 1940 708 ἑλέσθαιὸ

271 747 297 787 (1
314 743 528 804 πληροῦν
552 737 638 802 τὴν
658 738 905 800 διακονίαν,
923 737 979 806 ἐξ
1001 738 1155 787 αὐτῶν
1182 735 1406 800 εἰσόμεθα
1431 741 1525 787 τῶν
1551 737 1692 786 αὐτοῦ
1719 733 1896 801 λόγων.

315 819 553 889 διεκήρυξε
591 819 676 883 μὲν
705 819 799 886 γὰρ
839 822 1038 887 ὕστερον
1070 819 1307 870 ἀπελθών·
1363 818 1517 882 ἐπειδὴ
1557 818 1603 869 δὲ
1642 818 1725 869 οὐκ
1762 817 1895 878 ἐκβέ-

314 907 459 966 βηκεν
485 904 610 972 αὐτῷ
636 901 695 953 τὰ
721 905 801 966 τῆς
824 902 1115 969 προφητείας
1141 905 1206 954 εἰς
1231 900 1387 967 πέρας,
1409 901 1671 964 λελύπηται
1691 899 1901 968 σφόδρα,

316 986 392 1034 καὶ
423 984 479 1049 δὴ
514 987 590 1035 καὶ
628 985 836 1053 ε”φασκεν
876 982 982 1035 ιςςΩ
1013 984 1169 1049 Κύριε,
1196 983 1284 1050 οὐχ
1310 982 1436 1033 οὗτοι
1468 986 1511 1033 οἱ
1539 981 1676 1048 λόγοι
1707 1005 1799 1046 μου
1835 981 1901 1032 ε”τι

316 1073 344 1096 “
368 1065 501 1121 ὄντος
525 1089 616 1130 μου
641 1069 689 1118 ἐν
713 1070 771 1134 τῇ
796 1070 859 1134 γῇ
886 1088 1007 1130 μου;
1048 1064 1125 1115 διὰ
1149 1070 1288 1116 τοῦτο
1312 1065 1600 1133 προέφθασα
1625 1069 1709 1115 τοῦ
1735 1068 1902 1132 φυγεῖν
1924 1086 1971 1112 ιο
2007 1118 2010 1125 ,

316 1154 344 1178 “
369 1152 431 1203 εἰς
457 1153 678 1214 Θαρσεῖς,
706 1147 820 1200 διότι
845 1149 993 1214 ε”γνων
1020 1147 1090 1199 ὅτι
1115 1146 1180 1198 σὺ
1206 1145 1248 1198 εἶ
1275 1146 1486 1211 ἐλεήμων
1524 1149 1599 1197 καὶ
1637 1147 1902 1213 οἰκτίρμων,

315 1236 343 1259 “
368 1229 667 1297 μακρόθυμος
702 1233 776 1281 καὶ
805 1229 1064 1283 πολυέλεος
1103 1229 1179 1280 καὶ
1213 1234 1453 1294 μετανοῶν
1480 1231 1553 1280 ἐπὶ
1579 1234 1680 1283 ταῖς
1706 1229 1900 1282 κακίαις·

317 1319 344 1342 “
371 1315 446 1363 καὶ
472 1319 574 1375 νῦν,
604 1313 832 1364 Δέσποτα
867 1312 1023 1379 Κύριε,
1057 1311 1179 1372 λάβε
1217 1311 1302 1376 τὴν
1340 1310 1504 1380 ψυχήν
1542 1335 1632 1376 μου
1671 1311 1748 1362 ἀπ’
1776 1312 1903 1375 ἐμοῦ,

374 1395 395 1412 e!

279 1415 300 1441 e
319 1401 345 1424 ‘⁴
371 1418 442 1446 οτι
462 1393 610 1445 καλὸν
629 1394 683 1445 τὸ
700 1397 950 1446 ἀποθανεῖν
977 1417 1033 1458 με
1058 1392 1086 1459 ὴ
1114 1394 1244 1460 ζῆν.”
1291 1394 1373 1445 οὐκ
1398 1393 1603 1460 ἠγνόησε
1623 1393 1707 1456 μὲν
1725 1392 1819 1459 γὰρ
1842 1395 1905 1446 ὡς

316 1477 565 1544 προφήτης
599 1479 682 1540 τῆς
715 1477 948 1529 διακονίας
974 1474 1027 1527 τὸ
1053 1477 1213 1542 πέρας·
1245 1476 1402 1526 ἐδεδίει
1429 1475 1577 1540 γεμὴν
1602 1474 1666 1540 μὴ
1694 1475 1786 1541 ἄρα
1810 1479 1905 1526 τῶν
1926 1498 1972 1537 15

317 1557 373 1609 δι’
413 1560 555 1610 αὐτοῦ
594 1557 905 1626 κηρυγμάτων
944 1560 1027 1609 οὐκ
1065 1558 1381 1623 ἐνηνεγμένων
1420 1562 1483 1611 εἷς
1525 1558 1683 1623 πέρας,
1724 1555 1901 1622 ἀγνοή-

317 1663 447 1692 σωσι
484 1640 569 1704 μὲν
596 1644 834 1692 Νινευῖται
864 1646 947 1691 τοῦ
983 1641 1381 1706 κατοικτείραντος
1409 1643 1533 1691 Θεοῦ
1565 1642 1649 1704 τῆς
1687 1632 1902 1707 χρηστό-

316 1746 449 1788 τητα,
476 1721 825 1790 διαχρήσωνται
857 1722 919 1785 δὲ,
945 1725 1019 1773 καὶ
1051 1722 1289 1773 ἀνέλωσιν
1315 1721 1476 1785 αὐτὸν,
1511 1724 1574 1776 ὡς
1605 1720 1905 1788 βωμολόχον,

318 1807 380 1859 ὡς
407 1808 654 1857 ἀπατεῶνα
679 1808 754 1856 καὶ
779 1808 1035 1874 ψευδοεπῆ,
1058 1807 1132 1855 καὶ
1160 1808 1257 1872 εἰκῇ
1282 1809 1441 1855 πονεῖν
1466 1802 1632 1857 αὐτοὺς
1656 1805 1906 1854 ἀναπεπει-

319 1887 447 1938 κότα.
508 1887 716 1954 προαλὲς
754 1888 848 1955 γὰρ
886 1889 955 1938 ἀεὶ
993 1886 1048 1938 τὸ
1083 1888 1331 1954 βάρβαρον
1371 1891 1433 1940 εὶς
1475 1885 1640 1953 ὀργὰς,
1682 1887 1759 1937 καὶ
1797 1885 1906 1936 λίαν
1926 1911 2006 1956 20,

317 1969 509 2033 ἑτοίμως
559 1970 983 2037 ἀποταυρούμενον,
1036 1968 1123 2021 κᾶν
1174 1974 1211 2020 εὶ
1262 1969 1327 2034 μὴ
1376 1968 1626 2038 πρόφασιν
1675 1969 1773 2036 ε”χοι
1822 1970 1906 2032 τῆς

318 2053 484 2117 μανίας
523 2054 739 2118 εὔλογον.

387 2307 553 2349 κλύδων
579 2308 709 2357 μὲι-ας
741 2308 786 2349 ἐν
821 2312 872 2365 τῷ
912 2307 1120 2365 θαλάσσῌ,
1148 2307 1216 2347 καὶ
1253 2304 1302 2347 τὸ
1340 2303 1491 2347 Πλοῖον
1528 2304 1769 2348 ἐκινδύνευε
1812 2320 1907 2346 συν-

386 2397 589 2449 τριβιὲιναι.
653 2392 720 2433 καὶ
763 2392 1040 2447 ἐφοβήθκσαν
1075 2389 1113 2432 οἱ
1150 2389 1340 2432 ναυτικοὶ
1384 2389 1452 2430 καὶ
1494 2389 1687 2439 ἀνεβόων
1725 2389 1905 2431 ἕκαστος
1927 2401 1974 2441 25

389 2475 494 2531 Πρὸς
521 2475 594 2517 τὸν
622 2475 719 2517 Θεὸν
746 2475 902 2526 αὐτῶν,
930 2474 998 2515 καὶ
1024 2473 1206 2523 ἐκβολὴν
1233 2473 1495 2514 ἐποιήσαντο
1521 2473 1606 2514 τῶν
1634 2472 1798 2513 σκευῶν
1819 2471 1905 2513 τῶν

386 2559 431 2600 ὲν
457 2561 518 2614 τῷ
544 2559 684 2613 Πλοίῳ
708 2557 768 2600 εἰς
794 2558 871 2600 τὴν
899 2560 1119 2600 θάλασσαν
1149 2562 1220 2600 τοῦ
1251 2563 1531 2614 κουφισθῆναι
1558 2557 1623 2598 ἀπ’
1657 2557 1813 2598 αὐτῶν.

398 2672 805 2741 Κατεξανίσταται
831 2671 916 2736 μὲν
942 2675 1024 2737 τῆς
1051 2671 1162 2726 νεὼς
1189 2670 1243 2723 τὸ
1270 2668 1525 2734 κλυδώνιον,
1552 2675 1906 2734 οἷκονομοῦντος

321 2758 447 2805 Θεοῦ
498 2758 573 2806 καὶ
623 2754 904 2819 πνευμάτων
953 2757 1136 2822 ἀγρίαις
1185 2756 1411 2818 ἐμβολαῖς
1462 2753 1773 2806 διακυκώντος
1821 2752 1907 2817 τὴν

365 2884 399 2918 6.
425 2885 610 2929 οἰησόμεθα
629 2886 674 2920 D.
861 2899 894 2932 9.
920 2887 969 2921 ἔτι
985 2892 1210 2931 assumptum
1227 2898 1268 2920 ex
1290 2885 1382 2919 B.D.
1574 2896 1628 2919 21.
1655 2884 1716 2929 ἔχῃ
1736 2883 1828 2919 Edd.
1846 2884 1900 2918 in-

321 2930 401 2965 vitis
423 2932 514 2965 B.D.
670 2944 725 2977 23.
751 2934 837 2979 μέγα
855 2941 1077 2978 assumptum
1096 2945 1137 2967 ex
1158 2934 1198 2967 B.
1220 2933 1291 2974 (22.
1311 2933 1370 2975 al.)
1390 2930 1485 2965 deest
1502 2931 1536 2965 in
1557 2932 1603 2965 1).
1764 2930 1820 2965 26.
1846 2931 1906 2964 αὒ-

321 2992 386 3010 των
406 2977 540 3012 B.D.F.
556 2980 671 3021 (Alex.
686 2980 788 3019 XII.)
801 2981 903 3015 αὐτοῦ
922 2980 1013 3015 Edd.
1033 2980 1129 3022 (Vat.
1148 2988 1169 3011 n
1187 2979 1259 3013 XII
1278 2978 1521 3023 suprascript.)
1562 2982 1627 3013 τῶν
1644 2979 1703 3012 alt.
1721 2989 1791 3012 om.
1812 2977 1904 3012 Edd.

324 3025 378 3057 28.
405 3026 484 3060 νεὼς
505 3025 596 3060 B.D.
615 3028 692 3062 ναὸς
714 3027 803 3060 Edd.
996 3038 1051 3071 29.
1077 3027 1203 3072 ἀγρίων
1220 3026 1378 3067 ἐκβολαῖς
1395 3025 1454 3059 iid.
