<?xml version="1.0" encoding="UTF-8"?>
<!DOCTYPE html PUBLIC "-//W3C//DTD XHTML 1.0 Transitional//EN"
    "http://www.w3.org/TR/xhtml1/DTD/xhtml1-transitional.dtd">
<html xmlns="http://www.w3.org/1999/xhtml" xml:lang="en" lang="en">
 <head>
  <title>
</title>
<meta http-equiv="Content-Type" content="text/html;charset=utf-8" />
  <meta name='ocr-system' content='tesseract 3.04.00' />
  <meta name='ocr-capabilities' content='ocr_page ocr_carea ocr_par ocr_line ocrx_word'/>
</head>
<body>
  <div class='ocr_page' id='page_1' title='image "./operacyrilli01cyriuoft/operacyrilli01cyriuoft_0216.png"; bbox 0 0 2021 3434; ppageno 0'>
   <div class='ocr_carea' id='block_1_1' title="bbox 307 199 1881 253">
    <p class='ocr_par' dir='ltr' id='par_1_1' title="bbox 307 199 1881 253">
     <span class='ocr_line' id='line_1_1' title="bbox 307 199 1881 253; baseline 0.003 -14"><span class='ocrx_word' id='word_1_1' title='bbox 307 200 387 241; x_wconf 83' lang='lat'>176</span> <span class='ocrx_word' id='word_1_2' title='bbox 694 200 742 239; x_wconf 91' lang='lat' dir='ltr'>B.</span> <span class='ocrx_word' id='word_1_3' title='bbox 787 199 1064 240; x_wconf 87' lang='lat' dir='ltr'>CYRILLI</span> <span class='ocrx_word' id='word_1_4' title='bbox 1105 200 1485 241; x_wconf 89' lang='lat' dir='ltr'>ALEXANDR.</span> <span class='ocrx_word' id='word_1_5' title='bbox 1614 202 1700 242; x_wconf 87' lang='lat' dir='ltr'>viii.</span> <span class='ocrx_word' id='word_1_6' title='bbox 1727 216 1790 253; x_wconf 89' lang='lat'>11,</span> <span class='ocrx_word' id='word_1_7' title='bbox 1818 215 1881 245; x_wconf 82' lang='lat'>12.</span> 
     </span>
    </p>
   </div>
   <div class='ocr_carea' id='block_1_2' title="bbox 80 307 1954 1939">
    <p class='ocr_par' dir='ltr' id='par_1_2' title="bbox 80 307 1954 1939">
     <span class='ocr_line' id='line_1_2' title="bbox 302 307 1883 379; baseline 0.004 -21"><span class='ocrx_word' id='word_1_8' title='bbox 302 307 617 378; x_wconf 76' lang='grc' dir='ltr'>παρῳχηκότα</span> <span class='ocrx_word' id='word_1_9' title='bbox 658 309 832 373; x_wconf 85' lang='grc' dir='ltr'>καιρὸν,</span> <span class='ocrx_word' id='word_1_10' title='bbox 874 308 1005 359; x_wconf 77' lang='grc' dir='ltr'>ἀλλὰ</span> <span class='ocrx_word' id='word_1_11' title='bbox 1043 311 1102 360; x_wconf 70' lang='grc' dir='ltr'>νῦν</span> <span class='ocrx_word' id='word_1_12' title='bbox 1139 308 1293 364; x_wconf 57' lang='grc' dir='ltr'>αὐτοὺς</span> <span class='ocrx_word' id='word_1_13' title='bbox 1329 307 1580 379; x_wconf 59' lang='grc' dir='ltr'>εἱςὸεξομοιί</span> <span class='ocrx_word' id='word_1_14' title='bbox 1615 315 1778 379; x_wconf 85' lang='grc' dir='ltr'>φησιν,</span> <span class='ocrx_word' id='word_1_15' title='bbox 1808 314 1883 365; x_wconf 82' lang='grc' dir='ltr'>ἵνα</span> 
     </span>
     <span class='ocr_line' id='line_1_3' title="bbox 301 390 1883 459; baseline 0.003 -18"><span class='ocrx_word' id='word_1_16' title='bbox 301 395 360 458; x_wconf 82' lang='grc' dir='ltr'>τῇ</span> <span class='ocrx_word' id='word_1_17' title='bbox 385 395 478 440; x_wconf 80' lang='grc' dir='ltr'>τῶν</span> <span class='ocrx_word' id='word_1_18' title='bbox 505 393 664 440; x_wconf 82' lang='grc' dir='ltr'>δεινῶν</span> <span class='ocrx_word' id='word_1_19' title='bbox 683 391 821 459; x_wconf 77' lang='grc' dir='ltr'>πείρᾳ</span> <span class='ocrx_word' id='word_1_20' title='bbox 843 390 1120 454; x_wconf 80' lang='grc' dir='ltr'>μανθάνωσι</span> <span class='ocrx_word' id='word_1_21' title='bbox 1145 392 1297 455; x_wconf 89' lang='grc' dir='ltr'>μόλις,</span> <span class='ocrx_word' id='word_1_22' title='bbox 1319 391 1388 442; x_wconf 79' lang='grc' dir='ltr'>ὅτι</span> <span class='ocrx_word' id='word_1_23' title='bbox 1413 395 1489 442; x_wconf 87' lang='grc' dir='ltr'>καὶ</span> <span class='ocrx_word' id='word_1_24' title='bbox 1516 390 1606 443; x_wconf 80' lang='grc' dir='ltr'>ὑπὸ</span> <span class='ocrx_word' id='word_1_25' title='bbox 1627 394 1883 459; x_wconf 86' lang='grc' dir='ltr'>Δεσπότην</span> 
     </span>
     <span class='ocr_line' id='line_1_4' title="bbox 302 471 1883 541; baseline 0.003 -19"><span class='ocrx_word' id='word_1_26' title='bbox 302 475 406 535; x_wconf 78' lang='grc' dir='ltr'>εἰσὶ,</span> <span class='ocrx_word' id='word_1_27' title='bbox 434 473 510 522; x_wconf 82' lang='grc' dir='ltr'>καὶ</span> <span class='ocrx_word' id='word_1_28' title='bbox 533 475 615 535; x_wconf 84' lang='grc' dir='ltr'>τῆς</span> <span class='ocrx_word' id='word_1_29' title='bbox 639 473 750 536; x_wconf 86' lang='grc' dir='ltr'>ἐμῆς</span> <span class='ocrx_word' id='word_1_30' title='bbox 776 473 858 524; x_wconf 80' lang='grc' dir='ltr'>οὐκ</span> <span class='ocrx_word' id='word_1_31' title='bbox 884 472 975 541; x_wconf 73' lang='grc' dir='ltr'>ἔξω</span> <span class='ocrx_word' id='word_1_32' title='bbox 1006 472 1173 540; x_wconf 88' lang='grc' dir='ltr'>χειρός.</span> <span class='ocrx_word' id='word_1_33' title='bbox 1241 473 1312 524; x_wconf 83' lang='grc' dir='ltr'>ὅτι</span> <span class='ocrx_word' id='word_1_34' title='bbox 1338 471 1388 523; x_wconf 81' lang='grc' dir='ltr'>δὲ</span> <span class='ocrx_word' id='word_1_35' title='bbox 1418 474 1500 524; x_wconf 85' lang='grc' dir='ltr'>οὐκ</span> <span class='ocrx_word' id='word_1_36' title='bbox 1525 477 1588 527; x_wconf 80' lang='grc' dir='ltr'>εἷς</span> <span class='ocrx_word' id='word_1_37' title='bbox 1613 474 1883 540; x_wconf 85' lang='grc' dir='ltr'>ἀνάβλησιν</span> 
     </span>
     <span class='ocr_line' id='line_1_5' title="bbox 301 553 1884 625; baseline 0.004 -22"><span class='ocrx_word' id='word_1_38' title='bbox 301 553 360 603; x_wconf 81' lang='grc' dir='ltr'>τὰ</span> <span class='ocrx_word' id='word_1_39' title='bbox 407 553 464 622; x_wconf 76' lang='grc' dir='ltr'>ἐξ</span> <span class='ocrx_word' id='word_1_40' title='bbox 509 555 653 620; x_wconf 88' lang='grc' dir='ltr'>ὀργῆς</span> <span class='ocrx_word' id='word_1_41' title='bbox 701 554 779 617; x_wconf 74' lang='grc' dir='ltr'>ἔτι,</span> <span class='ocrx_word' id='word_1_42' title='bbox 818 556 1216 625; x_wconf 85' lang='grc' dir='ltr'>πεπληροφόρηκε</span> <span class='ocrx_word' id='word_1_43' title='bbox 1266 556 1421 622; x_wconf 78' lang='grc' dir='ltr'>λέγων</span> <span class='ocrx_word' id='word_1_44' title='bbox 1461 554 1516 607; x_wconf 76' lang='grc' dir='ltr'>τὸ</span> <span class='ocrx_word' id='word_1_45' title='bbox 1563 558 1639 608; x_wconf 65' lang='grc' dir='ltr'>νῦν.</span> <span class='ocrx_word' id='word_1_46' title='bbox 1708 555 1884 621; x_wconf 61' lang='grc' dir='ltr'>εἰσ-δεχ-</span> 
     </span>
     <span class='ocr_line' id='line_1_6' title="bbox 301 633 1925 700; baseline 0.004 -15"><span class='ocrx_word' id='word_1_47' title='bbox 301 634 435 690; x_wconf 67' lang='grc' dir='ltr'>θέντες</span> <span class='ocrx_word' id='word_1_48' title='bbox 486 633 542 699; x_wconf 83' lang='grc' dir='ltr'>δὴ</span> <span class='ocrx_word' id='word_1_49' title='bbox 593 637 673 687; x_wconf 79' lang='grc' dir='ltr'>οὖν</span> <span class='ocrx_word' id='word_1_50' title='bbox 721 637 797 687; x_wconf 80' lang='grc' dir='ltr'>ἵνα</span> <span class='ocrx_word' id='word_1_51' title='bbox 846 637 1166 700; x_wconf 86' lang='grc' dir='ltr'>παιδεύωνται,</span> <span class='ocrx_word' id='word_1_52' title='bbox 1215 638 1541 689; x_wconf 87' lang='grc' dir='ltr'>πεπαύσονται</span> <span class='ocrx_word' id='word_1_53' title='bbox 1596 639 1766 690; x_wconf 85' lang='grc' dir='ltr'>λοιπὸν</span> <span class='ocrx_word' id='word_1_54' title='bbox 1814 642 1884 692; x_wconf 77' lang='grc' dir='ltr'>τοῧ</span> <span class='ocrx_word' id='word_1_55' title='bbox 1904 661 1925 699; x_wconf 87' lang='grc'>5</span> 
     </span>
     <span class='ocr_line' id='line_1_7' title="bbox 301 718 1884 790; baseline 0.004 -22"><span class='ocrx_word' id='word_1_56' title='bbox 301 719 432 786; x_wconf 77' lang='grc' dir='ltr'><em>χρίειν</em></span> <span class='ocrx_word' id='word_1_57' title='bbox 469 718 676 777; x_wconf 67' lang='grc' dir='ltr'>βασιλέα.</span> <span class='ocrx_word' id='word_1_58' title='bbox 720 726 797 771; x_wconf 66' lang='grc' dir='ltr'>καὶ</span> <span class='ocrx_word' id='word_1_59' title='bbox 844 719 1077 790; x_wconf 63' lang='grc' dir='ltr'>ἄρχον-τοις.</span> <span class='ocrx_word' id='word_1_60' title='bbox 1139 719 1436 774; x_wconf 82' lang='grc' dir='ltr'>δουλεύοντες</span> <span class='ocrx_word' id='word_1_61' title='bbox 1478 720 1569 787; x_wconf 76' lang='grc' dir='ltr'>γὰρ</span> <span class='ocrx_word' id='word_1_62' title='bbox 1607 721 1884 787; x_wconf 82' lang='grc' dir='ltr'>Ἀσσυρίοις</span> 
     </span>
     <span class='ocr_line' id='line_1_8' title="bbox 302 801 1885 870; baseline 0.004 -20"><span class='ocrx_word' id='word_1_63' title='bbox 302 804 376 851; x_wconf 80' lang='grc' dir='ltr'>καὶ</span> <span class='ocrx_word' id='word_1_64' title='bbox 420 801 617 865; x_wconf 83' lang='grc' dir='ltr'>Μήδοις,</span> <span class='ocrx_word' id='word_1_65' title='bbox 658 803 797 854; x_wconf 89' lang='grc' dir='ltr'>ποίαν</span> <span class='ocrx_word' id='word_1_66' title='bbox 842 801 899 853; x_wconf 81' lang='grc' dir='ltr'>ἂν</span> <span class='ocrx_word' id='word_1_67' title='bbox 939 802 1084 870; x_wconf 79' lang='grc' dir='ltr'>ἔσχον</span> <span class='ocrx_word' id='word_1_68' title='bbox 1123 802 1312 868; x_wconf 83' lang='grc' dir='ltr'>σχολὴν</span> <span class='ocrx_word' id='word_1_69' title='bbox 1352 801 1411 853; x_wconf 77' lang='grc' dir='ltr'>τὰ</span> <span class='ocrx_word' id='word_1_70' title='bbox 1460 805 1542 866; x_wconf 89' lang='grc' dir='ltr'>τῆς</span> <span class='ocrx_word' id='word_1_71' title='bbox 1582 804 1885 858; x_wconf 85' lang='grc' dir='ltr'>ἀποστασίας</span> 
     </span>
     <span class='ocr_line' id='line_1_9' title="bbox 80 882 1886 951; baseline 0.001 -17"><span class='ocrx_word' id='word_1_72' title='bbox 80 900 157 934; x_wconf 85' lang='grc'>123</span> <span class='ocrx_word' id='word_1_73' title='bbox 179 899 229 933; x_wconf 91' lang='grc' dir='ltr'>Α.</span> <span class='ocrx_word' id='word_1_74' title='bbox 263 882 415 949; x_wconf 64' lang='grc' dir='ltr'>πέργα</span> <span class='ocrx_word' id='word_1_75' title='bbox 458 890 702 950; x_wconf 75' lang='grc' dir='ltr'>πληροῦνς</span> <span class='ocrx_word' id='word_1_76' title='bbox 743 884 838 951; x_wconf 76' lang='grc' dir='ltr'>οἵγε</span> <span class='ocrx_word' id='word_1_77' title='bbox 880 886 955 935; x_wconf 69' lang='grc' dir='ltr'>καὶ</span> <span class='ocrx_word' id='word_1_78' title='bbox 1000 884 1358 951; x_wconf 72' lang='grc' dir='ltr'>κατοιμώζοντες</span> <span class='ocrx_word' id='word_1_79' title='bbox 1403 884 1649 948; x_wconf 74' lang='grc' dir='ltr'>διετέλουν,</span> <span class='ocrx_word' id='word_1_80' title='bbox 1686 889 1762 936; x_wconf 86' lang='grc' dir='ltr'>καὶ</span> <span class='ocrx_word' id='word_1_81' title='bbox 1799 885 1886 950; x_wconf 87' lang='grc' dir='ltr'>τὴν</span> 
     </span>
     <span class='ocr_line' id='line_1_10' title="bbox 302 963 1885 1036; baseline 0.002 -21"><span class='ocrx_word' id='word_1_82' title='bbox 302 963 530 1029; x_wconf 80' lang='grc' dir='ltr'>ἀδόκητον</span> <span class='ocrx_word' id='word_1_83' title='bbox 574 967 883 1033; x_wconf 85' lang='grc' dir='ltr'>κατεθρήνουν</span> <span class='ocrx_word' id='word_1_84' title='bbox 928 965 1197 1036; x_wconf 85' lang='grc' dir='ltr'>συμφοράν.</span> <span class='ocrx_word' id='word_1_85' title='bbox 1263 966 1418 1017; x_wconf 79' lang='grc' dir='ltr'>ἰστέον</span> <span class='ocrx_word' id='word_1_86' title='bbox 1459 966 1518 1029; x_wconf 73' lang='grc' dir='ltr'>δὲ,</span> <span class='ocrx_word' id='word_1_87' title='bbox 1563 967 1632 1018; x_wconf 82' lang='grc' dir='ltr'>ὅτι</span> <span class='ocrx_word' id='word_1_88' title='bbox 1673 966 1790 1030; x_wconf 76' lang='grc' dir='ltr'>μετὰ</span> <span class='ocrx_word' id='word_1_89' title='bbox 1830 966 1885 1019; x_wconf 83' lang='grc' dir='ltr'>τὸ</span> 
     </span>
     <span class='ocr_line' id='line_1_11' title="bbox 303 1048 1954 1117; baseline 0.003 -20"><span class='ocrx_word' id='word_1_90' title='bbox 303 1050 476 1098; x_wconf 84' lang='grc' dir='ltr'>ἀνεῖναι</span> <span class='ocrx_word' id='word_1_91' title='bbox 505 1052 664 1114; x_wconf 83' lang='grc' dir='ltr'>Κῦρον</span> <span class='ocrx_word' id='word_1_92' title='bbox 688 1048 770 1100; x_wconf 82' lang='grc' dir='ltr'>τὸν</span> <span class='ocrx_word' id='word_1_93' title='bbox 799 1048 1069 1112; x_wconf 75' lang='grc' dir='ltr'>Καμβύσου</span> <span class='ocrx_word' id='word_1_94' title='bbox 1094 1052 1175 1113; x_wconf 87' lang='grc' dir='ltr'>τῆς</span> <span class='ocrx_word' id='word_1_95' title='bbox 1203 1050 1535 1117; x_wconf 77' lang='grc' dir='ltr'>αἰχμαλωσίας</span> <span class='ocrx_word' id='word_1_96' title='bbox 1561 1048 1645 1100; x_wconf 82' lang='grc' dir='ltr'>τὸν</span> <span class='ocrx_word' id='word_1_97' title='bbox 1669 1049 1883 1117; x_wconf 88' lang='grc' dir='ltr'>Ἰσραὴλ,</span> <span class='ocrx_word' id='word_1_98' title='bbox 1910 1077 1954 1102; x_wconf 82' lang='lat'>10</span> 
     </span>
     <span class='ocr_line' id='line_1_12' title="bbox 303 1129 1884 1201; baseline 0.003 -22"><span class='ocrx_word' id='word_1_99' title='bbox 303 1129 451 1195; x_wconf 76' lang='grc' dir='ltr'>οὐκέτι</span> <span class='ocrx_word' id='word_1_100' title='bbox 473 1132 742 1198; x_wconf 87' lang='grc' dir='ltr'>κεχρίκασιν</span> <span class='ocrx_word' id='word_1_101' title='bbox 769 1133 816 1182; x_wconf 86' lang='grc' dir='ltr'>ἐν</span> <span class='ocrx_word' id='word_1_102' title='bbox 845 1133 1084 1200; x_wconf 74' lang='grc' dir='ltr'>Σαμαρείᾳ</span> <span class='ocrx_word' id='word_1_103' title='bbox 1113 1130 1220 1185; x_wconf 73' lang='grc' dir='ltr'>τοὺς</span> <span class='ocrx_word' id='word_1_104' title='bbox 1254 1134 1302 1182; x_wconf 82' lang='grc' dir='ltr'>ἐκ</span> <span class='ocrx_word' id='word_1_105' title='bbox 1337 1135 1494 1201; x_wconf 83' lang='grc' dir='ltr'>φυλῆς</span> <span class='ocrx_word' id='word_1_106' title='bbox 1519 1132 1742 1201; x_wconf 67' lang='grc' dir='ltr'>Ἐφραὶμ,</span> <span class='ocrx_word' id='word_1_107' title='bbox 1770 1134 1884 1183; x_wconf 80' lang='grc' dir='ltr'>ἀλλ’</span> 
     </span>
     <span class='ocr_line' id='line_1_13' title="bbox 304 1211 1884 1282; baseline 0.003 -21"><span class='ocrx_word' id='word_1_108' title='bbox 304 1211 382 1278; x_wconf 86' lang='grc' dir='ltr'>ὑφ’</span> <span class='ocrx_word' id='word_1_109' title='bbox 414 1213 494 1263; x_wconf 80' lang='grc' dir='ltr'>ἕνα</span> <span class='ocrx_word' id='word_1_110' title='bbox 532 1213 701 1267; x_wconf 85' lang='grc' dir='ltr'>πάντες</span> <span class='ocrx_word' id='word_1_111' title='bbox 739 1212 967 1280; x_wconf 86' lang='grc' dir='ltr'>γεγόνασι</span> <span class='ocrx_word' id='word_1_112' title='bbox 1006 1213 1156 1280; x_wconf 75' lang='grc' dir='ltr'>ζυγὸν,</span> <span class='ocrx_word' id='word_1_113' title='bbox 1197 1213 1551 1273; x_wconf 77' lang='grc' dir='ltr'>βασιλευόντων</span> <span class='ocrx_word' id='word_1_114' title='bbox 1590 1215 1639 1265; x_wconf 87' lang='grc' dir='ltr'>ἐν</span> <span class='ocrx_word' id='word_1_115' title='bbox 1676 1215 1884 1282; x_wconf 80' lang='grc' dir='ltr'>Ἰεροσο-</span> 
     </span>
     <span class='ocr_line' id='line_1_14' title="bbox 301 1293 1883 1366; baseline 0.002 -21"><span class='ocrx_word' id='word_1_116' title='bbox 301 1293 468 1358; x_wconf 87' lang='grc' dir='ltr'>λύμοις</span> <span class='ocrx_word' id='word_1_117' title='bbox 506 1299 600 1346; x_wconf 81' lang='grc' dir='ltr'>τῶν</span> <span class='ocrx_word' id='word_1_118' title='bbox 633 1296 690 1365; x_wconf 74' lang='grc' dir='ltr'>ἐξ</span> <span class='ocrx_word' id='word_1_119' title='bbox 710 1296 865 1348; x_wconf 86' lang='grc' dir='ltr'>Ἰούδα</span> <span class='ocrx_word' id='word_1_120' title='bbox 900 1299 1073 1365; x_wconf 92' lang='grc' dir='ltr'>φυλῆς.</span> <span class='ocrx_word' id='word_1_121' title='bbox 1141 1295 1440 1366; x_wconf 76' lang='grc' dir='ltr'>κατῳκήκασι</span> <span class='ocrx_word' id='word_1_122' title='bbox 1471 1295 1565 1363; x_wconf 79' lang='grc' dir='ltr'>γὰρ</span> <span class='ocrx_word' id='word_1_123' title='bbox 1604 1297 1753 1348; x_wconf 79' lang='grc' dir='ltr'>οὐκέτι</span> <span class='ocrx_word' id='word_1_124' title='bbox 1786 1300 1883 1365; x_wconf 88' lang='grc' dir='ltr'>διῃ-</span> 
     </span>
     <span class='ocr_line' id='line_1_15' title="bbox 299 1376 1884 1447; baseline 0.003 -21"><span class='ocrx_word' id='word_1_125' title='bbox 299 1376 518 1443; x_wconf 77' lang='grc' dir='ltr'>ρημένως,</span> <span class='ocrx_word' id='word_1_126' title='bbox 555 1379 663 1429; x_wconf 86' lang='grc' dir='ltr'>ἀλλ’</span> <span class='ocrx_word' id='word_1_127' title='bbox 707 1380 755 1429; x_wconf 87' lang='grc' dir='ltr'>ἐν</span> <span class='ocrx_word' id='word_1_128' title='bbox 797 1383 892 1432; x_wconf 82' lang='grc' dir='ltr'>τοῖς</span> <span class='ocrx_word' id='word_1_129' title='bbox 932 1379 1282 1445; x_wconf 88' lang='grc' dir='ltr'>Ἱεροσολύμοις</span> <span class='ocrx_word' id='word_1_130' title='bbox 1323 1378 1540 1432; x_wconf 81' lang='grc' dir='ltr'>ἅπαντες.</span> <span class='ocrx_word' id='word_1_131' title='bbox 1605 1379 1796 1447; x_wconf 77' lang='grc' dir='ltr'>ἄρχεται</span> <span class='ocrx_word' id='word_1_132' title='bbox 1835 1379 1884 1430; x_wconf 78' lang='grc' dir='ltr'>δὲ</span> 
     </span>
     <span class='ocr_line' id='line_1_16' title="bbox 300 1460 1953 1530; baseline 0.001 -19"><span class='ocrx_word' id='word_1_133' title='bbox 300 1466 485 1527; x_wconf 80' lang='grc' dir='ltr'>πρῶτος</span> <span class='ocrx_word' id='word_1_134' title='bbox 523 1460 641 1524; x_wconf 76' lang='grc' dir='ltr'>μετὰ</span> <span class='ocrx_word' id='word_1_135' title='bbox 674 1461 777 1516; x_wconf 79' lang='grc' dir='ltr'>τοὺς</span> <span class='ocrx_word' id='word_1_136' title='bbox 813 1465 896 1525; x_wconf 87' lang='grc' dir='ltr'>τῆς</span> <span class='ocrx_word' id='word_1_137' title='bbox 933 1462 1261 1529; x_wconf 78' lang='grc' dir='ltr'>αἰχμαλωσίας</span> <span class='ocrx_word' id='word_1_138' title='bbox 1293 1460 1477 1528; x_wconf 77' lang='grc' dir='ltr'>καιροὺς</span> <span class='ocrx_word' id='word_1_139' title='bbox 1501 1464 1583 1526; x_wconf 89' lang='grc' dir='ltr'>τῆς</span> <span class='ocrx_word' id='word_1_140' title='bbox 1609 1461 1677 1513; x_wconf 86' lang='grc' dir='ltr'>ἐπ’</span> <span class='ocrx_word' id='word_1_141' title='bbox 1706 1464 1883 1530; x_wconf 85' lang='grc' dir='ltr'>ἀμφοῖν</span> <span class='ocrx_word' id='word_1_142' title='bbox 1909 1484 1953 1522; x_wconf 83' lang='lat'>15</span> 
     </span>
     <span class='ocr_line' id='line_1_17' title="bbox 257 1543 1883 1611; baseline 0.001 -18"><span class='ocrx_word' id='word_1_143' title='bbox 257 1548 283 1588; x_wconf 88' lang='lat' dir='ltr'><strong>b</strong></span> <span class='ocrx_word' id='word_1_144' title='bbox 300 1545 564 1605; x_wconf 77' lang='grc' dir='ltr'>βασιλείας,</span> <span class='ocrx_word' id='word_1_145' title='bbox 610 1546 731 1611; x_wconf 77' lang='grc' dir='ltr'>φημὶ</span> <span class='ocrx_word' id='word_1_146' title='bbox 770 1543 827 1608; x_wconf 85' lang='grc' dir='ltr'>δὴ</span> <span class='ocrx_word' id='word_1_147' title='bbox 871 1549 954 1595; x_wconf 84' lang='grc' dir='ltr'>τοῦ</span> <span class='ocrx_word' id='word_1_148' title='bbox 993 1566 1042 1594; x_wconf 91' lang='grc' dir='ltr'>τε</span> <span class='ocrx_word' id='word_1_149' title='bbox 1083 1543 1286 1609; x_wconf 85' lang='grc' dir='ltr'>Ἰσραὴλ</span> <span class='ocrx_word' id='word_1_150' title='bbox 1338 1547 1413 1594; x_wconf 84' lang='grc' dir='ltr'>καὶ</span> <span class='ocrx_word' id='word_1_151' title='bbox 1455 1550 1537 1595; x_wconf 85' lang='grc' dir='ltr'>τοῦ</span> <span class='ocrx_word' id='word_1_152' title='bbox 1574 1544 1883 1609; x_wconf 11' lang='grc' dir='ltr'>Ἰούδα,μή’τοι</span> 
     </span>
     <span class='ocr_line' id='line_1_18' title="bbox 300 1625 1884 1695; baseline 0.001 -20"><span class='ocrx_word' id='word_1_153' title='bbox 300 1630 472 1676; x_wconf 81' lang='grc' dir='ltr'>πασῶν</span> <span class='ocrx_word' id='word_1_154' title='bbox 522 1627 820 1695; x_wconf 73' lang='grc' dir='ltr'>ἁπαξαπλῶς</span> <span class='ocrx_word' id='word_1_155' title='bbox 860 1630 954 1676; x_wconf 79' lang='grc' dir='ltr'>τῶν</span> <span class='ocrx_word' id='word_1_156' title='bbox 1005 1626 1277 1676; x_wconf 86' lang='grc' dir='ltr'>δυοκαίδεκα</span> <span class='ocrx_word' id='word_1_157' title='bbox 1321 1630 1489 1695; x_wconf 82' lang='grc' dir='ltr'>φυλῶν</span> <span class='ocrx_word' id='word_1_158' title='bbox 1534 1625 1816 1693; x_wconf 81' lang='grc' dir='ltr'>Ζοροβάβελ</span> <span class='ocrx_word' id='word_1_159' title='bbox 1858 1628 1884 1677; x_wconf 83' lang='grc' dir='ltr'>ὁ</span> 
     </span>
     <span class='ocr_line' id='line_1_19' title="bbox 299 1707 1880 1776; baseline -0.001 -17"><span class='ocrx_word' id='word_1_160' title='bbox 299 1713 383 1759; x_wconf 84' lang='grc' dir='ltr'>τοῦ</span> <span class='ocrx_word' id='word_1_161' title='bbox 426 1707 675 1772; x_wconf 82' lang='grc' dir='ltr'>Σαλαθιὴλ</span> <span class='ocrx_word' id='word_1_162' title='bbox 719 1710 768 1759; x_wconf 90' lang='grc' dir='ltr'>ἐκ</span> <span class='ocrx_word' id='word_1_163' title='bbox 810 1710 967 1776; x_wconf 81' lang='grc' dir='ltr'>φυλῆς</span> <span class='ocrx_word' id='word_1_164' title='bbox 1010 1707 1177 1770; x_wconf 83' lang='grc' dir='ltr'>Ἰούδα,</span> <span class='ocrx_word' id='word_1_165' title='bbox 1218 1712 1311 1760; x_wconf 82' lang='grc' dir='ltr'>τῶν</span> <span class='ocrx_word' id='word_1_166' title='bbox 1354 1712 1608 1759; x_wconf 80' lang='grc' dir='ltr'>Λευῖτικῶν</span> <span class='ocrx_word' id='word_1_167' title='bbox 1646 1712 1880 1774; x_wconf 88' lang='grc' dir='ltr'>καθηγου-</span> 
     </span>
     <span class='ocr_line' id='line_1_20' title="bbox 298 1789 1878 1857; baseline 0 -17"><span class='ocrx_word' id='word_1_168' title='bbox 298 1790 439 1854; x_wconf 79' lang='grc' dir='ltr'>μένου</span> <span class='ocrx_word' id='word_1_169' title='bbox 476 1790 729 1856; x_wconf 82' lang='grc' dir='ltr'>ταγμάτων</span> <span class='ocrx_word' id='word_1_170' title='bbox 771 1792 845 1840; x_wconf 73' lang='grc' dir='ltr'>καὶ</span> <span class='ocrx_word' id='word_1_171' title='bbox 883 1789 969 1854; x_wconf 86' lang='grc' dir='ltr'>τὴν</span> <span class='ocrx_word' id='word_1_172' title='bbox 1006 1792 1088 1854; x_wconf 86' lang='grc' dir='ltr'>τῆς</span> <span class='ocrx_word' id='word_1_173' title='bbox 1126 1789 1473 1857; x_wconf 81' lang='grc' dir='ltr'>ἀρχιερωσύνης</span> <span class='ocrx_word' id='word_1_174' title='bbox 1510 1790 1748 1845; x_wconf 78' lang='grc' dir='ltr'>διέποντος</span> <span class='ocrx_word' id='word_1_175' title='bbox 1780 1797 1878 1841; x_wconf 90' lang='grc' dir='ltr'>λει-</span> 
     </span>
     <span class='ocr_line' id='line_1_21' title="bbox 299 1871 1954 1939; baseline 0.004 -17"><span class='ocrx_word' id='word_1_176' title='bbox 299 1872 522 1939; x_wconf 86' lang='grc' dir='ltr'>τουργίαν</span> <span class='ocrx_word' id='word_1_177' title='bbox 551 1874 714 1938; x_wconf 83' lang='grc' dir='ltr'>Ἰησοῦ</span> <span class='ocrx_word' id='word_1_178' title='bbox 747 1878 829 1923; x_wconf 86' lang='grc' dir='ltr'>τοῦ</span> <span class='ocrx_word' id='word_1_179' title='bbox 858 1871 1074 1923; x_wconf 78' lang='grc' dir='ltr'>Ἰωσεδὲκ</span> <span class='ocrx_word' id='word_1_180' title='bbox 1106 1877 1188 1923; x_wconf 87' lang='grc' dir='ltr'>τοῦ</span> <span class='ocrx_word' id='word_1_181' title='bbox 1221 1871 1371 1939; x_wconf 76' lang='grc' dir='ltr'>ἱερέως</span> <span class='ocrx_word' id='word_1_182' title='bbox 1404 1877 1488 1922; x_wconf 81' lang='grc' dir='ltr'>τοῦ</span> <span class='ocrx_word' id='word_1_183' title='bbox 1519 1871 1746 1939; x_wconf 84' lang='grc' dir='ltr'>μεγάλου.</span> <span class='ocrx_word' id='word_1_184' title='bbox 1903 1903 1954 1928; x_wconf 87' lang='lat'>20</span> 
     </span>
    </p>
   </div>
   <div class='ocr_carea' id='block_1_3' title="bbox 235 2019 1883 2249">
    <p class='ocr_par' dir='ltr' id='par_1_3' title="bbox 235 2019 1883 2249">
     <span class='ocr_line' id='line_1_22' title="bbox 235 2019 1883 2080; baseline 0 -16"><span class='ocrx_word' id='word_1_185' title='bbox 235 2022 391 2064; x_wconf 75' lang='lat' dir='ltr'>11‘&#39;O†1</span> <span class='ocrx_word' id='word_1_186' title='bbox 417 2024 653 2065; x_wconf 68' lang='grc' dir='ltr'>ἐπλήθυνεν</span> <span class='ocrx_word' id='word_1_187' title='bbox 673 2019 868 2080; x_wconf 76' lang='grc' dir='ltr'>Ἐφραῒμ</span> <span class='ocrx_word' id='word_1_188' title='bbox 893 2023 1168 2080; x_wconf 66' lang='grc' dir='ltr'>θυσιαστήρια</span> <span class='ocrx_word' id='word_1_189' title='bbox 1203 2019 1262 2062; x_wconf 68' lang='grc' dir='ltr'>εἰς</span> <span class='ocrx_word' id='word_1_190' title='bbox 1295 2021 1518 2080; x_wconf 69' lang='grc' dir='ltr'>ἁμαρτίας,</span> <span class='ocrx_word' id='word_1_191' title='bbox 1544 2022 1740 2070; x_wconf 77' lang='grc' dir='ltr'>ὲΓὲνοντο</span> <span class='ocrx_word' id='word_1_192' title='bbox 1766 2023 1883 2077; x_wconf 81' lang='grc' dir='ltr'>αὐτῷ</span> 
     </span>
     <span class='ocr_line' id='line_1_23' title="bbox 235 2105 1881 2164; baseline -0.001 -15"><span class='ocrx_word' id='word_1_193' title='bbox 235 2114 278 2138; x_wconf 84' lang='lat'>12</span> <span class='ocrx_word' id='word_1_194' title='bbox 367 2108 644 2164; x_wconf 59' lang='grc' dir='ltr'>(θυσιαστήρια</span> <span class='ocrx_word' id='word_1_195' title='bbox 694 2108 959 2156; x_wconf 65' lang='grc' dir='ltr'>ἠΓαΠΗμένα·</span> <span class='ocrx_word' id='word_1_196' title='bbox 1031 2107 1295 2164; x_wconf 66' lang='grc' dir='ltr'>κατατράψω</span> <span class='ocrx_word' id='word_1_197' title='bbox 1339 2107 1455 2161; x_wconf 79' lang='grc' dir='ltr'>αὐτῷ</span> <span class='ocrx_word' id='word_1_198' title='bbox 1496 2109 1662 2148; x_wconf 61' lang='grc' dir='ltr'>Πλῆθος</span> <span class='ocrx_word' id='word_1_199' title='bbox 1712 2105 1781 2147; x_wconf 79' lang='grc' dir='ltr'>καὶ</span> <span class='ocrx_word' id='word_1_200' title='bbox 1828 2106 1881 2148; x_wconf 84' lang='grc' dir='ltr'>τὰ</span> 
     </span>
     <span class='ocr_line' id='line_1_24' title="bbox 366 2189 1879 2249; baseline -0.002 -15"><span class='ocrx_word' id='word_1_201' title='bbox 366 2193 521 2240; x_wconf 81' lang='grc' dir='ltr'>νόμιμα</span> <span class='ocrx_word' id='word_1_202' title='bbox 549 2192 687 2233; x_wconf 84' lang='grc' dir='ltr'>αὐτοῦ.</span> <span class='ocrx_word' id='word_1_203' title='bbox 743 2189 803 2232; x_wconf 72' lang='grc' dir='ltr'>εἰς</span> <span class='ocrx_word' id='word_1_204' title='bbox 830 2192 1037 2249; x_wconf 80' lang='grc' dir='ltr'>ἀλλότρια</span> <span class='ocrx_word' id='word_1_205' title='bbox 1070 2190 1350 2239; x_wconf 75' lang='grc' dir='ltr'>ὲλοΓίσθΗσαν</span> <span class='ocrx_word' id='word_1_206' title='bbox 1377 2191 1494 2244; x_wconf 79' lang='grc' dir='ltr'>αὐτῷ</span> <span class='ocrx_word' id='word_1_207' title='bbox 1520 2190 1798 2247; x_wconf 58' lang='grc' dir='ltr'>(θυσιαστήρια</span> <span class='ocrx_word' id='word_1_208' title='bbox 1828 2189 1879 2231; x_wconf 83' lang='grc' dir='ltr'>τὰ</span> 
     </span>
    </p>
   </div>
   <div class='ocr_carea' id='block_1_4' title="bbox 366 2277 632 2326">
    <p class='ocr_par' dir='ltr' id='par_1_4' title="bbox 366 2277 632 2326">
     <span class='ocr_line' id='line_1_25' title="bbox 366 2277 632 2326; baseline 0.004 -10"><span class='ocrx_word' id='word_1_209' title='bbox 366 2277 632 2326; x_wconf 68' lang='grc' dir='ltr'>ἠΓαΠΗμένα.</span> 
     </span>
    </p>
   </div>
   <div class='ocr_carea' id='block_1_5' title="bbox 261 2363 1950 2763">
    <p class='ocr_par' dir='ltr' id='par_1_5' title="bbox 261 2363 1950 2763">
     <span class='ocr_line' id='line_1_26' title="bbox 261 2363 1950 2437; baseline -0.005 -15"><span class='ocrx_word' id='word_1_210' title='bbox 261 2395 282 2422; x_wconf 83' lang='lat' dir='ltr'>c</span> <span class='ocrx_word' id='word_1_211' title='bbox 373 2369 642 2437; x_wconf 78' lang='grc' dir='ltr'>Ἐξηγεῖται</span> <span class='ocrx_word' id='word_1_212' title='bbox 675 2367 761 2432; x_wconf 84' lang='grc' dir='ltr'>τὴν</span> <span class='ocrx_word' id='word_1_213' title='bbox 795 2368 958 2430; x_wconf 81' lang='grc' dir='ltr'>αἰτίαν,</span> <span class='ocrx_word' id='word_1_214' title='bbox 985 2368 1039 2417; x_wconf 91' lang='grc' dir='ltr'>δι’</span> <span class='ocrx_word' id='word_1_215' title='bbox 1068 2365 1125 2431; x_wconf 83' lang='grc' dir='ltr'>ἣν</span> <span class='ocrx_word' id='word_1_216' title='bbox 1152 2365 1336 2419; x_wconf 79' lang='grc' dir='ltr'>εἰκότως</span> <span class='ocrx_word' id='word_1_217' title='bbox 1367 2370 1462 2419; x_wconf 81' lang='grc' dir='ltr'>τοῖς</span> <span class='ocrx_word' id='word_1_218' title='bbox 1486 2363 1800 2426; x_wconf 85' lang='grc' dir='ltr'>βασιλεύουσι</span> <span class='ocrx_word' id='word_1_219' title='bbox 1827 2363 1881 2415; x_wconf 86' lang='grc' dir='ltr'>τὸ</span> <span class='ocrx_word' id='word_1_220' title='bbox 1903 2386 1950 2425; x_wconf 86' lang='lat'>25</span> 
     </span>
     <span class='ocr_line' id='line_1_27' title="bbox 299 2445 1882 2516; baseline -0.001 -16"><span class='ocrx_word' id='word_1_221' title='bbox 299 2451 644 2502; x_wconf 82' lang='grc' dir='ltr'>ἀποπεσεῖσθαι</span> <span class='ocrx_word' id='word_1_222' title='bbox 671 2454 764 2502; x_wconf 78' lang='grc' dir='ltr'>δεῖν</span> <span class='ocrx_word' id='word_1_223' title='bbox 794 2452 875 2514; x_wconf 87' lang='grc' dir='ltr'>τῆς</span> <span class='ocrx_word' id='word_1_224' title='bbox 907 2451 1054 2516; x_wconf 82' lang='grc' dir='ltr'>ἀρχῆς</span> <span class='ocrx_word' id='word_1_225' title='bbox 1084 2447 1288 2516; x_wconf 79' lang='grc' dir='ltr'>ἐπιφέρει</span> <span class='ocrx_word' id='word_1_226' title='bbox 1315 2448 1500 2499; x_wconf 87' lang='grc' dir='ltr'>λοιπόν.</span> <span class='ocrx_word' id='word_1_227' title='bbox 1567 2452 1774 2498; x_wconf 84' lang='grc' dir='ltr'>πλεῖστα</span> <span class='ocrx_word' id='word_1_228' title='bbox 1797 2445 1882 2511; x_wconf 79' lang='grc' dir='ltr'>μὲν</span> 
     </span>
     <span class='ocr_line' id='line_1_28' title="bbox 297 2529 1880 2600; baseline -0.001 -18"><span class='ocrx_word' id='word_1_229' title='bbox 297 2531 390 2598; x_wconf 79' lang='grc' dir='ltr'>γὰρ</span> <span class='ocrx_word' id='word_1_230' title='bbox 417 2532 510 2583; x_wconf 77' lang='grc' dir='ltr'>ὅσα</span> <span class='ocrx_word' id='word_1_231' title='bbox 536 2532 830 2600; x_wconf 72' lang='grc' dir='ltr'>θυσιαστήρια,</span> <span class='ocrx_word' id='word_1_232' title='bbox 855 2530 913 2582; x_wconf 82' lang='grc' dir='ltr'>τὰ</span> <span class='ocrx_word' id='word_1_233' title='bbox 941 2536 1000 2586; x_wconf 79' lang='grc' dir='ltr'>εἰς</span> <span class='ocrx_word' id='word_1_234' title='bbox 1038 2529 1266 2599; x_wconf 56' lang='grc' dir='ltr'>ἁμαρτιας</span> <span class='ocrx_word' id='word_1_235' title='bbox 1298 2531 1545 2593; x_wconf 89' lang='grc' dir='ltr'>πεποίηται</span> <span class='ocrx_word' id='word_1_236' title='bbox 1571 2533 1637 2598; x_wconf 74' lang='grc' dir='ltr'>τῷ</span> <span class='ocrx_word' id='word_1_237' title='bbox 1664 2529 1880 2599; x_wconf 76' lang='grc' dir='ltr'>Ἐφραίμ.</span> 
     </span>
     <span class='ocr_line' id='line_1_29' title="bbox 297 2609 1882 2681; baseline 0.001 -18"><span class='ocrx_word' id='word_1_238' title='bbox 297 2613 422 2664; x_wconf 79' lang='grc' dir='ltr'>ἄττει</span> <span class='ocrx_word' id='word_1_239' title='bbox 448 2614 495 2665; x_wconf 80' lang='grc' dir='ltr'>δὲ</span> <span class='ocrx_word' id='word_1_240' title='bbox 522 2616 545 2665; x_wconf 87' lang='grc' dir='ltr'>ὁ</span> <span class='ocrx_word' id='word_1_241' title='bbox 572 2615 716 2681; x_wconf 82' lang='grc' dir='ltr'>λόγος</span> <span class='ocrx_word' id='word_1_242' title='bbox 743 2616 817 2665; x_wconf 75' lang='grc' dir='ltr'>καὶ</span> <span class='ocrx_word' id='word_1_243' title='bbox 842 2615 915 2665; x_wconf 75' lang='grc' dir='ltr'>ε’πῖ</span> <span class='ocrx_word' id='word_1_244' title='bbox 941 2611 1024 2664; x_wconf 77' lang='grc' dir='ltr'>τὸν</span> <span class='ocrx_word' id='word_1_245' title='bbox 1049 2618 1238 2679; x_wconf 81' lang='grc' dir='ltr'>πρῶτον</span> <span class='ocrx_word' id='word_1_246' title='bbox 1255 2610 1515 2678; x_wconf 80' lang='grc' dir='ltr'>Ἱεροβοάμ,</span> <span class='ocrx_word' id='word_1_247' title='bbox 1542 2609 1624 2662; x_wconf 81' lang='grc' dir='ltr'>τὸν</span> <span class='ocrx_word' id='word_1_248' title='bbox 1649 2613 1697 2662; x_wconf 89' lang='grc' dir='ltr'>ἐκ</span> <span class='ocrx_word' id='word_1_249' title='bbox 1725 2614 1882 2680; x_wconf 80' lang='grc' dir='ltr'>φυλῆς</span> 
     </span>
     <span class='ocr_line' id='line_1_30' title="bbox 297 2692 1882 2763; baseline -0.001 -18"><span class='ocrx_word' id='word_1_250' title='bbox 297 2695 508 2763; x_wconf 79' lang='grc' dir='ltr'>Ἐφραὶμ</span> <span class='ocrx_word' id='word_1_251' title='bbox 539 2697 916 2760; x_wconf 87' lang='grc' dir='ltr'>βασιλεύσαντα,</span> <span class='ocrx_word' id='word_1_252' title='bbox 940 2698 1014 2746; x_wconf 79' lang='grc' dir='ltr'>καὶ</span> <span class='ocrx_word' id='word_1_253' title='bbox 1049 2694 1146 2758; x_wconf 85' lang='grc' dir='ltr'>μετ’</span> <span class='ocrx_word' id='word_1_254' title='bbox 1174 2697 1344 2746; x_wconf 81' lang='grc' dir='ltr'>ἐκεῖνον</span> <span class='ocrx_word' id='word_1_255' title='bbox 1382 2698 1444 2748; x_wconf 74' lang='grc' dir='ltr'>εἰς</span> <span class='ocrx_word' id='word_1_256' title='bbox 1482 2692 1589 2747; x_wconf 77' lang='grc' dir='ltr'>τοὺς</span> <span class='ocrx_word' id='word_1_257' title='bbox 1627 2694 1811 2763; x_wconf 74' lang='grc' dir='ltr'>ἐφεξῆς,</span> <span class='ocrx_word' id='word_1_258' title='bbox 1838 2693 1882 2744; x_wconf 73' lang='grc' dir='ltr'>οἳ</span> 
     </span>
    </p>
   </div>
   <div class='ocr_carea' id='block_1_6' title="bbox 300 2815 1880 3004">
    <p class='ocr_par' dir='ltr' id='par_1_6' title="bbox 300 2815 1880 3002">
     <span class='ocr_line' id='line_1_31' title="bbox 349 2815 1879 2861; baseline -0.001 -11"><span class='ocrx_word' id='word_1_259' title='bbox 349 2825 379 2861; x_wconf 89' lang='grc'>7.</span> <span class='ocrx_word' id='word_1_260' title='bbox 405 2819 469 2860; x_wconf 85' lang='grc' dir='ltr'>γὰρ</span> <span class='ocrx_word' id='word_1_261' title='bbox 488 2830 549 2861; x_wconf 79' lang='lat' dir='ltr'>pro</span> <span class='ocrx_word' id='word_1_262' title='bbox 567 2834 606 2852; x_wconf 86' lang='grc' dir='ltr'>αν</span> <span class='ocrx_word' id='word_1_263' title='bbox 624 2818 715 2852; x_wconf 86' lang='lat' dir='ltr'>Edd.</span> <span class='ocrx_word' id='word_1_264' title='bbox 906 2819 940 2853; x_wconf 84' lang='lat'>8.</span> <span class='ocrx_word' id='word_1_265' title='bbox 966 2818 1019 2852; x_wconf 78' lang='grc' dir='ltr'>καὶ</span> <span class='ocrx_word' id='word_1_266' title='bbox 1037 2818 1096 2861; x_wconf 86' lang='grc' dir='ltr'>τὴν</span> <span class='ocrx_word' id='word_1_267' title='bbox 1113 2817 1276 2861; x_wconf 82' lang='grc' dir='ltr'>ἀδόκητον</span> <span class='ocrx_word' id='word_1_268' title='bbox 1292 2828 1362 2851; x_wconf 90' lang='lat' dir='ltr'>om.</span> <span class='ocrx_word' id='word_1_269' title='bbox 1383 2817 1429 2851; x_wconf 86' lang='lat' dir='ltr'>D.</span> <span class='ocrx_word' id='word_1_270' title='bbox 1626 2827 1659 2861; x_wconf 90' lang='lat'>9.</span> <span class='ocrx_word' id='word_1_271' title='bbox 1685 2817 1723 2850; x_wconf 87' lang='grc' dir='ltr'>τὸ</span> <span class='ocrx_word' id='word_1_272' title='bbox 1741 2827 1811 2850; x_wconf 92' lang='lat' dir='ltr'>om.</span> <span class='ocrx_word' id='word_1_273' title='bbox 1832 2815 1879 2850; x_wconf 91' lang='lat' dir='ltr'>D.</span> 
     </span>
     <span class='ocr_line' id='line_1_32' title="bbox 304 2862 1880 2917; baseline 0 -21"><span class='ocrx_word' id='word_1_274' title='bbox 304 2874 356 2896; x_wconf 94' lang='lat'>10.</span> <span class='ocrx_word' id='word_1_275' title='bbox 375 2866 434 2896; x_wconf 82' lang='grc' dir='ltr'>τοῦ</span> <span class='ocrx_word' id='word_1_276' title='bbox 453 2877 514 2908; x_wconf 83' lang='lat' dir='ltr'>pro</span> <span class='ocrx_word' id='word_1_277' title='bbox 528 2867 585 2898; x_wconf 83' lang='grc' dir='ltr'>τὸν</span> <span class='ocrx_word' id='word_1_278' title='bbox 599 2867 694 2910; x_wconf 78' lang='lat' dir='ltr'>prius</span> <span class='ocrx_word' id='word_1_279' title='bbox 708 2865 923 2899; x_wconf 84' lang='lat' dir='ltr'>Edd.1</span> <span class='ocrx_word' id='word_1_280' title='bbox 934 2877 962 2899; x_wconf 91' lang='lat'>1.</span> <span class='ocrx_word' id='word_1_281' title='bbox 982 2864 1113 2917; x_wconf 76' lang='grc' dir='ltr'>οὐκέτι]</span> <span class='ocrx_word' id='word_1_282' title='bbox 1122 2865 1160 2898; x_wconf 86' lang='grc' dir='ltr'>οὐ</span> <span class='ocrx_word' id='word_1_283' title='bbox 1175 2864 1233 2898; x_wconf 87' lang='lat' dir='ltr'>iid.</span> <span class='ocrx_word' id='word_1_284' title='bbox 1332 2875 1387 2898; x_wconf 88' lang='lat'>21.</span> <span class='ocrx_word' id='word_1_285' title='bbox 1405 2862 1569 2908; x_wconf 82' lang='grc' dir='ltr'>ἁμαρτίαν</span> <span class='ocrx_word' id='word_1_286' title='bbox 1583 2862 1620 2897; x_wconf 89' lang='lat' dir='ltr'>F.</span> <span class='ocrx_word' id='word_1_287' title='bbox 1637 2862 1756 2907; x_wconf 78' lang='lat' dir='ltr'>(Alex.</span> <span class='ocrx_word' id='word_1_288' title='bbox 1770 2862 1843 2896; x_wconf 92' lang='lat' dir='ltr'>XII</span> <span class='ocrx_word' id='word_1_289' title='bbox 1860 2874 1880 2896; x_wconf 93' lang='lat' dir='ltr'>a</span> 
     </span>
     <span class='ocr_line' id='line_1_33' title="bbox 300 2909 1878 2970; baseline 0.001 -28"><span class='ocrx_word' id='word_1_290' title='bbox 300 2921 407 2943; x_wconf 81' lang='lat' dir='ltr'>manu</span> <span class='ocrx_word' id='word_1_291' title='bbox 425 2922 512 2954; x_wconf 75' lang='lat' dir='ltr'><strong>prm]</strong></span> <span class='ocrx_word' id='word_1_292' title='bbox 518 2924 546 2945; x_wconf 52' lang='grc' dir='ltr'>ει</span> <span class='ocrx_word' id='word_1_293' title='bbox 553 2911 568 2955; x_wconf 82' lang='grc'>)</span> <span class='ocrx_word' id='word_1_294' title='bbox 615 2912 852 2970; x_wconf 42' lang='grc' dir='ltr'>’θυσιαστήρια</span> <span class='ocrx_word' id='word_1_295' title='bbox 862 2913 950 2958; x_wconf 77' lang='grc' dir='ltr'>αὐτῷ</span> <span class='ocrx_word' id='word_1_296' title='bbox 969 2912 1113 2945; x_wconf 84' lang='lat' dir='ltr'>ordine</span> <span class='ocrx_word' id='word_1_297' title='bbox 1107 2923 1165 2945; x_wconf 70' lang='lat' dir='ltr'>mx</span> <span class='ocrx_word' id='word_1_298' title='bbox 1169 2923 1245 2945; x_wconf 86' lang='lat' dir='ltr'>e1so</span> <span class='ocrx_word' id='word_1_299' title='bbox 1266 2911 1310 2944; x_wconf 90' lang='lat' dir='ltr'>D.</span> <span class='ocrx_word' id='word_1_300' title='bbox 1471 2921 1526 2944; x_wconf 86' lang='lat'>22.</span> <span class='ocrx_word' id='word_1_301' title='bbox 1552 2910 1653 2944; x_wconf 83' lang='grc' dir='ltr'>αὐτοῦ</span> <span class='ocrx_word' id='word_1_302' title='bbox 1674 2910 1709 2944; x_wconf 93' lang='lat' dir='ltr'>F.</span> <span class='ocrx_word' id='word_1_303' title='bbox 1730 2911 1802 2952; x_wconf 89' lang='lat'>(42,</span> <span class='ocrx_word' id='word_1_304' title='bbox 1821 2909 1878 2949; x_wconf 87' lang='lat'>62,</span> 
     </span>
     <span class='ocr_line' id='line_1_34' title="bbox 304 2956 1878 3004; baseline -0.001 -12"><span class='ocrx_word' id='word_1_305' title='bbox 304 2967 378 3000; x_wconf 79' lang='lat'>147-</span> <span class='ocrx_word' id='word_1_306' title='bbox 386 2958 396 2997; x_wconf 93' lang='lat'>)</span> <span class='ocrx_word' id='word_1_307' title='bbox 507 2969 560 3001; x_wconf 82' lang='grc'>2-3</span> <span class='ocrx_word' id='word_1_308' title='bbox 586 2959 689 2992; x_wconf 73' lang='grc' dir='ltr'>αὐτοῦ</span> <span class='ocrx_word' id='word_1_309' title='bbox 710 2959 750 2992; x_wconf 87' lang='lat' dir='ltr'>B.</span> <span class='ocrx_word' id='word_1_310' title='bbox 770 2960 877 2993; x_wconf 81' lang='grc' dir='ltr'>αὐτῶν</span> <span class='ocrx_word' id='word_1_311' title='bbox 898 2960 933 2993; x_wconf 93' lang='lat' dir='ltr'>I.</span> <span class='ocrx_word' id='word_1_312' title='bbox 953 2958 1043 2992; x_wconf 86' lang='lat' dir='ltr'>E.dd</span> <span class='ocrx_word' id='word_1_313' title='bbox 1092 2959 1180 3004; x_wconf 78' lang='grc' dir='ltr'>αὐτῷ</span> <span class='ocrx_word' id='word_1_314' title='bbox 1199 2970 1268 2992; x_wconf 88' lang='lat' dir='ltr'>om.</span> <span class='ocrx_word' id='word_1_315' title='bbox 1288 2958 1334 2991; x_wconf 87' lang='lat' dir='ltr'>D.</span> <span class='ocrx_word' id='word_1_316' title='bbox 1448 2957 1502 2991; x_wconf 90' lang='lat'>26.</span> <span class='ocrx_word' id='word_1_317' title='bbox 1529 2957 1598 2991; x_wconf 80' lang='grc' dir='ltr'>δεῖν</span> <span class='ocrx_word' id='word_1_318' title='bbox 1614 2958 1672 3000; x_wconf 84' lang='grc' dir='ltr'>τῆς</span> <span class='ocrx_word' id='word_1_319' title='bbox 1688 2957 1795 3002; x_wconf 80' lang='grc' dir='ltr'>ἀρχῆς</span> <span class='ocrx_word' id='word_1_320' title='bbox 1812 2956 1878 2990; x_wconf 87' lang='lat' dir='ltr'>hoc</span> 
     </span>
    </p>
   </div>
   <div class='ocr_carea' id='block_1_7' title="bbox 300 3003 1116 3050">
    <p class='ocr_par' dir='ltr' id='par_1_7' title="bbox 300 3003 1116 3050">
     <span class='ocr_line' id='line_1_35' title="bbox 300 3003 1116 3050; baseline 0.004 -15"><span class='ocrx_word' id='word_1_321' title='bbox 300 3003 420 3036; x_wconf 77' lang='lat' dir='ltr'>oldine</span> <span class='ocrx_word' id='word_1_322' title='bbox 443 3003 481 3037; x_wconf 83' lang='lat' dir='ltr'>B.</span> <span class='ocrx_word' id='word_1_323' title='bbox 490 3003 532 3037; x_wconf 81' lang='lat'>1).</span> <span class='ocrx_word' id='word_1_324' title='bbox 701 3007 755 3038; x_wconf 71' lang='lat'>28.</span> <span class='ocrx_word' id='word_1_325' title='bbox 782 3005 929 3050; x_wconf 39' lang='lat' dir='ltr'>‹mir-ret]</span> <span class='ocrx_word' id='word_1_326' title='bbox 909 3020 1005 3039; x_wconf 73' lang='grc' dir='ltr'>(ιπτει</span> <span class='ocrx_word' id='word_1_327' title='bbox 1026 3004 1116 3038; x_wconf 85' lang='lat' dir='ltr'>Edd.</span> 
     </span>
    </p>
   </div>
  </div>
 </body>
</html>
