2021 3434
99 204 152 245 xi.
178 218 272 257 2—4.
563 206 635 247 IN
677 206 912 247 OSEAM.
973 206 1123 247 TOM.
1156 206 1234 246 VI.
1595 207 1677 245 229

102 315 318 367 τουτέστι
354 320 449 370 τοῖς
483 315 703 378 εἰδώλοις,
743 320 994 380 θυμιῶντες
1030 321 1125 370 τοῖς
1164 320 1405 381 γλυπτοῖς,
1445 313 1547 378 ἤτοι
1580 318 1676 367 τοῖς

101 401 195 448 τῶν
235 399 471 465 ἐγχωρίων
509 399 834 462 σεβάσμασιν.
904 398 991 464 ἐγὼ
1033 397 1081 449 δὲ
1122 398 1306 464 ἐπείπερ
1343 401 1432 461 εἰμὶ
1470 396 1678 464 χρηστός

100 502 151 530 τε
174 481 249 530 καὶ
274 479 462 546 ἀγαθὸς,
489 480 654 546 καίπερ
689 482 832 534 οὕτως
867 480 1034 548 ἔχοντα
1068 480 1345 545 σκαιότητος
1369 482 1437 532 τὶν
1461 479 1677 548 Ἐφραὶμ,

99 562 200 626 ἤτοι
234 563 341 613 καθ’
370 562 484 613 ὅλου
521 561 603 613 τὸν
628 562 842 629 Ἰσραὴλ,
877 565 940 617 ὡς
977 566 1026 614 ἐκ
1063 568 1170 626 μιᾶς
1208 562 1368 614 ἐνθάδε
1406 565 1562 632 φυλῆς
1591 565 1672 627 δη-

57 659 78 698 5
98 643 338 707 λούμενον,
365 642 630 696 συνεπόδισοί
657 649 819 713 φησιν.

175 728 267 776 Καὶ
305 727 355 776 τί
388 726 444 790 δὴ
478 725 614 777 τοῦτό
639 728 783 790 ἐστιν,
810 725 945 780 αὐτὸς
972 726 1234 794 διεσάφησε
1261 726 1414 793 λέγων
1438 726 1680 788 Ἀνὲλοιβον

99 808 223 859 αὐτδν
258 809 330 859 ἐπὶ
369 809 436 860 τὶν
469 808 693 880 βραχίονοί
729 833 826 876 μου.
890 809 917 872 ἡ
946 808 993 859 δὲ
1025 815 1107 860 τοῦ
1145 808 1423 875 πράγματος
1452 809 1679 875 ὁμοιότης,

100 891 161 944 ὡς
194 892 243 941 ἐκ
280 896 362 941 τοῦ
396 891 631 958 δρωμένου
663 892 768 958 περὶ
806 890 866 942 τὰ
898 891 1054 956 νήπια.
1121 895 1162 941 οὶ
1188 891 1282 958 γὰρ
1319 891 1377 942 τὰ
1416 891 1559 957 μικρὰ
1587 897 1682 943 τῶν

99 977 291 1041 βρεφῶν
342 978 404 1027 εἷς
459 979 616 1041 χεῖρας
675 973 1102 1037 ἀναλαμβάνοντες,
1154 976 1289 1025 οἱονεὶ
1339 971 1681 1045 συμποδιζουσιν

34 1077 81 1102 10
100 1056 228 1118 αὐτὰ,
279 1056 632 1122 συνενεγκόντες
675 1054 782 1110 τοὺς
824 1056 986 1110 πόδας.
1053 1059 1124 1107 δεῖ
1167 1056 1261 1122 γὰρ
1299 1054 1425 1119 οἶμαι
1462 1057 1677 1108 συστέλ-

88 1142 270 1190 ’λεσθαι
295 1138 469 1205 μηρούς
494 1161 543 1190 τε
569 1141 644 1190 καὶ
668 1138 845 1205 γόνατα
875 1138 1050 1192 παντὸς
1080 1145 1162 1190 τοῦ
1187 1138 1504 1206 συνιζηκότος·
1542 1139 1680 1191 τοῦτό

100 1223 200 1272 ἐστι
236 1219 289 1272 τὸ
325 1218 605 1273 auvam-&ma-
646 1221 857 1287 καθάπερ
894 1221 1052 1285 ἀμέλει
1086 1223 1161 1272 καὶ
1198 1226 1303 1289 περὶ
1341 1228 1424 1273 τοῦ
1456 1221 1680 1288 Ἀβραὰμ

100 1303 372 1371 γέγραπται,
411 1304 481 1355 ὅτι
519 1301 789 1356 συνεπόδισεν
825 1303 993 1355 Ἰσαὰκ
1033 1304 1115 1355 τὸν
1160 1304 1257 1355 υἱὸν
1295 1306 1449 1367 αὐτοῦ,
1489 1305 1564 1356 ὅτε
1604 1309 1680 1357 καὶ

101 1387 223 1438 θύειν
246 1387 387 1438 αὑτὸν
415 1385 741 1455 προσεδόκησε
769 1391 834 1457 τῷ
863 1391 986 1456 Θεῷ.
1040 1387 1203 1438 εἰδέναι
1235 1387 1283 1439 δὲ
1315 1389 1584 1454 ἀναγκαῖον,
1611 1387 1681 1439 ὅτι

36 1489 82 1526 15
100 1473 194 1521 τῶν
217 1470 453 1537 Ἐβραίων
479 1471 506 1535 ἡ
533 1470 728 1533 ἕκδοσις,
757 1472 830 1521 καὶ
866 1468 959 1534 μὴν
994 1472 1070 1521 καὶ
1099 1471 1127 1535 ἡ
1158 1474 1251 1521 τῶν
1279 1469 1460 1537 ἑτέρων,
1484 1471 1566 1522 οὐκ
1591 1471 1681 1538 ε”χει

101 1550 154 1603 τὸ
194 1550 471 1604 συνεπόδισοι·
513 1553 748 1604 τεθείκασι
786 1552 834 1603 δὲ
872 1557 1060 1616 μᾶλλον
1098 1552 1151 1604 τὸ
1186 1552 1368 1618 Γέγονα
1403 1555 1464 1607 ὡς
1495 1552 1680 1617 τιθηνὸς

103 1638 169 1702 τῷ
205 1633 429 1702 Ἐφραίμ.
496 1637 660 1687 οὐκοῦν
694 1634 785 1702 ἐγὼ
826 1635 909 1699 μὲν
946 1638 1050 1702 περὶ
1089 1633 1254 1689 αὐτοὺς
1294 1641 1514 1699 τοιοῦτος,
1549 1636 1680 1686 αὐτοὶ

103 1716 151 1767 δὲ
196 1721 269 1768 οὐκ
320 1717 525 1784 ἔγνωσαν,
569 1717 810 1770 τουτέστιν
860 1719 914 1769 οὐ
962 1721 1185 1782 συνῆκαν,
1231 1719 1313 1769 οὐκ
1355 1715 1565 1786 ᾔσθοντο
1609 1717 1681 1769 ὅτι

103 1800 426 1868 καταφθείρων
462 1801 639 1868 ἑτέρους
680 1805 775 1853 τῶν
817 1800 915 1852 κατ’
956 1802 1120 1855 αὐτοὺς
1157 1807 1379 1864 ποιοῦμαι
1417 1800 1502 1866 τὴν
1541 1802 1680 1852 ε’παν-

35 1904 84 1929 20
105 1879 324 1947 όρθωσιν.
363 1889 500 1935 τοῦτο
526 1883 618 1950 γὰρ
651 1882 704 1935 τὸ
727 1884 894 1953 ’Ίαμαι
930 1883 1085 1939 cebro&
1119 1885 1157 1936 ἐν
1191 1881 1409 1955 διαφθορᾷ
1435 1883 1677 1954 ἀνθρώπων·

102 1965 467 2033 κατεφθάρησαν
491 1966 575 2030 μὲν
600 1965 694 2033 γὰρ
721 1966 968 2033 Αἰγύπτιοι
994 1971 1171 2034 πρῶτοι
1196 1972 1297 2021 ταῖς
1323 1965 1432 2017 δέκα
1457 1971 1679 2032 πληγαῖς,

102 2047 185 2098 οὐκ
222 2048 422 2102 ἀνιέντος
458 2054 540 2100 τοῦ
575 2049 765 2116 Φαραώ.
818 2049 936 2113 μετὰ
974 2050 1028 2100 δέ
1059 2072 1112 2116 γε
1147 2049 1231 2103 τὰς
1256 2050 1529 2115 Αἰγυπτίων
1553 2057 1680 2114 πλη-

101 2128 202 2195 γὰς,
237 2130 497 2182 διολώλασι
535 2135 766 2195 Χετταῖοι,
808 2133 968 2183 Εὑαῖοι
1003 2135 1078 2182 καὶ
1103 2133 1390 2199 Ἀμοῤῥαῖοι,
1423 2135 1680 2182 Χαναναῖοι

103 2215 178 2263 καὶ
203 2214 494 2278 Ἰεβουσαῖοι,
519 2213 596 2268 οὓς
623 2214 866 2279 νενικηκὼς
898 2213 1017 2265 κατὰ
1048 2214 1215 2281 κράτος
1239 2216 1264 2265 ὁ
1285 2212 1488 2281 Ἰσραὴλ
1513 2220 1679 2278 κεκλη-

35 2315 82 2353 25
102 2293 328 2361 ρονόμηκε
364 2299 446 2361 τῆς
484 2297 770 2362 ἐπαγγελίας
801 2295 886 2361 τὴν
923 2300 1028 2362 γῆν,
1056 2301 1180 2348 Θεοῦ
1213 2301 1309 2347 πᾶν
1347 2297 1500 2349 αὐτοῖς
1532 2319 1675 2347 κατα-

101 2381 358 2446 ψιλοῦντος
397 2378 451 2430 τὸ
490 2379 694 2442 ἄναντες,
729 2381 804 2430 καὶ
842 2378 895 2430 τὸ
935 2379 1165 2430 δύνασθαι
1203 2382 1549 2444 κατευμεγεθεῖν
1586 2383 1681 2430 τῶν

1698 567 1725 609 d

1699 1247 1719 1274 θ

1741 1308 1824 1338 Gen.

1742 1352 1819 1382 xxii.
1840 1361 1868 1392 9.

1699 1823 1721 1848 a
1751 1815 1831 1849 159
1849 1814 1899 1848 A.

101 2461 280 2528 ἐχθρῶν
323 2462 647 2525 ἀπονέμοντος.
713 2463 878 2513 οὐκοῦν
919 2463 1002 2513 οὐκ
1052 2459 1359 2513 αἰσθάνονταί
1394 2466 1560 2529 φησιν,
1608 2461 1724 2514 gub

102 2545 425 2612 καταφθείρων
462 2543 702 2612 ἀνθρώπους
740 2544 847 2598 τοὺς
882 2545 1115 2609 ὁμογενεῖς
1149 2545 1315 2606 αὐτοῖς,
1347 2544 1396 2594 εὖ
1433 2543 1587 2608 ἐτίθην
1620 2543 1680 2595 τὰ

103 2625 199 2675 κατ’
230 2625 410 2678 αὐτούς.
478 2628 552 2675 καὶ
585 2626 771 2694 ἐξέτεινα
807 2625 973 2688 αὐτοῦς,
1005 2625 1233 2688 τουτέστι,
1263 2625 1570 2695 συνέσφιγξα
1603 2630 1680 2679 καὶ

35 2734 82 2770 30
102 2706 338 2774 συνέσχον
377 2709 437 2760 ὡς
479 2708 516 2758 ἐν
552 2704 732 2775 δεσμαῖς
769 2707 975 2774 ἀγάπης.
1044 2708 1152 2758 ἀλλ’
1190 2707 1315 2774 ε’ίπερ
1353 2707 1479 2773 ἦσαν
1516 2711 1677 2779 σοφοὶ,

151 2844 182 2881 7.
207 2835 419 2881 πράγματος]
438 2836 707 2881 παραδείγματος
724 2836 816 2870 Edd.
837 2836 955 2871 invitis
975 2836 1066 2871 B.D.
1080 2837 1116 2871 b.
1344 2849 1397 2873 ΙΙ.
1422 2839 1523 2872 τοῦτό
1541 2838 1615 2874 ἔστι
1634 2839 1677 2874 Β.

102 2882 258 2917 τουτέστι
277 2883 322 2916 D.
344 2882 435 2916 Edd.
534 2883 587 2917 16.
612 2883 753 2929 γέγονα]
773 2883 908 2929 γέγονεν
926 2883 1018 2918 Edd.
1036 2884 1152 2918 invitis
1171 2884 1264 2918 B.D.
1279 2884 1314 2919 b.
1421 2896 1476 2930 23.
1502 2886 1675 2932 Χετταῖοι]

106 2929 163 2963 Sic
182 2930 314 2963 correxi
332 2941 372 2963 ex
391 2929 424 2963 b.
444 2931 578 2963 Χεταῖοι
597 2930 643 2964 D.
663 2930 755 2964 Edd.
807 2930 931 2965 Statim
949 2931 979 2964 οἱ
997 2931 1049 2964 καὶ
1067 2931 1233 2975 ἀμοραῖοι,
1245 2931 1298 2966 καὶ
1316 2932 1418 2967 εὖαῖοι
1437 2933 1490 2966 καὶ
1507 2938 1629 2968 Χαναν.
1641 2934 1677 2968 b.

103 2977 156 3010 καὶ
174 2988 243 3010 om.
264 2976 309 3010 D.
514 2978 568 3011 28.
596 2977 707 3021 ἐτίθην
723 2977 758 3012 b.
777 2977 896 3012 ἐτίθειν
914 2978 1007 3012 Β.Ι).
1025 2976 1156 3013 ἐτίθουν
1174 2978 1265 3013 Edd.
1477 2991 1534 3026 30.
1560 2981 1604 3017 ὡς
1621 2993 1675 3015 as-

104 3027 284 3068 sumptum
303 3035 343 3057 ex
362 3023 452 3058 B.D.
466 3023 500 3058 b.
