<?xml version="1.0" encoding="UTF-8"?>
<!DOCTYPE html PUBLIC "-//W3C//DTD XHTML 1.0 Transitional//EN"
    "http://www.w3.org/TR/xhtml1/DTD/xhtml1-transitional.dtd">
<html xmlns="http://www.w3.org/1999/xhtml" xml:lang="en" lang="en">
 <head>
  <title>
</title>
<meta http-equiv="Content-Type" content="text/html;charset=utf-8" />
  <meta name='ocr-system' content='tesseract 3.04.00' />
  <meta name='ocr-capabilities' content='ocr_page ocr_carea ocr_par ocr_line ocrx_word'/>
</head>
<body>
  <div class='ocr_page' id='page_1' title='image "./operacyrilli01cyriuoft_0157.png"; bbox 0 0 2021 3434; ppageno 0'>
   <div class='ocr_carea' id='block_1_1' title="bbox 0 86 70 3434">
    <p class='ocr_par' dir='ltr' id='par_1_1' title="bbox 0 86 70 3434">
     <span class='ocr_line' id='line_1_1' title="bbox 0 86 70 3434; baseline 0 0"><span class='ocrx_word' id='word_1_1' title='bbox 0 86 70 3434; x_wconf 95' lang='lat' dir='ltr'> </span> 
     </span>
    </p>
   </div>
   <div class='ocr_carea' id='block_1_2' title="bbox 133 217 1708 282">
    <p class='ocr_par' dir='ltr' id='par_1_2' title="bbox 133 217 1708 282">
     <span class='ocr_line' id='line_1_2' title="bbox 133 217 1708 282; baseline -0.013 -6"><span class='ocrx_word' id='word_1_2' title='bbox 133 241 170 267; x_wconf 85' lang='lat' dir='ltr'>V·</span> <span class='ocrx_word' id='word_1_3' title='bbox 197 228 231 276; x_wconf 79' lang='grc'>8,</span> <span class='ocrx_word' id='word_1_4' title='bbox 255 242 293 282; x_wconf 85' lang='grc'>9-</span> <span class='ocrx_word' id='word_1_5' title='bbox 594 229 666 269; x_wconf 92' lang='lat' dir='ltr'>IN</span> <span class='ocrx_word' id='word_1_6' title='bbox 708 229 944 269; x_wconf 77' lang='lat' dir='ltr'>OSEAM.</span> <span class='ocrx_word' id='word_1_7' title='bbox 1005 226 1148 266; x_wconf 83' lang='lat' dir='ltr'><strong>TOM.</strong></span> <span class='ocrx_word' id='word_1_8' title='bbox 1182 224 1268 265; x_wconf 89' lang='grc' dir='ltr'>ΠΙ.</span> <span class='ocrx_word' id='word_1_9' title='bbox 1629 217 1708 257; x_wconf 77' lang='lat'>123</span> 
     </span>
    </p>
   </div>
   <div class='ocr_carea' id='block_1_3' title="bbox 76 330 1929 1724">
    <p class='ocr_par' dir='ltr' id='par_1_3' title="bbox 76 330 1929 1724">
     <span class='ocr_line' id='line_1_3' title="bbox 135 330 1710 409; baseline -0.015 -7"><span class='ocrx_word' id='word_1_10' title='bbox 135 345 429 406; x_wconf 71' lang='grc' dir='ltr'>προσβολῆς,</span> <span class='ocrx_word' id='word_1_11' title='bbox 466 343 548 394; x_wconf 84' lang='grc' dir='ltr'>οὐκ</span> <span class='ocrx_word' id='word_1_12' title='bbox 584 342 808 397; x_wconf 88' lang='grc' dir='ltr'>ἀνικάνως</span> <span class='ocrx_word' id='word_1_13' title='bbox 843 341 1042 409; x_wconf 84' lang='grc' dir='ltr'>ἐχούσης</span> <span class='ocrx_word' id='word_1_14' title='bbox 1078 339 1280 408; x_wconf 71' lang='grc' dir='ltr'>ἐρυσίβης</span> <span class='ocrx_word' id='word_1_15' title='bbox 1311 337 1441 400; x_wconf 86' lang='grc' dir='ltr'>δίκην</span> <span class='ocrx_word' id='word_1_16' title='bbox 1479 330 1710 400; x_wconf 77' lang='grc' dir='ltr'>ἀφανίσαι</span> 
     </span>
     <span class='ocr_line' id='line_1_4' title="bbox 136 412 1711 487; baseline -0.007 -14"><span class='ocrx_word' id='word_1_17' title='bbox 136 425 292 478; x_wconf 77' lang='grc' dir='ltr'>δεινῶς</span> <span class='ocrx_word' id='word_1_18' title='bbox 330 425 493 478; x_wconf 80' lang='grc' dir='ltr'>αὐτούς</span> <span class='ocrx_word' id='word_1_19' title='bbox 531 448 580 476; x_wconf 89' lang='grc' dir='ltr'>τε</span> <span class='ocrx_word' id='word_1_20' title='bbox 620 427 694 476; x_wconf 82' lang='grc' dir='ltr'>καὶ</span> <span class='ocrx_word' id='word_1_21' title='bbox 728 424 788 476; x_wconf 80' lang='grc' dir='ltr'>τὰ</span> <span class='ocrx_word' id='word_1_22' title='bbox 825 426 992 475; x_wconf 83' lang='grc' dir='ltr'>αὐτῶν·</span> <span class='ocrx_word' id='word_1_23' title='bbox 1034 428 1171 474; x_wconf 90' lang='grc' dir='ltr'>τοῦτο</span> <span class='ocrx_word' id='word_1_24' title='bbox 1209 419 1303 487; x_wconf 79' lang='grc' dir='ltr'>γὰρ</span> <span class='ocrx_word' id='word_1_25' title='bbox 1337 425 1371 471; x_wconf 86' lang='grc' dir='ltr'>οἱ</span> <span class='ocrx_word' id='word_1_26' title='bbox 1413 415 1574 485; x_wconf 63' lang='grc' dir='ltr'>κλῆροι.</span> <span class='ocrx_word' id='word_1_27' title='bbox 1641 412 1711 463; x_wconf 83' lang='grc' dir='ltr'>ὅτι</span> 
     </span>
     <span class='ocr_line' id='line_1_5' title="bbox 138 494 1712 574; baseline -0.008 -14"><span class='ocrx_word' id='word_1_28' title='bbox 138 504 186 555; x_wconf 75' lang='grc' dir='ltr'>δὲ</span> <span class='ocrx_word' id='word_1_29' title='bbox 222 505 288 570; x_wconf 86' lang='grc' dir='ltr'>μὴ</span> <span class='ocrx_word' id='word_1_30' title='bbox 328 511 389 560; x_wconf 80' lang='grc' dir='ltr'>εἰς</span> <span class='ocrx_word' id='word_1_31' title='bbox 433 506 682 574; x_wconf 80' lang='grc' dir='ltr'>ὑπέρθεσιν</span> <span class='ocrx_word' id='word_1_32' title='bbox 721 510 795 558; x_wconf 83' lang='grc' dir='ltr'>καὶ</span> <span class='ocrx_word' id='word_1_33' title='bbox 833 505 1077 574; x_wconf 86' lang='grc' dir='ltr'>ἀνοκωχὴν</span> <span class='ocrx_word' id='word_1_34' title='bbox 1114 507 1138 556; x_wconf 87' lang='grc' dir='ltr'>ὁ</span> <span class='ocrx_word' id='word_1_35' title='bbox 1173 503 1394 565; x_wconf 88' lang='grc' dir='ltr'>πόλεμος,</span> <span class='ocrx_word' id='word_1_36' title='bbox 1429 499 1537 551; x_wconf 87' lang='grc' dir='ltr'>ἀλλ’</span> <span class='ocrx_word' id='word_1_37' title='bbox 1579 494 1712 548; x_wconf 79' lang='grc' dir='ltr'>εὐθὺς</span> 
     </span>
     <span class='ocr_line' id='line_1_6' title="bbox 137 577 1718 657; baseline -0.006 -20"><span class='ocrx_word' id='word_1_38' title='bbox 137 588 213 637; x_wconf 75' lang='grc' dir='ltr'>καὶ</span> <span class='ocrx_word' id='word_1_39' title='bbox 250 587 369 638; x_wconf 80' lang='grc' dir='ltr'>κατὰ</span> <span class='ocrx_word' id='word_1_40' title='bbox 408 588 568 651; x_wconf 84' lang='grc' dir='ltr'>πόδας,</span> <span class='ocrx_word' id='word_1_41' title='bbox 603 587 1027 657; x_wconf 87' lang='grc' dir='ltr'>πεπληροφόρηκεν</span> <span class='ocrx_word' id='word_1_42' title='bbox 1067 591 1207 638; x_wconf 81' lang='grc' dir='ltr'>εἶπῶν</span> <span class='ocrx_word' id='word_1_43' title='bbox 1247 587 1336 636; x_wconf 74' lang='grc' dir='ltr'>Νῦν</span> <span class='ocrx_word' id='word_1_44' title='bbox 1378 577 1718 648; x_wconf 65' lang='grc' dir='ltr'>καταφάγεταί</span> 
     </span>
     <span class='ocr_line' id='line_1_7' title="bbox 96 659 1714 739; baseline -0.01 -15"><span class='ocrx_word' id='word_1_45' title='bbox 96 688 118 724; x_wconf 88' lang='grc'><em>5</em></span> <span class='ocrx_word' id='word_1_46' title='bbox 141 668 291 725; x_wconf 67' lang='grc' dir='ltr'>αὐτους</span> <span class='ocrx_word' id='word_1_47' title='bbox 318 674 338 732; x_wconf 72' lang='grc' dir='ltr'><em>ἦ</em></span> <span class='ocrx_word' id='word_1_48' title='bbox 364 672 551 739; x_wconf 74' lang='grc' dir='ltr'>ἐρυσίβη.</span> <span class='ocrx_word' id='word_1_49' title='bbox 606 670 764 734; x_wconf 79' lang='grc' dir='ltr'>ὅμοιον</span> <span class='ocrx_word' id='word_1_50' title='bbox 785 673 845 724; x_wconf 83' lang='grc' dir='ltr'>ὡς</span> <span class='ocrx_word' id='word_1_51' title='bbox 865 674 901 720; x_wconf 79' lang='grc' dir='ltr'>εἰ</span> <span class='ocrx_word' id='word_1_52' title='bbox 928 668 1059 735; x_wconf 84' lang='grc' dir='ltr'>λέγοι</span> <span class='ocrx_word' id='word_1_53' title='bbox 1081 668 1294 719; x_wconf 85' lang='grc' dir='ltr'>Κατόπιν</span> <span class='ocrx_word' id='word_1_54' title='bbox 1320 665 1421 734; x_wconf 74' lang='grc' dir='ltr'>ἥξει</span> <span class='ocrx_word' id='word_1_55' title='bbox 1439 667 1533 714; x_wconf 78' lang='grc' dir='ltr'>τῶν</span> <span class='ocrx_word' id='word_1_56' title='bbox 1554 659 1714 725; x_wconf 80' lang='grc' dir='ltr'>λόγων</span> 
     </span>
     <span class='ocr_line' id='line_1_8' title="bbox 138 738 1713 819; baseline -0.006 -16"><span class='ocrx_word' id='word_1_57' title='bbox 138 757 232 803; x_wconf 81' lang='grc' dir='ltr'>τῶν</span> <span class='ocrx_word' id='word_1_58' title='bbox 266 754 467 819; x_wconf 82' lang='grc' dir='ltr'>ἀνιαρῶν</span> <span class='ocrx_word' id='word_1_59' title='bbox 496 754 524 817; x_wconf 86' lang='grc' dir='ltr'>ἡ</span> <span class='ocrx_word' id='word_1_60' title='bbox 556 753 705 819; x_wconf 84' lang='grc' dir='ltr'>πείρα,</span> <span class='ocrx_word' id='word_1_61' title='bbox 731 751 870 818; x_wconf 74' lang='grc' dir='ltr'>ἐγγὺς</span> <span class='ocrx_word' id='word_1_62' title='bbox 895 752 983 817; x_wconf 73' lang='grc' dir='ltr'>ἤδη</span> <span class='ocrx_word' id='word_1_63' title='bbox 1018 752 1092 802; x_wconf 78' lang='grc' dir='ltr'>καὶ</span> <span class='ocrx_word' id='word_1_64' title='bbox 1127 751 1200 801; x_wconf 78' lang='grc' dir='ltr'>ἐπὶ</span> <span class='ocrx_word' id='word_1_65' title='bbox 1231 749 1390 815; x_wconf 83' lang='grc' dir='ltr'>θύραις</span> <span class='ocrx_word' id='word_1_66' title='bbox 1416 746 1444 809; x_wconf 87' lang='grc' dir='ltr'>ἡ</span> <span class='ocrx_word' id='word_1_67' title='bbox 1471 738 1713 810; x_wconf 78' lang='grc' dir='ltr'>συμφορά.</span> 
     </span>
     <span class='ocr_line' id='line_1_9' title="bbox 138 822 1918 900; baseline -0.008 -15"><span class='ocrx_word' id='word_1_68' title='bbox 138 835 378 900; x_wconf 79' lang='grc' dir='ltr'>περιέσται</span> <span class='ocrx_word' id='word_1_69' title='bbox 411 832 467 898; x_wconf 87' lang='grc' dir='ltr'>δὴ</span> <span class='ocrx_word' id='word_1_70' title='bbox 500 835 580 884; x_wconf 80' lang='grc' dir='ltr'>οὖν</span> <span class='ocrx_word' id='word_1_71' title='bbox 614 839 710 887; x_wconf 86' lang='grc' dir='ltr'>τοῖς</span> <span class='ocrx_word' id='word_1_72' title='bbox 736 839 944 885; x_wconf 85' lang='grc' dir='ltr'>λυποῦσι</span> <span class='ocrx_word' id='word_1_73' title='bbox 971 831 1093 883; x_wconf 81' lang='grc' dir='ltr'>Θεὸν</span> <span class='ocrx_word' id='word_1_74' title='bbox 1121 831 1175 881; x_wconf 84' lang='grc' dir='ltr'>τὸ</span> <span class='ocrx_word' id='word_1_75' title='bbox 1207 829 1320 895; x_wconf 88' lang='grc' dir='ltr'>μήτε</span> <span class='ocrx_word' id='word_1_76' title='bbox 1348 829 1548 898; x_wconf 73' lang='grc' dir='ltr'>εὑρίσκειν</span> <span class='ocrx_word' id='word_1_77' title='bbox 1576 822 1716 874; x_wconf 85' lang='grc' dir='ltr'>αὑτὸν</span> <span class='ocrx_word' id='word_1_78' title='bbox 1733 843 1755 867; x_wconf 82' lang='lat' dir='ltr'>a</span> <span class='ocrx_word' id='word_1_79' title='bbox 1790 833 1845 867; x_wconf 84' lang='grc'>86</span> <span class='ocrx_word' id='word_1_80' title='bbox 1867 831 1918 866; x_wconf 85' lang='lat' dir='ltr'>A·</span> 
     </span>
     <span class='ocr_line' id='line_1_10' title="bbox 140 906 1717 986; baseline -0.007 -19"><span class='ocrx_word' id='word_1_81' title='bbox 140 917 383 979; x_wconf 82' lang='grc' dir='ltr'>δύνασθαι,</span> <span class='ocrx_word' id='word_1_82' title='bbox 434 915 521 966; x_wconf 79' lang='grc' dir='ltr'>κᾶν</span> <span class='ocrx_word' id='word_1_83' title='bbox 569 920 606 966; x_wconf 78' lang='grc' dir='ltr'>εἶ</span> <span class='ocrx_word' id='word_1_84' title='bbox 651 916 833 967; x_wconf 75' lang='grc' dir='ltr'>ἕλοιντο</span> <span class='ocrx_word' id='word_1_85' title='bbox 887 917 1031 986; x_wconf 71' lang='grc' dir='ltr'>ζητεῖν·</span> <span class='ocrx_word' id='word_1_86' title='bbox 1092 914 1312 980; x_wconf 82' lang='grc' dir='ltr'>γενέσθαι</span> <span class='ocrx_word' id='word_1_87' title='bbox 1357 911 1405 962; x_wconf 80' lang='grc' dir='ltr'>δὲ</span> <span class='ocrx_word' id='word_1_88' title='bbox 1449 910 1523 960; x_wconf 77' lang='grc' dir='ltr'>καὶ</span> <span class='ocrx_word' id='word_1_89' title='bbox 1567 906 1717 957; x_wconf 69' lang='grc' dir='ltr'>τέκνων</span> 
     </span>
     <span class='ocr_line' id='line_1_11' title="bbox 140 989 1719 1068; baseline -0.006 -18"><span class='ocrx_word' id='word_1_90' title='bbox 140 1002 378 1068; x_wconf 60' lang='grc' dir='ltr'>ἀλλοτρίων</span> <span class='ocrx_word' id='word_1_91' title='bbox 419 998 635 1064; x_wconf 75' lang='grc' dir='ltr'>πατέρας,</span> <span class='ocrx_word' id='word_1_92' title='bbox 685 998 941 1060; x_wconf 77' lang='grc' dir='ltr'>τουτέστιν,</span> <span class='ocrx_word' id='word_1_93' title='bbox 993 997 1073 1047; x_wconf 82' lang='grc' dir='ltr'>οὐκ</span> <span class='ocrx_word' id='word_1_94' title='bbox 1126 996 1321 1061; x_wconf 81' lang='grc' dir='ltr'>εὐγενεῖς</span> <span class='ocrx_word' id='word_1_95' title='bbox 1370 993 1445 1044; x_wconf 79' lang='grc' dir='ltr'>καὶ</span> <span class='ocrx_word' id='word_1_96' title='bbox 1496 989 1719 1056; x_wconf 77' lang='grc' dir='ltr'>γνησίους</span> 
     </span>
     <span class='ocr_line' id='line_1_12' title="bbox 76 1070 1719 1148; baseline -0.004 -18"><span class='ocrx_word' id='word_1_97' title='bbox 76 1106 122 1130; x_wconf 94' lang='lat'>10</span> <span class='ocrx_word' id='word_1_98' title='bbox 140 1080 259 1148; x_wconf 75' lang='grc' dir='ltr'>ἔχειν</span> <span class='ocrx_word' id='word_1_99' title='bbox 293 1079 514 1146; x_wconf 85' lang='grc' dir='ltr'>καρπούς·</span> <span class='ocrx_word' id='word_1_100' title='bbox 556 1080 681 1131; x_wconf 83' lang='grc' dir='ltr'>οῦτοι</span> <span class='ocrx_word' id='word_1_101' title='bbox 717 1081 755 1131; x_wconf 91' lang='grc' dir='ltr'>δ’</span> <span class='ocrx_word' id='word_1_102' title='bbox 788 1079 846 1130; x_wconf 78' lang='grc' dir='ltr'>ἂν</span> <span class='ocrx_word' id='word_1_103' title='bbox 884 1078 972 1130; x_wconf 77' lang='grc' dir='ltr'>εἷεν</span> <span class='ocrx_word' id='word_1_104' title='bbox 1009 1082 1050 1129; x_wconf 80' lang='grc' dir='ltr'>οἱ</span> <span class='ocrx_word' id='word_1_105' title='bbox 1088 1078 1145 1147; x_wconf 74' lang='grc' dir='ltr'>ἐξ</span> <span class='ocrx_word' id='word_1_106' title='bbox 1179 1078 1345 1143; x_wconf 81' lang='grc' dir='ltr'>ἀρετῆς</span> <span class='ocrx_word' id='word_1_107' title='bbox 1381 1097 1430 1126; x_wconf 92' lang='grc' dir='ltr'>τε</span> <span class='ocrx_word' id='word_1_108' title='bbox 1469 1076 1544 1124; x_wconf 83' lang='grc' dir='ltr'>καὶ</span> <span class='ocrx_word' id='word_1_109' title='bbox 1585 1070 1719 1136; x_wconf 82' lang='grc' dir='ltr'>ἁγίας</span> 
     </span>
     <span class='ocr_line' id='line_1_13' title="bbox 140 1157 1721 1233; baseline -0.006 -20"><span class='ocrx_word' id='word_1_110' title='bbox 140 1162 268 1230; x_wconf 79' lang='grc' dir='ltr'>ζωῆς·</span> <span class='ocrx_word' id='word_1_111' title='bbox 308 1162 574 1214; x_wconf 77' lang='grc' dir='ltr'>ἀπολέσθαι</span> <span class='ocrx_word' id='word_1_112' title='bbox 609 1161 658 1212; x_wconf 84' lang='grc' dir='ltr'>δὲ</span> <span class='ocrx_word' id='word_1_113' title='bbox 691 1166 895 1226; x_wconf 84' lang='grc' dir='ltr'>μᾶλλον,</span> <span class='ocrx_word' id='word_1_114' title='bbox 922 1159 1132 1227; x_wconf 87' lang='grc' dir='ltr'>καθάπερ</span> <span class='ocrx_word' id='word_1_115' title='bbox 1170 1160 1340 1233; x_wconf 46' lang='lat' dir='ltr'>{lova-[Ep</span> <span class='ocrx_word' id='word_1_116' title='bbox 1366 1159 1454 1208; x_wconf 78' lang='grc' dir='ltr'>τινὶ</span> <span class='ocrx_word' id='word_1_117' title='bbox 1486 1157 1544 1223; x_wconf 82' lang='grc' dir='ltr'>τῇ</span> <span class='ocrx_word' id='word_1_118' title='bbox 1577 1157 1721 1221; x_wconf 82' lang='grc' dir='ltr'>σφῶν</span> 
     </span>
     <span class='ocr_line' id='line_1_14' title="bbox 140 1234 1721 1312; baseline -0.006 -17"><span class='ocrx_word' id='word_1_119' title='bbox 140 1245 292 1295; x_wconf 83' lang='grc' dir='ltr'>αὐτῶν</span> <span class='ocrx_word' id='word_1_120' title='bbox 335 1244 751 1311; x_wconf 84' lang='grc' dir='ltr'>περιθραυομένους</span> <span class='ocrx_word' id='word_1_121' title='bbox 797 1243 931 1312; x_wconf 76' lang='grc' dir='ltr'>κακίᾳ</span> <span class='ocrx_word' id='word_1_122' title='bbox 976 1245 1050 1294; x_wconf 75' lang='grc' dir='ltr'>καὶ</span> <span class='ocrx_word' id='word_1_123' title='bbox 1095 1241 1352 1304; x_wconf 83' lang='grc' dir='ltr'>ἀθλιότητι,</span> <span class='ocrx_word' id='word_1_124' title='bbox 1398 1240 1473 1290; x_wconf 84' lang='grc' dir='ltr'>καὶ</span> <span class='ocrx_word' id='word_1_125' title='bbox 1525 1234 1721 1304; x_wconf 80' lang='grc' dir='ltr'>προσέτι</span> 
     </span>
     <span class='ocr_line' id='line_1_15' title="bbox 141 1319 1720 1393; baseline -0.006 -16"><span class='ocrx_word' id='word_1_126' title='bbox 141 1324 320 1381; x_wconf 85' lang='grc' dir='ltr'>τούτοις</span> <span class='ocrx_word' id='word_1_127' title='bbox 353 1328 427 1377; x_wconf 79' lang='grc' dir='ltr'>καὶ</span> <span class='ocrx_word' id='word_1_128' title='bbox 462 1325 626 1380; x_wconf 76' lang='grc' dir='ltr'>αὐτοὺς</span> <span class='ocrx_word' id='word_1_129' title='bbox 653 1326 929 1393; x_wconf 74' lang='grc' dir='ltr'>ζημιοῦσθαι</span> <span class='ocrx_word' id='word_1_130' title='bbox 954 1324 1049 1379; x_wconf 63' lang='grc' dir='ltr'>τοὺς</span> <span class='ocrx_word' id='word_1_131' title='bbox 1073 1323 1202 1391; x_wconf 79' lang='grc' dir='ltr'>παρὰ</span> <span class='ocrx_word' id='word_1_132' title='bbox 1227 1326 1351 1373; x_wconf 91' lang='grc' dir='ltr'>Θεοῦ</span> <span class='ocrx_word' id='word_1_133' title='bbox 1382 1326 1575 1392; x_wconf 71' lang='grc' dir='ltr'>κλήρους·</span> <span class='ocrx_word' id='word_1_134' title='bbox 1617 1319 1720 1384; x_wconf 80' lang='grc' dir='ltr'>περὶ</span> 
     </span>
     <span class='ocr_line' id='line_1_16' title="bbox 142 1403 1764 1477; baseline -0.004 -19"><span class='ocrx_word' id='word_1_135' title='bbox 142 1406 207 1458; x_wconf 78' lang='grc' dir='ltr'>ὧν</span> <span class='ocrx_word' id='word_1_136' title='bbox 242 1410 318 1459; x_wconf 83' lang='grc' dir='ltr'>καὶ</span> <span class='ocrx_word' id='word_1_137' title='bbox 364 1408 388 1458; x_wconf 86' lang='grc' dir='ltr'>ὁ</span> <span class='ocrx_word' id='word_1_138' title='bbox 431 1407 685 1462; x_wconf 84' lang='grc' dir='ltr'>θεσπέσιος</span> <span class='ocrx_word' id='word_1_139' title='bbox 721 1407 907 1477; x_wconf 78' lang='grc' dir='ltr'>ψάλλει</span> <span class='ocrx_word' id='word_1_140' title='bbox 946 1408 1133 1469; x_wconf 77' lang='grc' dir='ltr'>Δαυεὶδ,</span> <span class='ocrx_word' id='word_1_141' title='bbox 1174 1404 1292 1472; x_wconf 78' lang='grc' dir='ltr'>πρὸς</span> <span class='ocrx_word' id='word_1_142' title='bbox 1333 1403 1415 1455; x_wconf 80' lang='grc' dir='ltr'>τὸν</span> <span class='ocrx_word' id='word_1_143' title='bbox 1455 1407 1548 1454; x_wconf 81' lang='grc' dir='ltr'>τῶν</span> <span class='ocrx_word' id='word_1_144' title='bbox 1594 1403 1764 1452; x_wconf 69' lang='grc' dir='ltr'>ὅλωνὶ)</span> 
     </span>
     <span class='ocr_line' id='line_1_17' title="bbox 79 1483 1929 1572; baseline -0.004 -28"><span class='ocrx_word' id='word_1_145' title='bbox 79 1508 123 1546; x_wconf 87' lang='lat'>15</span> <span class='ocrx_word' id='word_1_146' title='bbox 145 1492 342 1556; x_wconf 80' lang='grc' dir='ltr'>Σωτῆρα</span> <span class='ocrx_word' id='word_1_147' title='bbox 374 1490 498 1541; x_wconf 86' lang='grc' dir='ltr'>Θεὸν</span> <span class='ocrx_word' id='word_1_148' title='bbox 526 1492 656 1541; x_wconf 83' lang='grc' dir='ltr'>“Ἐν</span> <span class='ocrx_word' id='word_1_149' title='bbox 681 1495 780 1543; x_wconf 86' lang='grc' dir='ltr'>ταῖς</span> <span class='ocrx_word' id='word_1_150' title='bbox 814 1490 956 1557; x_wconf 85' lang='grc' dir='ltr'>χερσί</span> <span class='ocrx_word' id='word_1_151' title='bbox 985 1512 1077 1539; x_wconf 94' lang='grc' dir='ltr'>σου</span> <span class='ocrx_word' id='word_1_152' title='bbox 1111 1491 1152 1539; x_wconf 82' lang='grc' dir='ltr'>οἱ</span> <span class='ocrx_word' id='word_1_153' title='bbox 1191 1486 1361 1553; x_wconf 81' lang='grc' dir='ltr'>κλῆροί</span> <span class='ocrx_word' id='word_1_154' title='bbox 1396 1486 1531 1549; x_wconf 85' lang='grc' dir='ltr'>μου.”</span> <span class='ocrx_word' id='word_1_155' title='bbox 1599 1483 1721 1537; x_wconf 85' lang='grc' dir='ltr'>ἅπας</span> <span class='ocrx_word' id='word_1_156' title='bbox 1782 1498 1836 1572; x_wconf 50' lang='lat'>{³6</span> <span class='ocrx_word' id='word_1_157' title='bbox 1858 1508 1929 1528; x_wconf 72' lang='lat' dir='ltr'>xxx.</span> 
     </span>
     <span class='ocr_line' id='line_1_18' title="bbox 143 1564 1832 1640; baseline -0.002 -18"><span class='ocrx_word' id='word_1_158' title='bbox 143 1571 233 1640; x_wconf 78' lang='grc' dir='ltr'>γὰρ</span> <span class='ocrx_word' id='word_1_159' title='bbox 260 1573 391 1637; x_wconf 78' lang='grc' dir='ltr'>ἡμῶν</span> <span class='ocrx_word' id='word_1_160' title='bbox 420 1571 590 1640; x_wconf 60' lang='grc' dir='ltr'>κλῆρος,</span> <span class='ocrx_word' id='word_1_161' title='bbox 617 1575 690 1623; x_wconf 82' lang='grc' dir='ltr'>καὶ</span> <span class='ocrx_word' id='word_1_162' title='bbox 715 1577 851 1623; x_wconf 83' lang='grc' dir='ltr'>πᾶσα</span> <span class='ocrx_word' id='word_1_163' title='bbox 874 1573 1003 1637; x_wconf 74' lang='grc' dir='ltr'>μερὶς</span> <span class='ocrx_word' id='word_1_164' title='bbox 1028 1572 1075 1622; x_wconf 84' lang='grc' dir='ltr'>ἐν</span> <span class='ocrx_word' id='word_1_165' title='bbox 1102 1570 1294 1639; x_wconf 72' lang='grc' dir='ltr'>ἐξουσίᾳ</span> <span class='ocrx_word' id='word_1_166' title='bbox 1322 1572 1460 1631; x_wconf 89' lang='grc' dir='ltr'>Θεοῦ,</span> <span class='ocrx_word' id='word_1_167' title='bbox 1484 1569 1558 1619; x_wconf 77' lang='grc' dir='ltr'>καὶ</span> <span class='ocrx_word' id='word_1_168' title='bbox 1584 1564 1721 1620; x_wconf 77' lang='grc' dir='ltr'>αὐτός</span> <span class='ocrx_word' id='word_1_169' title='bbox 1828 1567 1832 1572; x_wconf 54' lang='grc'><strong>’</strong></span> 
     </span>
     <span class='ocr_line' id='line_1_19' title="bbox 144 1653 1000 1724; baseline -0.001 -19"><span class='ocrx_word' id='word_1_170' title='bbox 144 1657 273 1706; x_wconf 89' lang='grc' dir='ltr'>ἐστιν</span> <span class='ocrx_word' id='word_1_171' title='bbox 299 1656 323 1705; x_wconf 86' lang='grc' dir='ltr'>ὁ</span> <span class='ocrx_word' id='word_1_172' title='bbox 349 1659 442 1706; x_wconf 82' lang='grc' dir='ltr'>τῶν</span> <span class='ocrx_word' id='word_1_173' title='bbox 466 1654 718 1724; x_wconf 87' lang='grc' dir='ltr'>στεφάνων</span> <span class='ocrx_word' id='word_1_174' title='bbox 744 1653 1000 1717; x_wconf 84' lang='grc' dir='ltr'>διανομεύς.</span> 
     </span>
    </p>
   </div>
   <div class='ocr_carea' id='block_1_4' title="bbox 82 1848 1766 2078">
    <p class='ocr_par' dir='ltr' id='par_1_4' title="bbox 82 1848 1766 2078">
     <span class='ocr_line' id='line_1_20' title="bbox 147 1848 1765 1908; baseline -0.004 -13"><span class='ocrx_word' id='word_1_175' title='bbox 147 1854 391 1896; x_wconf 79' lang='grc' dir='ltr'>Σαλτῐίσατε</span> <span class='ocrx_word' id='word_1_176' title='bbox 428 1856 620 1902; x_wconf 66' lang='grc' dir='ltr'>σάλπη-Π</span> <span class='ocrx_word' id='word_1_177' title='bbox 653 1855 722 1895; x_wconf 73' lang='grc' dir='ltr'>ἐπὶ</span> <span class='ocrx_word' id='word_1_178' title='bbox 758 1855 856 1896; x_wconf 72' lang='grc' dir='ltr'>τοὺς</span> <span class='ocrx_word' id='word_1_179' title='bbox 890 1854 1076 1904; x_wconf 76' lang='grc' dir='ltr'>Βουνοὺε,</span> <span class='ocrx_word' id='word_1_180' title='bbox 1104 1853 1289 1908; x_wconf 58' lang='grc' dir='ltr'>ᾖχύσατε</span> <span class='ocrx_word' id='word_1_181' title='bbox 1314 1852 1383 1891; x_wconf 76' lang='grc' dir='ltr'>ἐπὶ</span> <span class='ocrx_word' id='word_1_182' title='bbox 1417 1850 1502 1891; x_wconf 76' lang='grc' dir='ltr'>τῶν</span> <span class='ocrx_word' id='word_1_183' title='bbox 1530 1848 1721 1899; x_wconf 75' lang='grc' dir='ltr'>ὑψΗλών,</span> <span class='ocrx_word' id='word_1_184' title='bbox 1743 1856 1765 1889; x_wconf 82' lang='grc'><strong>8</strong></span> 
     </span>
     <span class='ocr_line' id='line_1_21' title="bbox 213 1931 1766 1995; baseline -0.004 -17"><span class='ocrx_word' id='word_1_185' title='bbox 213 1941 420 1995; x_wconf 80' lang='grc' dir='ltr'>κΗρύΞατε</span> <span class='ocrx_word' id='word_1_186' title='bbox 456 1939 500 1979; x_wconf 77' lang='grc' dir='ltr'>ἐν</span> <span class='ocrx_word' id='word_1_187' title='bbox 538 1941 598 1992; x_wconf 71' lang='grc' dir='ltr'>τῷ</span> <span class='ocrx_word' id='word_1_188' title='bbox 625 1937 732 1992; x_wconf 73' lang='grc' dir='ltr'>οἵκῴ</span> <span class='ocrx_word' id='word_1_189' title='bbox 758 1938 855 1989; x_wconf 79' lang='grc' dir='ltr'>”Ων,</span> <span class='ocrx_word' id='word_1_190' title='bbox 882 1938 1032 1980; x_wconf 74' lang='grc' dir='ltr'>ἐΞέσΤΗ</span> <span class='ocrx_word' id='word_1_191' title='bbox 1063 1936 1272 1985; x_wconf 75' lang='grc' dir='ltr'>Βενιαμὶν,</span> <span class='ocrx_word' id='word_1_192' title='bbox 1294 1931 1487 1990; x_wconf 74' lang='grc' dir='ltr'>Ἐφραῒμ</span> <span class='ocrx_word' id='word_1_193' title='bbox 1515 1931 1574 1974; x_wconf 75' lang='grc' dir='ltr'>εἰς</span> <span class='ocrx_word' id='word_1_194' title='bbox 1611 1932 1724 1987; x_wconf 82' lang='grc' dir='ltr'>ἀφα-</span> <span class='ocrx_word' id='word_1_195' title='bbox 1746 1950 1766 1984; x_wconf 90' lang='grc'>9</span> 
     </span>
     <span class='ocr_line' id='line_1_22' title="bbox 82 2015 1724 2078; baseline -0.005 -15"><span class='ocrx_word' id='word_1_196' title='bbox 82 2031 130 2054; x_wconf 87' lang='grc'>20</span> <span class='ocrx_word' id='word_1_197' title='bbox 215 2022 359 2069; x_wconf 81' lang='grc' dir='ltr'>νισμὸν</span> <span class='ocrx_word' id='word_1_198' title='bbox 380 2021 547 2069; x_wconf 78' lang='grc' dir='ltr'>ἐΓένετο</span> <span class='ocrx_word' id='word_1_199' title='bbox 574 2022 617 2062; x_wconf 76' lang='grc' dir='ltr'>ἐν</span> <span class='ocrx_word' id='word_1_200' title='bbox 645 2022 823 2078; x_wconf 65' lang='grc' dir='ltr'>ἡμέραις</span> <span class='ocrx_word' id='word_1_201' title='bbox 850 2021 1036 2076; x_wconf 67' lang='grc' dir='ltr'>ἐλὲτχου.</span> <span class='ocrx_word' id='word_1_202' title='bbox 1089 2021 1133 2060; x_wconf 78' lang='grc' dir='ltr'>ὲν</span> <span class='ocrx_word' id='word_1_203' title='bbox 1160 2017 1252 2061; x_wconf 76' lang='grc' dir='ltr'>ταῖς</span> <span class='ocrx_word' id='word_1_204' title='bbox 1279 2015 1432 2074; x_wconf 67' lang='grc' dir='ltr'>φυλαῖς</span> <span class='ocrx_word' id='word_1_205' title='bbox 1459 2019 1531 2058; x_wconf 81' lang='grc' dir='ltr'>τοῦ</span> <span class='ocrx_word' id='word_1_206' title='bbox 1549 2016 1724 2072; x_wconf 61' lang='grc' dir='ltr'>Ἰσραήλ</span> 
     </span>
    </p>
   </div>
   <div class='ocr_carea' id='block_1_5' title="bbox 214 2106 522 2148">
    <p class='ocr_par' dir='ltr' id='par_1_5' title="bbox 214 2106 522 2148">
     <span class='ocr_line' id='line_1_23' title="bbox 214 2106 522 2148; baseline -0.003 -1"><span class='ocrx_word' id='word_1_207' title='bbox 214 2106 356 2148; x_wconf 70' lang='grc' dir='ltr'>ἔδειξα</span> <span class='ocrx_word' id='word_1_208' title='bbox 382 2108 522 2148; x_wconf 76' lang='grc' dir='ltr'>Πιστα.</span> 
     </span>
    </p>
   </div>
   <div class='ocr_carea' id='block_1_6' title="bbox 88 2215 1900 2858">
    <p class='ocr_par' dir='ltr' id='par_1_6' title="bbox 88 2215 1900 2858">
     <span class='ocr_line' id='line_1_24' title="bbox 225 2215 1724 2287; baseline -0.004 -17"><span class='ocrx_word' id='word_1_209' title='bbox 225 2219 503 2285; x_wconf 88' lang='grc' dir='ltr'>Προείρηται</span> <span class='ocrx_word' id='word_1_210' title='bbox 535 2222 719 2287; x_wconf 79' lang='grc' dir='ltr'>σαφῶς,</span> <span class='ocrx_word' id='word_1_211' title='bbox 746 2218 817 2268; x_wconf 79' lang='grc' dir='ltr'>ὅτι</span> <span class='ocrx_word' id='word_1_212' title='bbox 849 2217 966 2284; x_wconf 84' lang='grc' dir='ltr'>πρὸς</span> <span class='ocrx_word' id='word_1_213' title='bbox 1001 2221 1099 2270; x_wconf 81' lang='grc' dir='ltr'>ταῖς</span> <span class='ocrx_word' id='word_1_214' title='bbox 1127 2215 1362 2279; x_wconf 79' lang='grc' dir='ltr'>δαμάλεσι</span> <span class='ocrx_word' id='word_1_215' title='bbox 1388 2219 1486 2268; x_wconf 89' lang='grc' dir='ltr'>ταῖς</span> <span class='ocrx_word' id='word_1_216' title='bbox 1513 2216 1724 2280; x_wconf 80' lang='grc' dir='ltr'>χρυσαῖς,</span> 
     </span>
     <span class='ocr_line' id='line_1_25' title="bbox 152 2295 1764 2368; baseline -0.002 -18"><span class='ocrx_word' id='word_1_217' title='bbox 152 2303 226 2351; x_wconf 82' lang='grc' dir='ltr'>καὶ</span> <span class='ocrx_word' id='word_1_218' title='bbox 260 2300 437 2366; x_wconf 86' lang='grc' dir='ltr'>ἑτέρους</span> <span class='ocrx_word' id='word_1_219' title='bbox 471 2304 566 2354; x_wconf 83' lang='grc' dir='ltr'>τοῖς</span> <span class='ocrx_word' id='word_1_220' title='bbox 602 2300 658 2368; x_wconf 75' lang='grc' dir='ltr'>ἐξ</span> <span class='ocrx_word' id='word_1_221' title='bbox 679 2299 879 2366; x_wconf 87' lang='grc' dir='ltr'>Ἰσραὴλ</span> <span class='ocrx_word' id='word_1_222' title='bbox 918 2298 1301 2364; x_wconf 80' lang='grc' dir='ltr'>εἰδωλολατρείας</span> <span class='ocrx_word' id='word_1_223' title='bbox 1332 2297 1529 2361; x_wconf 85' lang='grc' dir='ltr'>ὀλέθρου</span> <span class='ocrx_word' id='word_1_224' title='bbox 1563 2317 1612 2346; x_wconf 89' lang='grc' dir='ltr'>τε</span> <span class='ocrx_word' id='word_1_225' title='bbox 1650 2295 1764 2346; x_wconf 76' lang='grc' dir='ltr'>καὶο</span> 
     </span>
     <span class='ocr_line' id='line_1_26' title="bbox 152 2376 1728 2448; baseline -0.003 -16"><span class='ocrx_word' id='word_1_226' title='bbox 152 2380 335 2445; x_wconf 82' lang='grc' dir='ltr'>πλάνης</span> <span class='ocrx_word' id='word_1_227' title='bbox 374 2380 658 2445; x_wconf 83' lang='grc' dir='ltr'>εἶσκεκόμικε</span> <span class='ocrx_word' id='word_1_228' title='bbox 695 2380 894 2448; x_wconf 86' lang='grc' dir='ltr'>τρόπους</span> <span class='ocrx_word' id='word_1_229' title='bbox 939 2383 964 2431; x_wconf 85' lang='grc' dir='ltr'><strong>ὁ</strong></span> <span class='ocrx_word' id='word_1_230' title='bbox 1007 2380 1235 2445; x_wconf 81' lang='grc' dir='ltr'>ἐπάρατος</span> <span class='ocrx_word' id='word_1_231' title='bbox 1267 2377 1527 2444; x_wconf 77' lang='grc' dir='ltr'>Ἱεροβοάμ.</span> <span class='ocrx_word' id='word_1_232' title='bbox 1594 2376 1728 2444; x_wconf 85' lang='grc' dir='ltr'>ἐθρή-</span> 
     </span>
     <span class='ocr_line' id='line_1_27' title="bbox 88 2459 1727 2529; baseline -0.002 -16"><span class='ocrx_word' id='word_1_233' title='bbox 88 2486 135 2522; x_wconf 87' lang='lat'>25</span> <span class='ocrx_word' id='word_1_234' title='bbox 155 2485 323 2513; x_wconf 90' lang='grc' dir='ltr'>σκευον</span> <span class='ocrx_word' id='word_1_235' title='bbox 348 2462 441 2529; x_wconf 77' lang='grc' dir='ltr'>γὰρ</span> <span class='ocrx_word' id='word_1_236' title='bbox 468 2465 515 2513; x_wconf 91' lang='grc' dir='ltr'>ἐν</span> <span class='ocrx_word' id='word_1_237' title='bbox 540 2463 669 2528; x_wconf 78' lang='grc' dir='ltr'>ὄρεσι</span> <span class='ocrx_word' id='word_1_238' title='bbox 696 2466 770 2514; x_wconf 81' lang='grc' dir='ltr'>καὶ</span> <span class='ocrx_word' id='word_1_239' title='bbox 796 2467 981 2523; x_wconf 77' lang='grc' dir='ltr'>βουνοῖς</span> <span class='ocrx_word' id='word_1_240' title='bbox 1006 2461 1088 2513; x_wconf 78' lang='grc' dir='ltr'>τὸν</span> <span class='ocrx_word' id='word_1_241' title='bbox 1108 2461 1299 2524; x_wconf 80' lang='grc' dir='ltr'>Χαμὼς,</span> <span class='ocrx_word' id='word_1_242' title='bbox 1327 2459 1409 2511; x_wconf 80' lang='grc' dir='ltr'>τὸν</span> <span class='ocrx_word' id='word_1_243' title='bbox 1430 2459 1727 2527; x_wconf 83' lang='grc' dir='ltr'>Βεελφεγὼρ,</span> 
     </span>
     <span class='ocr_line' id='line_1_28' title="bbox 157 2541 1893 2613; baseline 0 -19"><span class='ocrx_word' id='word_1_244' title='bbox 157 2552 183 2573; x_wconf 85' lang='grc'><strong>“</strong></span> <span class='ocrx_word' id='word_1_245' title='bbox 201 2544 416 2595; x_wconf 83' lang='grc' dir='ltr'>ὑποκάτω</span> <span class='ocrx_word' id='word_1_246' title='bbox 436 2544 571 2610; x_wconf 80' lang='grc' dir='ltr'>δρυὸς</span> <span class='ocrx_word' id='word_1_247' title='bbox 592 2548 664 2595; x_wconf 75' lang='grc' dir='ltr'>καὶ</span> <span class='ocrx_word' id='word_1_248' title='bbox 685 2544 853 2608; x_wconf 76' lang='grc' dir='ltr'>λεύκης</span> <span class='ocrx_word' id='word_1_249' title='bbox 874 2547 947 2595; x_wconf 77' lang='grc' dir='ltr'>καὶ</span> <span class='ocrx_word' id='word_1_250' title='bbox 974 2544 1163 2610; x_wconf 84' lang='grc' dir='ltr'>δένδρου</span> <span class='ocrx_word' id='word_1_251' title='bbox 1189 2541 1562 2607; x_wconf 73' lang='grc' dir='ltr'>συσκιάζοντος·”</span> <span class='ocrx_word' id='word_1_252' title='bbox 1603 2541 1728 2606; x_wconf 75' lang='grc' dir='ltr'>ἦσαν</span> <span class='ocrx_word' id='word_1_253' title='bbox 1788 2563 1893 2613; x_wconf 53' lang='lat' dir='ltr'>Supra</span> 
     </span>
     <span class='ocr_line' id='line_1_29' title="bbox 158 2618 1900 2693; baseline -0.001 -16"><span class='ocrx_word' id='word_1_254' title='bbox 158 2626 220 2688; x_wconf 75' lang='grc' dir='ltr'>δὲ,</span> <span class='ocrx_word' id='word_1_255' title='bbox 247 2629 308 2679; x_wconf 88' lang='grc' dir='ltr'>ὡς</span> <span class='ocrx_word' id='word_1_256' title='bbox 335 2625 465 2693; x_wconf 73' lang='grc' dir='ltr'>ἔφην,</span> <span class='ocrx_word' id='word_1_257' title='bbox 493 2629 566 2676; x_wconf 83' lang='grc' dir='ltr'>καὶ</span> <span class='ocrx_word' id='word_1_258' title='bbox 592 2628 638 2676; x_wconf 88' lang='grc' dir='ltr'>ἐν</span> <span class='ocrx_word' id='word_1_259' title='bbox 666 2626 851 2690; x_wconf 84' lang='grc' dir='ltr'>Βαιθὴλ</span> <span class='ocrx_word' id='word_1_260' title='bbox 876 2629 950 2676; x_wconf 75' lang='grc' dir='ltr'>καὶ</span> <span class='ocrx_word' id='word_1_261' title='bbox 975 2628 1022 2676; x_wconf 89' lang='grc' dir='ltr'>ἐν</span> <span class='ocrx_word' id='word_1_262' title='bbox 1049 2625 1155 2676; x_wconf 80' lang='grc' dir='ltr'>Δάν</span> <span class='ocrx_word' id='word_1_263' title='bbox 1193 2628 1237 2675; x_wconf 83' lang='grc' dir='ltr'>αἱ</span> <span class='ocrx_word' id='word_1_264' title='bbox 1276 2629 1455 2692; x_wconf 86' lang='grc' dir='ltr'>χρυσαῖ</span> <span class='ocrx_word' id='word_1_265' title='bbox 1485 2624 1721 2687; x_wconf 79' lang='grc' dir='ltr'>δαμάλεις.</span> <span class='ocrx_word' id='word_1_266' title='bbox 1789 2618 1830 2638; x_wconf 62' lang='lat' dir='ltr'>W&#39;</span> <span class='ocrx_word' id='word_1_267' title='bbox 1854 2618 1900 2647; x_wconf 77' lang='lat'>13·</span> 
     </span>
     <span class='ocr_line' id='line_1_30' title="bbox 160 2707 1726 2773; baseline 0.001 -15"><span class='ocrx_word' id='word_1_268' title='bbox 160 2707 268 2758; x_wconf 89' lang='grc' dir='ltr'>ἀλλ’</span> <span class='ocrx_word' id='word_1_269' title='bbox 315 2708 393 2772; x_wconf 84' lang='grc' dir='ltr'>ἥδε</span> <span class='ocrx_word' id='word_1_270' title='bbox 439 2707 522 2770; x_wconf 74' lang='grc' dir='ltr'>μὲν</span> <span class='ocrx_word' id='word_1_271' title='bbox 563 2713 644 2758; x_wconf 90' lang='grc' dir='ltr'>τοῦ</span> <span class='ocrx_word' id='word_1_272' title='bbox 677 2707 879 2771; x_wconf 85' lang='grc' dir='ltr'>Ἰσραὴλ</span> <span class='ocrx_word' id='word_1_273' title='bbox 922 2709 949 2770; x_wconf 83' lang='grc' dir='ltr'>ἡ</span> <span class='ocrx_word' id='word_1_274' title='bbox 991 2707 1240 2770; x_wconf 84' lang='grc' dir='ltr'>πλάνησις·</span> <span class='ocrx_word' id='word_1_275' title='bbox 1303 2707 1328 2757; x_wconf 82' lang='grc' dir='ltr'><em>ὁ</em></span> <span class='ocrx_word' id='word_1_276' title='bbox 1363 2708 1418 2758; x_wconf 84' lang='grc' dir='ltr'>δέ</span> <span class='ocrx_word' id='word_1_277' title='bbox 1448 2730 1501 2773; x_wconf 88' lang='grc' dir='ltr'>γε</span> <span class='ocrx_word' id='word_1_278' title='bbox 1537 2707 1726 2770; x_wconf 82' lang='grc' dir='ltr'>Ἰούδας,</span> 
     </span>
     <span class='ocr_line' id='line_1_31' title="bbox 161 2789 1727 2858; baseline 0.001 -18"><span class='ocrx_word' id='word_1_279' title='bbox 161 2790 306 2856; x_wconf 75' lang='grc' dir='ltr'>ἤγουν</span> <span class='ocrx_word' id='word_1_280' title='bbox 332 2791 356 2840; x_wconf 85' lang='grc' dir='ltr'>ὁ</span> <span class='ocrx_word' id='word_1_281' title='bbox 378 2791 610 2852; x_wconf 76' lang='grc' dir='ltr'>Βενιαμὶν,</span> <span class='ocrx_word' id='word_1_282' title='bbox 637 2789 878 2840; x_wconf 86' lang='grc' dir='ltr'>τουτέστιν</span> <span class='ocrx_word' id='word_1_283' title='bbox 903 2793 944 2840; x_wconf 84' lang='grc' dir='ltr'>οἱ</span> <span class='ocrx_word' id='word_1_284' title='bbox 970 2791 1019 2840; x_wconf 87' lang='grc' dir='ltr'>ἐκ</span> <span class='ocrx_word' id='word_1_285' title='bbox 1045 2789 1368 2858; x_wconf 82' lang='grc' dir='ltr'>φυλῆςἸούδα</span> <span class='ocrx_word' id='word_1_286' title='bbox 1394 2792 1469 2841; x_wconf 80' lang='grc' dir='ltr'>καὶ</span> <span class='ocrx_word' id='word_1_287' title='bbox 1496 2793 1727 2853; x_wconf 77' lang='grc' dir='ltr'>Βενιαμὶν,</span> 
     </span>
    </p>
   </div>
   <div class='ocr_carea' id='block_1_7' title="bbox 93 2870 1910 3088">
    <p class='ocr_par' dir='ltr' id='par_1_7' title="bbox 93 2870 1910 3088">
     <span class='ocr_line' id='line_1_32' title="bbox 93 2870 1905 2941; baseline 0.001 -17"><span class='ocrx_word' id='word_1_288' title='bbox 93 2903 142 2937; x_wconf 84' lang='lat'>30</span> <span class='ocrx_word' id='word_1_289' title='bbox 163 2870 292 2923; x_wconf 79' lang='grc' dir='ltr'>οὐδὲν</span> <span class='ocrx_word' id='word_1_290' title='bbox 312 2871 452 2936; x_wconf 75' lang='grc' dir='ltr'>ἧττον</span> <span class='ocrx_word' id='word_1_291' title='bbox 475 2870 791 2935; x_wconf 88' lang='grc' dir='ltr'>πεπλάνηντο,</span> <span class='ocrx_word' id='word_1_292' title='bbox 812 2873 886 2922; x_wconf 78' lang='grc' dir='ltr'>καὶ</span> <span class='ocrx_word' id='word_1_293' title='bbox 906 2871 1248 2938; x_wconf 81' lang='grc' dir='ltr'>λελατρεύκασι</span> <span class='ocrx_word' id='word_1_294' title='bbox 1272 2870 1356 2935; x_wconf 76' lang='grc' dir='ltr'>μὲν</span> <span class='ocrx_word' id='word_1_295' title='bbox 1375 2877 1468 2940; x_wconf 85' lang='grc' dir='ltr'>“τῇ</span> <span class='ocrx_word' id='word_1_296' title='bbox 1484 2872 1729 2941; x_wconf 90' lang='grc' dir='ltr'>Ἀστάρτῃ</span> <span class='ocrx_word' id='word_1_297' title='bbox 1790 2899 1807 2924; x_wconf 84' lang='lat'>4</span> <span class='ocrx_word' id='word_1_298' title='bbox 1823 2886 1905 2925; x_wconf 63' lang='lat' dir='ltr'>Reg-</span> 
     </span>
     <span class='ocr_line' id='line_1_33' title="bbox 1794 2939 1910 2970; baseline 0.009 -10"><span class='ocrx_word' id='word_1_299' title='bbox 1794 2940 1841 2970; x_wconf 76' lang='lat'>23.</span> <span class='ocrx_word' id='word_1_300' title='bbox 1863 2939 1910 2969; x_wconf 77' lang='lat'>13.</span> 
     </span>
     <span class='ocr_line' id='line_1_34' title="bbox 211 2994 1729 3041; baseline 0.001 -12"><span class='ocrx_word' id='word_1_301' title='bbox 211 3007 239 3030; x_wconf 88' lang='grc' dir='ltr'>Ι.</span> <span class='ocrx_word' id='word_1_302' title='bbox 267 2997 382 3030; x_wconf 82' lang='grc' dir='ltr'>ἱκανῶς</span> <span class='ocrx_word' id='word_1_303' title='bbox 399 3007 461 3040; x_wconf 86' lang='lat' dir='ltr'>pro</span> <span class='ocrx_word' id='word_1_304' title='bbox 479 2996 537 3029; x_wconf 84' lang='grc' dir='ltr'>οὐκ</span> <span class='ocrx_word' id='word_1_305' title='bbox 554 2995 711 3030; x_wconf 82' lang='grc' dir='ltr'>ἀνικάνως</span> <span class='ocrx_word' id='word_1_306' title='bbox 730 2994 776 3028; x_wconf 91' lang='lat' dir='ltr'>D.</span> <span class='ocrx_word' id='word_1_307' title='bbox 1091 2994 1124 3028; x_wconf 88' lang='lat'>6.</span> <span class='ocrx_word' id='word_1_308' title='bbox 1150 2994 1266 3038; x_wconf 82' lang='grc' dir='ltr'>θήραις</span> <span class='ocrx_word' id='word_1_309' title='bbox 1283 2995 1371 3040; x_wconf 83' lang='lat' dir='ltr'>(Sic)</span> <span class='ocrx_word' id='word_1_310' title='bbox 1390 2994 1481 3029; x_wconf 82' lang='lat' dir='ltr'><strong>Edd.</strong></span> <span class='ocrx_word' id='word_1_311' title='bbox 1499 3001 1578 3030; x_wconf 83' lang='lat' dir='ltr'>ante</span> <span class='ocrx_word' id='word_1_312' title='bbox 1596 2995 1729 3041; x_wconf 58' lang='lat' dir='ltr'>Bfigne.</span> 
     </span>
     <span class='ocr_line' id='line_1_35' title="bbox 161 3040 1578 3088; baseline 0 -12"><span class='ocrx_word' id='word_1_313' title='bbox 161 3055 194 3088; x_wconf 92' lang='lat'>9.</span> <span class='ocrx_word' id='word_1_314' title='bbox 221 3042 238 3086; x_wconf 88' lang='grc' dir='ltr'>ἢ</span> <span class='ocrx_word' id='word_1_315' title='bbox 258 3054 320 3087; x_wconf 85' lang='lat' dir='ltr'>pro</span> <span class='ocrx_word' id='word_1_316' title='bbox 339 3042 390 3076; x_wconf 73' lang='grc' dir='ltr'>καὶ</span> <span class='ocrx_word' id='word_1_317' title='bbox 410 3043 456 3077; x_wconf 87' lang='lat' dir='ltr'>D.</span> <span class='ocrx_word' id='word_1_318' title='bbox 646 3053 699 3087; x_wconf 89' lang='lat'>29.</span> <span class='ocrx_word' id='word_1_319' title='bbox 729 3040 825 3075; x_wconf 85' lang='lat' dir='ltr'>Haec</span> <span class='ocrx_word' id='word_1_320' title='bbox 843 3040 1220 3086; x_wconf 81' lang='grc' dir='ltr'>τουτέστιν-Βενιαμὶν</span> <span class='ocrx_word' id='word_1_321' title='bbox 1236 3049 1455 3077; x_wconf 82' lang='lat' dir='ltr'>accesserunt</span> <span class='ocrx_word' id='word_1_322' title='bbox 1473 3054 1514 3077; x_wconf 79' lang='lat' dir='ltr'>ex</span> <span class='ocrx_word' id='word_1_323' title='bbox 1533 3043 1578 3076; x_wconf 92' lang='lat' dir='ltr'>D.</span> 
     </span>
    </p>
   </div>
   <div class='ocr_carea' id='block_1_8' title="bbox 920 3111 993 3141">
    <p class='ocr_par' dir='ltr' id='par_1_8' title="bbox 920 3111 993 3141">
     <span class='ocr_line' id='line_1_36' title="bbox 920 3111 993 3141; baseline 0.041 -3"><span class='ocrx_word' id='word_1_324' title='bbox 920 3111 993 3141; x_wconf 79' lang='lat' dir='ltr'>R2</span> 
     </span>
    </p>
   </div>
  </div>
 </body>
</html>
