2021 3434
114 219 172 259 iii.
200 232 292 270 1-4.
508 219 582 260 IN
621 219 1007 260 MICHAEAM.
1067 218 1220 259 TOM.
1264 217 1299 257 Ι.
1601 214 1683 252 645

115 330 141 379 ὁ
191 328 443 384 θεσπέσιος
492 330 665 399 γράφει
715 335 923 394 Παῦλος,
976 338 1002 360 “
1028 330 1103 381 ἵνα
1145 331 1220 380 καὶ
1267 329 1592 394 περιπατῶμεν
1640 325 1688 373 ἐν

115 418 144 441 “
168 412 368 464 αὑτοῖς.”
433 413 480 463 τί
512 413 667 464 τοίνυν
708 416 818 476 Οὐχ
857 416 949 478 ὑμῖν
984 414 1073 463 ἐστι
1112 413 1182 463 τοῦ
1224 409 1381 476 γνῶναι
1425 408 1472 459 τὶ
1517 409 1685 475 κρῖμας

119 496 259 562 κρῖμα
295 493 350 544 δέ
381 498 531 562 φησιν
565 494 666 559 η’τοι
703 493 789 558 τὴν
827 494 896 546 ἐπ’
929 495 1082 547 αὐτοῖς
1120 492 1430 559 γεγενημένην
1468 488 1607 540 ὁσίαν
1639 492 1736 537 ‘reb

117 577 192 626 καὶ
231 574 486 640 ἀμώμητον
517 579 698 645 ψῆφον,
727 577 873 642 ἤγουν
909 575 994 640 τὴν
1033 575 1319 641 κατάκρισιν·
1359 572 1528 638 πρέποι
1562 571 1604 621 δ’
1634 568 1691 620 ἂν

75 657 165 707 5ἐν
208 656 386 712 τούτοις
431 663 637 709 νοεῖσθαι
681 657 765 723 τὴν
807 663 892 709 τοῦ
938 660 1148 727 κρίματος
1189 656 1367 720 εἴδησιν
1408 655 1494 721 οὐχ
1539 654 1600 706 ὡς
1644 652 1693 701 ἐν

116 737 321 802 μαθήσει
345 738 505 802 μόνον·
547 740 596 790 τί
615 739 707 806 γὰρ
734 738 790 790 ἂν
809 745 947 791 τοῦτο
971 744 1066 793 τοῖς
1089 740 1237 789 ἐκεῖνα
1263 732 1695 800 πεπλημμεληκόσι

118 819 459 884 διελυμήνατο;
495 820 522 886 ὴ
550 826 649 876 πῶς
674 821 730 872 ἂν
756 822 992 885 λελύπηκε
1018 819 1124 874 τοῦς
1149 818 1472 884 ἠσεβηκότας;
1501 816 1609 867 ἀλλ’
1633 817 1696 867 ὡς

119 899 194 952 διὰ
219 902 379 966 πείρας
406 904 546 966 αὐτῆς
573 907 667 954 τῶν
691 903 1084 967 συμβησομένων·
1125 899 1449 953 ἀποτιννύντες
1483 897 1576 965 γὰρ
1602 901 1698 950 τοῖς

121 981 372 1049 κολάζουσι
406 986 533 1038 δίκας
572 989 614 1036 οὶ
651 989 945 1050 πλημμελεῖν
969 983 1190 1045 εἰωθότες,
1217 983 1320 1033 τότε
1356 981 1411 1045 δὴ
1442 979 1547 1031 τότε
1582 1002 1699 1040 μαν-

56 1085 102 1110 10
121 1064 274 1116 θάνειν
307 1064 523 1130 λέγονται
557 1069 632 1117 καὶ
669 1070 750 1130 τῆς
789 1067 982 1129 ἐνούσης
1020 1066 1174 1118 αὐτοῖς
1206 1062 1424 1130 ἐξουσίας
1461 1061 1515 1112 τὸ
1554 1062 1694 1122 ὑπερ-

35 1155 37 1157 ’
121 1146 258 1215 φερές
294 1150 369 1197 καὶ
406 1150 695 1199 δεσποτικῶν
729 1147 964 1213 κριμάτων
999 1146 1083 1210 τὴν
1115 1146 1323 1207 δύναμιν.
1388 1144 1490 1195 ε”στι
1525 1142 1580 1207 δὴ
1619 1143 1701 1192 οὖν

122 1231 376 1294 ἀναγκαῖον
411 1235 527 1298 ὑμᾶς
566 1230 621 1294 δὴ
659 1230 874 1294 μάλιστά
909 1235 1033 1298 φησι
1077 1228 1152 1279 διὰ
1189 1232 1283 1278 τῶν
1321 1224 1741 1291 συμβησομένωνο

122 1311 167 1362 τὶ
198 1314 337 1379 κρῖμα
363 1316 542 1373 μαθεῖν·
586 1317 702 1380 ὑμᾶς
729 1312 833 1365 τοὺς
865 1314 932 1363 ἀεὶ
962 1311 1045 1375 μὲν
1069 1315 1164 1364 τοῖς
1191 1309 1391 1379 φαύλοις
1417 1316 1702 1373 προσκεκλι-

123 1393 301 1457 μένους,
337 1394 781 1461 ἀποσπουδάζοντας
821 1393 868 1445 δὲ
906 1393 960 1444 τὸ
998 1391 1191 1458 ἀγαθόν·
1237 1396 1353 1457 ὑμᾶς
1390 1389 1497 1444 τοὺς
1535 1389 1703 1455 ἀγρίαν

59 1496 105 1535 15
124 1473 227 1525 τινὰ
267 1477 341 1525 καὶ
385 1474 616 1542 ἀνήμερον
657 1476 775 1526 κατὰ
815 1480 908 1527 τῶν
953 1477 1075 1537 ἐμῶν
1114 1472 1368 1539 προβάτων
1403 1472 1704 1535 ποιουμένους

124 1557 209 1622 τὴν
253 1557 437 1626 ἔφοδον,
480 1560 555 1609 καὶ
606 1562 700 1611 τοῖς
743 1562 837 1608 τῶν
881 1557 1053 1622 θηρίων
1093 1554 1433 1619 ἀπηνεστάτοις
1476 1576 1701 1620 παραχω-

124 1645 318 1704 ροῦντας
363 1638 506 1702 οὐδὲν,
551 1639 656 1692 τοὺς
700 1639 1011 1704 ἀποδέροντας
1049 1636 1133 1701 μὲν
1176 1636 1234 1687 τὰ
1277 1635 1510 1702 πρόβατα,
1554 1657 1699 1686 κατα-

127 1721 371 1790 ξαίνοντας
410 1720 458 1772 δὲ
497 1723 572 1772 καὶ
608 1712 798 1790 σάρκας,
831 1723 906 1771 καὶ
945 1720 1338 1789 καταμελιζοντας
1376 1721 1590 1786 ἀφειδῶς,
1631 1719 1706 1767 καὶ

128 1801 224 1853 οἷον
257 1801 460 1870 ἕψοντας
496 1803 570 1854 διὰ
605 1803 780 1869 χύτρας.
844 1803 1060 1867 σημαίνει
1087 1801 1134 1852 δὲ
1167 1801 1240 1851 διὰ
1267 1800 1444 1851 τούτων
1469 1804 1564 1851 πᾶν
1589 1797 1707 1852 εἶδος

61 1910 110 1934 20
127 1886 415 1954 πλεονεξίας,
455 1886 724 1950 ἀπληστίας
767 1908 816 1936 τε
868 1887 941 1935 καὶ
987 1882 1395 1936 καταδυναστείοις.
1462 1880 1615 1945 ἐπειδὴ
1658 1880 1706 1931 δὲ

128 1973 275 2019 ταῦτα
313 1966 580 2033 δεδράκασι,
618 1969 693 2018 καὶ
730 1968 858 2018 αὐτοὶ
898 1966 1182 2035 κεκράξονταί
1217 1969 1356 2033 φησι·
1411 1966 1486 2015 καὶ
1524 1964 1616 2014 οὔτ’
1651 1960 1751 2014 ἀνὰ

129 2050 371 2103 ἐποπτείας
397 2049 651 2118 ἀξιώσαιμι
675 2052 756 2113 τῆς
782 2047 890 2115 παρ’
916 2050 1126 2111 ἐμαυτοῦ·
1167 2045 1259 2097 οὔτ’
1287 2046 1343 2097 ἂν
1369 2050 1405 2097 εἰ
1439 2045 1708 2115 κεκράξειαν

130 2135 363 2186 αἰτοῦντες
397 2131 480 2182 τὸν
514 2132 660 2194 ἔλεον,
687 2131 891 2193 ἐπιδοίην
923 2130 993 2181 ἄν.
1057 2129 1582 2195 κατεπανουργεύσαντο
1615 2126 1710 2193 γάρ

132 2215 206 2266 καὶ
244 2214 372 2264 αὐτοὶ
414 2218 508 2265 τῶν
548 2213 904 2280 ὑπέζευγμένων,
945 2214 1019 2263 καὶ
1059 2216 1153 2262 πᾶν
1197 2209 1315 2264 εἶδος
1353 2211 1506 2264 αὐτοῖς
1549 2211 1711 2273 ἐπενη-

66 2317 113 2356 25
134 2295 302 2364 νόχασι
352 2297 622 2364 μοχθηρίας,
670 2300 850 2363 πικρῶν
899 2318 948 2346 τε
991 2296 1065 2345 καὶ
1110 2293 1314 2344 ἀνοσίων
1362 2291 1586 2359 εὑρέσεων
1635 2293 1712 2343 καὶ

133 2377 492 2446 ἐγχειρημάτων.

207 2460 514 2528 Ἐφαρμόσαι
548 2459 590 2511 δ’
617 2460 674 2510 ἄν
712 2482 781 2514 τις
817 2458 876 2510 τὰ
913 2463 1103 2510 τοιαῦτα
1136 2458 1210 2508 καὶ
1242 2455 1373 2518 μάλα
1407 2454 1591 2509 εἰκότως
1616 2459 1713 2508 τοῖς

187 2630 216 2653 1.
244 2620 261 2652 ὁ
280 2618 375 2653 deest
392 2619 428 2653 in
446 2618 538 2653 Edd.
822 2628 853 2652 2.
883 2615 1010 2661 τοίνυν]
1035 2619 1072 2656 -4-
1093 2615 1202 2660 φησὶν
1220 2613 1311 2648 Edd.
1331 2614 1439 2648 invito
1456 2613 1501 2648 A.
1549 2613 1640 2656 ὑμῶν
1658 2614 1714 2655 (ut

138 2667 258 2711 supra)
273 2667 316 2700 A.
365 2668 425 2700 τοῦ
443 2666 533 2700 A.B.
550 2667 589 2700 τὸ
607 2665 699 2700 Edd.
1154 2674 1187 2704 4.
1214 2664 1410 2705 κατάκρισιν
1426 2662 1470 2694 Α.
1489 2660 1601 2702 κρίσιν
1619 2660 1713 2695 Edd.

138 2723 172 2758 5.
197 2711 344 2758 εἴδησιν]
364 2712 542 2758 εἰσήγησιν
558 2714 601 2746 Α.
853 2710 885 2744 6.
911 2711 993 2752 μόνῃ
1012 2710 1055 2743 A.
1311 2709 1345 2742 8.
1371 2706 1488 2752 αὐτῆς]
1509 2707 1601 2740 αὐτοὶ
1620 2706 1713 2740 Edd.

137 2759 369 2794 άποτιννύντες
385 2761 450 2804 γὰρ
470 2760 512 2794 Β.
529 2758 758 2794 ἀποτεινύντες
776 2756 864 2802 (Sic)
882 2758 947 2801 γὰρ
966 2758 1008 2789 A.
1027 2755 1239 2789 ἀποτίνοντες
1257 2753 1350 2788 Edd.
1448 2765 1501 2787 12.
1520 2753 1603 2796 ἡμᾶς
1621 2752 1715 2788 Edd.

142 2817 195 2851 13.
220 2806 297 2842 τοὺς
314 2817 384 2840 om.
402 2807 445 2840 A.
685 2815 738 2850 15.
762 2801 958 2848 προβάτων]
977 2803 1182 2848 πραγμάτων
1200 2800 1291 2834 Edd.
1528 2800 1582 2834 16.
1605 2814 1714 2843 παρα-

138 2855 324 2898 χωροῦντες
343 2852 434 2887 Edd.
452 2859 531 2886 ante
548 2852 683 2897 Bligne.
1166 2848 1218 2882 18.
1244 2848 1297 2881 καὶ
1314 2847 1466 2892 primum
1484 2847 1527 2880 A.
1545 2847 1603 2881 τὰς
1621 2846 1714 2881 Edd.

140 2900 413 2943 καταμερίζοντας
429 2899 489 2933 ἰίὀ.
508 2899 625 2933 invitis
643 2897 733 2932 A.B.
1181 2906 1233 2940 19.
1260 2894 1314 2928 διὰ
1331 2892 1473 2938 χύτρας]
1493 2893 1528 2927 ἐν
1544 2892 1652 2938 χύτρᾳ
1669 2894 1715 2927 A.

141 2957 196 2980 20.
223 2946 420 2982 δυναστείας
438 2946 530 2981 Edd.
787 2954 841 2977 22.
868 2943 928 2976 οὐκ
945 2954 1006 2987 pro
1025 2941 1091 2976 οὔτ’
1110 2942 1153 2975 A.
1205 2941 1233 2975 εἷ
1251 2940 1640 2986 κεκράξειαν-ἐπιδοίην
1656 2939 1713 2986 ἄν]

139 2991 316 3036 ε’λεὴσιιιμι
335 2992 376 3026 Β.
557 3004 612 3035 24.
639 2992 691 3025 καὶ
709 2991 803 3035 prius
821 2996 1042 3035 assumptum
1059 3001 1100 3023 ex
1117 2988 1208 3023 A-B.
1387 2998 1442 3032 25.
1468 2987 1654 3033 μοχθηρίας
1671 2987 1717 3021 A.

140 3039 297 3084 πονηρίας
315 3038 406 3074 Edd.
596 3048 652 3083 27.
678 3037 788 3072 τοιάδε
806 3038 850 3071 Α,
