2021 3434
94 849 147 879 Es?
167 847 209 878 Iv.

95 892 124 931 6,
147 901 173 931 7.

98 1354 176 1385 Lev.
196 1365 248 1385 XX.

99 1397 146 1428 26.

310 168 395 207 236
696 169 747 208 B.
789 169 1060 209 CYRILLI
1098 168 1475 209 ALEXANDR.
1665 168 1719 208 xi.
1743 182 1782 222 9,
1809 179 1871 206 10.

311 275 435 342 ε’ίπερ
472 274 514 326 εἶ
545 275 665 329 Θεὸς
702 277 861 342 ὀργαῖς
904 275 968 341 μὴ
1009 276 1326 343 κρατούμενος,
1365 276 1556 345 ἐμφύτῳ
1599 276 1646 327 δὲ
1687 280 1874 339 μᾶλλον

311 355 531 419 ἑπόμενος
581 356 854 422 ἡμερότητις
909 357 1108 424 κολάζω,
1155 360 1318 427 φησὶν,
1363 363 1449 426 εἰμὶ
1502 357 1595 424 γὰρ
1639 359 1692 408 οὐ
1732 357 1875 420 μόνον

312 436 502 502 ἀγαθὸς,
554 440 615 492 ὡς
664 440 787 494 Θεός·
853 439 982 490 ἀλλὰ
1030 439 1148 507 πρὸς
1200 440 1349 510 τούτῳ
1401 442 1475 490 καὶ
1531 439 1674 506 ἅγιος,
1722 442 1876 501 μισῶν

312 519 500 582 ἀδικίας,
555 520 966 590 ἀποστρεφόμενος
1021 520 1128 576 τοὺς
1182 522 1576 586 μεμολυσμένους,
1627 520 1876 585 παραιτού-

311 623 448 664 μενος
484 600 566 652 τὸν
597 605 807 667 θεομισῆ,
843 605 916 654 καὶ
948 604 1244 670 ἐπιστρέφων
1277 604 1358 655 τὸν
1393 603 1643 671 ἀλιτήριον,
1679 601 1876 666 διασμή-
1896 625 1918 663 5

312 705 410 750 χων
434 683 488 733 τὸ
512 678 738 748 βέβηλον,
763 685 838 736 ἵνα
861 708 938 749 μοι
963 684 1109 737 πάλιν
1135 685 1443 751 συνάπτηται.

386 765 587 832 Ὠφελεῖ
616 767 671 831 δὴ
710 768 790 817 οῦν
824 768 849 818 ὃ
895 768 1153 837 Προφήτης
1189 768 1322 832 ἡμᾶς,
1361 766 1684 834 ἀνακεκραγώς
1717 789 1766 817 τε
1804 767 1879 816 καὶ

269 847 467 912 ἀλέγων
506 848 797 913 6(Ζητήσατε
834 848 916 900 τὸν
952 850 1140 917 Κύριον,
1179 853 1254 901 καὶ
1291 852 1338 901 ἐν
1375 854 1441 919 τῷ
1478 850 1703 916 εὑρίσκειν
1740 845 1880 898 αὐτὸν

313 935 340 959 “
365 930 730 982 ἐπικαλέσασθε·
795 932 927 996 ἡνίκα
975 933 1012 983 δ’
1059 931 1116 983 ἂν
1165 931 1321 1000 ἐγγίζῃ
1372 934 1491 995 ὑμῖν,
1537 930 1804 982 ἀπολιπέτω
1855 930 1880 980 ὁ

313 1018 339 1040 “
365 1011 543 1076 ἀσεβὴς
588 1012 671 1066 τὰς
717 1012 847 1067 ὁδοὺς
888 1015 1027 1065 αὐτοῦ
1075 1016 1150 1064 καὶ
1191 1014 1308 1081 ἀνὴρ
1352 1014 1520 1078 ἄνομος
1570 1013 1653 1067 τὰς
1702 1011 1880 1072 βουλὰς
1903 1041 1949 1065 10

314 1100 340 1123 ‘⁶
366 1095 506 1144 αὐτοῦ
544 1096 618 1145 καὶ
661 1095 997 1165 ἐπιστραφήτω
1041 1095 1158 1161 πρὸς
1201 1096 1386 1162 Κύριον,
1426 1098 1500 1147 καὶ
1538 1093 1879 1159 ἐλεηθήσεται.”

313 1174 403 1243 χρὴ
445 1175 537 1243 γὰρ
579 1177 712 1241 ἡμᾶς,
753 1181 790 1228 εἰ
830 1180 935 1244 περὶ
975 1183 1161 1229 πολλοῦ
1211 1179 1465 1243 ποιούμεθα
1507 1176 1561 1228 τὸ
1612 1175 1723 1228 εἶναι
1766 1175 1882 1240 μετὰ

317 1261 452 1320 Θεοῦ,
477 1261 615 1309 παντὶ
649 1259 804 1310 σθένει
833 1265 1161 1326 παραιτεῖσθαι
1192 1259 1246 1311 τὸ
1279 1265 1585 1325 πλημμελεῖν,
1617 1260 1888 1323 μεμνῆσθαί

316 1362 365 1390 τε
390 1340 611 1406 λέγοντος
637 1339 836 1407 “”Αγιοι
865 1342 1045 1404 ἔσεσθε,
1073 1342 1187 1393 διότι
1213 1342 1304 1409 ἐγὼ
1329 1341 1459 1409 ἅγιός
1485 1343 1618 1406 εἷμι.”

250 1587 296 1612 10
406 1567 477 1607 Κοιὶ
503 1568 577 1608 οὐκ
604 1566 891 1618 εἰσελεύσομαι
918 1568 977 1610 εἶε
1002 1572 1138 1613 Πόλιν.
1197 1569 1334 1612 ὀπίσω
1363 1569 1510 1626 Κυρίου
1536 1566 1807 1626 Πορεύσομαι.
1908 1583 1952 1621 15

407 1698 669 1766 Ἐπιτρέχει
716 1704 810 1750 τῶν
859 1701 1004 1766 ἁγίων
1054 1705 1324 1770 Προφητῶν
1373 1702 1476 1752 ἔσθ’
1523 1701 1597 1751 ὅτε
1646 1699 1728 1751 τὸν
1779 1704 1886 1750 νοῦν

280 1780 521 1846 θάκριβῶς
553 1785 647 1832 τῶν
678 1782 912 1845 ἐσομένων
946 1784 974 1847 ἡ
1006 1788 1194 1849 γνῶσις,
1218 1784 1620 1850 ε’ναστράπτοντος
1644 1782 1698 1834 τὸ
1729 1785 1886 1850 χρῆμα

318 1862 473 1915 αὐτοῖς
511 1868 593 1913 τοῦ
626 1864 792 1928 εΑγιόυ
834 1864 1119 1927 Πνεύματος.
1182 1864 1417 1931 τοιγάρτοι
1461 1868 1534 1915 καὶ
1574 1862 1750 1933 μεταξὺ
1793 1868 1886 1914 τῶν

319 1943 444 1994 ἰδίων
483 1943 654 2010 λόγων,
691 1944 793 2009 ἤτοι
833 1950 927 1996 τῶν
965 1946 1141 1997 ἄνωθεν
1175 1949 1249 1997 καὶ
1289 1946 1418 2013 παρὰ
1452 1950 1592 2009 Θεοῦ,
1630 1945 1711 2000 τάς
1750 1969 1887 1997 τινων

318 2023 424 2075 ἐσθ’
453 2025 528 2076 ὅτε
551 2027 990 2094 προανακεκράγασι
1019 2028 1190 2096 φωνὰς,
1217 2027 1246 2093 ἢ
1283 2028 1650 2093 μετανοούντων,
1680 2027 1708 2092 ὴ
1747 2030 1883 2096 εὐχα-
1907 2051 1954 2076 20

316 2107 670 2173 ριστούντων,ἢ
702 2109 1089 2175 ἀνασκιρτώντων
1123 2112 1194 2178 ἐφ’
1228 2110 1293 2165 οἷς
1331 2109 1388 2161 ἂν
1426 2110 1591 2165 αὐτοὺς
1629 2112 1888 2179 εὐφραίνειν

317 2190 667 2255 ἐπαγγέλληται
720 2191 853 2245 Θεός.
933 2194 1163 2243 τοιουτονί
1207 2216 1251 2243 τι
1299 2192 1511 2244 παθόντα
1561 2195 1635 2244 καὶ
1680 2198 1761 2244 νῦν
1805 2193 1888 2244 τὸν

103 2290 182 2323 164
197 2290 247 2323 A.
281 2299 302 2322 a
319 2271 545 2338 μακάριον
571 2272 827 2339 εὑρήσομεν
845 2274 1007 2338 Ὠσηέ.
1063 2276 1087 2325 ὁ
1114 2274 1197 2338 μὲν
1222 2273 1315 2341 γὰρ
1340 2280 1433 2326 τῶν
1458 2274 1584 2326 ὅλων
1604 2274 1724 2329 Θεὸς
1750 2277 1889 2326 ὑπισ-

319 2358 472 2420 χνεῖτο
513 2354 597 2418 τὴν
637 2354 909 2421 ἡμερότητα,
949 2357 1024 2406 καὶ
1063 2358 1144 2407 οὐκ
1179 2356 1380 2408 εἰσάπαν
1417 2357 1624 2425 ἔφασκεν
1662 2357 1885 2424 ὀλοθρεύ-

319 2458 422 2485 σειν
455 2434 561 2489 τοὺς
595 2435 930 2503 ἡμαρτηκότας,
971 2437 1040 2488 ὅτι
1083 2461 1133 2489 τε
1176 2438 1242 2503 ε’ίη
1278 2437 1410 2501 Θεὸς,
1446 2437 1621 2504 ἀγαθὸς
1659 2438 1887 2504 δηλονότι,
1909 2464 1955 2502 05

322 2519 395 2567 καὶ
419 2518 501 2568 οὐκ
528 2518 788 2585 ἄνθρωπος·
830 2520 883 2570 οὐ
909 2519 1000 2586 γάρ
1035 2543 1105 2570 τοι
1137 2522 1241 2571 καθ’
1269 2521 1388 2585 ἡμᾶς
1415 2522 1439 2571 ὁ
1467 2520 1581 2588 ὑπὲρ
1611 2526 1774 2573 πᾶσαν
1804 2523 1889 2586 τὴν

323 2600 487 2651 κτίσιν.
542 2604 584 2651 οἱ
619 2600 667 2651 δὲ
697 2599 858 2667 ὥσπερ
892 2601 1195 2668 ἐπεγνωκότες
1222 2602 1280 2654 τὰ
1314 2607 1454 2654 οἰκεῖα
1485 2603 1887 2668 πλημμελήματα,

323 2683 397 2730 καὶ
432 2686 812 2749 κατερυθριῶντες
845 2684 932 2749 ἤδη
961 2707 1060 2737 πως
1092 2686 1165 2735 ἐπὶ
1188 2689 1244 2752 τῇ
1268 2687 1472 2754 πλείστῃ
1498 2708 1547 2736 τε
1573 2689 1647 2737 καὶ
1680 2686 1890 2756 ἀδοκήτῳ

323 2762 488 2826 χαρίτι,
514 2764 793 2834 καταλήξειν
819 2766 1192 2832 ἐπαγγέλλονται
1225 2772 1319 2818 τῶν
1352 2769 1526 2836 σφίσιν
1556 2769 1889 2837 ἐξηυρημένων,

370 2919 402 2951 5.
422 2911 632 2958 διασμήχων]
653 2915 705 2947 καὶ
722 2915 919 2961 διασμήχων
937 2916 1028 2951 Edd.
1047 2917 1155 2951 invito
1174 2918 1219 2952 D.
1316 2930 1347 2963 9.
1367 2918 1634 2955 ἐπικαλέσασθαι
1654 2920 1698 2955 D.
1747 2920 1824 2965 ἡμῖν
1841 2921 1886 2954 D.

328 2967 380 2997 14.
407 2957 471 3000 εἶμι
490 2970 557 2992 om.
579 2960 623 2993 D.
643 2960 750 3005 (XI.)
949 2975 1001 3008 27.
1031 2966 1147 3007 κτῆσιν
1165 2964 1255 2999 Edd.
1276 2973 1354 3000 ante
1374 2966 1505 3010 Migne.
