2021 3434
333 177 415 215 402
722 175 772 215 B.
818 175 1093 215 CYRILLI
1136 175 1514 216 ALEXANDR.
1744 177 1772 216 ii
1796 176 1836 226 6,
1861 187 1898 228 7.

109 309 141 338 s,
160 308 234 338 Jac.
331 291 508 337 οἰκεῖον.
578 293 605 314 “
627 284 708 339 Εἷς
742 285 835 352 γάρ
869 289 997 337 ἐστιν
1025 288 1049 336 ὁ
1075 287 1321 352 νομοθέτης
1348 290 1422 339 καὶ
1456 288 1650 355 κριτὴς,”
1678 287 1795 339 κατὰ
1818 287 1902 352 τὴν

105 361 152 381 w'
174 361 222 382 η’
329 373 411 417 τοῦ
438 368 572 432 ἁγίου
598 366 775 434 φωνήν.
840 368 1005 418 οὐκοῦν
1039 369 1064 418 ὁ
1097 374 1179 419 τοῦ
1219 366 1388 421 δικαίου
1425 371 1796 436 παρασημαίνων
1822 368 1904 420 τὸν

331 448 478 514 λόγον
518 451 593 498 καὶ
637 452 698 502 εἷς
741 449 1001 514 πρόσωπον
1045 451 1251 513 βλέπων,
1297 452 1448 517 ὑβριεῖ
1484 474 1574 502 που
1621 450 1807 504 πάντως
1850 450 1904 501 τὸ

109 552 208 601 foeh.
331 535 453 581 θεῖον
484 530 681 598 ἀξίωμα,
714 532 787 581 καὶ
816 534 924 600 Θεῷ
960 532 1240 598 προσκρούει
1281 532 1466 598 λέγοντι
1494 540 1519 562 ‘⁶
1538 537 1696 599 Κρῖμα
1731 534 1905 584 δίκαιον

108 606 164 626 vu.
182 606 210 634 θ’
331 620 358 643 “
381 615 576 681 κρίνατε,
603 617 678 665 καὶ
714 614 842 668 ἕλεος
877 617 951 666 καὶ
987 616 1220 682 οἶκτιρμὸν
1257 621 1423 667 ποιεῖτε
1456 615 1653 669 ἕκαστος
1683 614 1798 681 πρὸς
1824 614 1904 665 τὸν
1925 632 1946 670 5

331 703 357 726 “
383 698 593 761 πλησίον
654 698 840 748 αὑτοῦ.”
918 700 1115 748 αἰτιᾶται
1177 698 1331 748 τοίνυν
1392 700 1453 751 ὡς
1513 703 1905 749 καταπωλοῦντας

330 780 511 846 ἐχθροῖς
544 778 626 830 τὸν
661 776 834 830 Sinam&
860 802 909 830 τε
947 786 1022 830 καὶ
1060 780 1238 842 πένητα,
1271 781 1345 831 καὶ
1379 785 1516 830 τοῦτο
1549 781 1664 845 δρᾶν
1693 778 1908 831 εἰωθότας

293 888 314 915 e
332 862 507 927 ὀλίγων
539 861 669 912 ἕνεκα
704 865 778 912 καὶ
810 861 1156 913 εὐτελεστάτων
1187 861 1464 926 λημμάτων,
1493 859 1524 911 ἃ
1551 863 1625 911 καὶ
1651 860 1788 923 μόλις
1813 865 1907 915 τοῖς

332 949 568 1003 λαβοῦσιν
603 944 837 1011 ἀρκέσειεν
881 943 937 994 ἂν
978 943 1095 1010 πρὸς
1139 941 1425 1012 ὑποδημάτων
1464 946 1643 1007 κτῆσιν.
1706 943 1815 993 ἀλλ’
1851 940 1908 1006 ἦν

331 1026 516 1090 ἄμεινον
558 1025 687 1093 παρὰ
728 1024 854 1077 πολὺ
896 1024 981 1089 τὴν
1026 1025 1256 1092 ὀρθότητά
1298 1048 1348 1076 τε
1389 1027 1464 1076 καὶ
1511 1025 1564 1075 τὸ
1602 1028 1708 1094 Θεῷ
1746 1027 1909 1075 δοκοῦν
1933 1047 1978 1073 ιο
2020 1032 2021 1079 J

331 1113 470 1172 τιμᾶν
494 1108 747 1176 ᾑρημένους
772 1113 871 1161 ταῖς
895 1109 1002 1174 παρ’
1032 1109 1173 1159 αὐτοῦ
1201 1113 1391 1172 μᾶλλον
1421 1107 1722 1171 καταμεθύειν
1745 1111 1908 1171 τιμαῖς,

333 1193 407 1241 καὶ
459 1190 614 1253 μέντοι
669 1192 745 1241 καὶ
789 1196 998 1241 πλοῦτον
1043 1190 1163 1257 ε”χειν
1213 1189 1295 1241 τὸν
1345 1189 1401 1259 ἐξ
1445 1192 1625 1255 ἀγαθῆς
1669 1190 1909 1258 εὐφημίας.

112 1284 225 1358 2Igioiv.I
334 1281 360 1303 ‘⁶
387 1271 582 1339 Αἱρετὸν
633 1271 738 1339 γὰρ,
783 1275 947 1341 φησὶν,
998 1271 1144 1335 ὄνομα
1195 1271 1342 1323 καλὸν
1394 1271 1421 1337 ὴ
1471 1277 1676 1326 πλοῦτος
1718 1271 1908 1325 πολύς.”

186 1351 192 1357 ’
233 1350 239 1357 ’
335 1354 489 1405 ἶστεόν
523 1354 571 1405 δὲ
609 1354 679 1406 ὅτι
713 1356 787 1405 καὶ
821 1353 896 1405 διὰ
927 1358 1086 1423 φωνῆς
1109 1354 1318 1405 Ἡσαΐου
1343 1352 1550 1405 τοιοῦτόν
1575 1377 1618 1404 τι
1645 1355 1766 1422 φησὶ
1794 1352 1911 1419 πρὸς

115 1460 273 1495 Es.i.22‚
334 1435 418 1500 τὴν
456 1441 549 1487 τῶν
581 1438 817 1487 Ἰουδαίων
855 1436 1044 1503 μητέρα,
1082 1437 1297 1488 τουτέστι
1334 1435 1419 1499 τὴν
1445 1435 1758 1502 Ἰερουσαλήμ
1792 1443 1818 1464 “
1839 1434 1910 1487 Τὸ
1934 1456 1978 1495 15

116 1514 164 1544 ²³¹
336 1526 362 1548 ‘⁶
389 1518 610 1584 ἀργύριον
654 1520 782 1581 ὑμῶν
827 1516 1062 1580 ἀδόκιμον·
1107 1521 1148 1569 οἱ
1193 1517 1401 1582 κάπηλοί
1439 1541 1530 1569 σου
1567 1519 1796 1584 μίσγουσι
1830 1517 1912 1569 τὸν

336 1608 362 1630 “
388 1598 512 1651 οἶνον
538 1602 681 1651 ὕδατι·
723 1604 764 1651 οἱ
796 1600 1016 1667 ἄρχοντές
1043 1623 1134 1651 σου
1166 1602 1422 1661 ἀπειθοῦσι,
1450 1603 1658 1651 κοινωνοὶ
1685 1604 1912 1662 κλεπτῶν,

336 1690 362 1712 “
388 1685 658 1748 ἀγαπῶντες
714 1686 856 1749 δῶρα,
911 1682 1150 1737 διώκοντες
1214 1681 1531 1746 ἀνταπόδομα,
1583 1683 1804 1750 ὀρφανοῖς
1859 1683 1913 1733 οὐ

337 1765 633 1832 “κρι’νοντες,
686 1788 760 1816 και
819 1787 969 1830 κρισει
1023 1764 1169 1832 χήρας
1217 1765 1270 1816 οὐ
1320 1764 1647 1832 προσέχοντες
1652 1763 1678 1779 ”
1741 1764 1816 1815 διὰ
1866 1763 1914 1816 δὲ

117 1857 196 1933 {5410
216 1858 260 1890 iii
293 1851 498 1961 ἁφωνῆς
538 1848 756 1914 Ιερεμίου
789 1845 934 1898 πάλιν
973 1851 1082 1898 “Oi
1123 1847 1369 1913 ἡγούμενοι
1410 1847 1550 1911 αὐτῆς
1593 1846 1710 1911 μετὰ
1753 1847 1914 1913 δώρων
1934 1871 1980 1896 20

338 1931 607 1998 “ε’κρινον.”
664 1930 894 1998 ἐπάρατον
920 1931 1001 1982 οὖν
1027 1935 1243 1999 πανταχῆ
1269 1954 1322 1982 το
1348 1930 1413 1995 μὴ
1443 1928 1587 1997 ὀρθήν
1612 1953 1662 1981 τε
1687 1953 1761 1980 και
1787 1929 1913 1981 ἀδιά-

336 2020 520 2079 βλητον
556 2017 790 2065 ποιεῖσθαι
824 2012 910 2077 τὴν
941 2013 1110 2079 κρίσιν,
1146 2012 1256 2064 ἀλλ’
1282 2015 1464 2080 ἐπαχθῆ
1495 2011 1670 2079 τρόπον
1703 2011 1806 2063 τινὰ
1840 2013 1914 2063 καὶ

338 2097 405 2147 ἐπ’
439 2094 679 2161 ἀνισότητι
710 2094 1098 2160 διαβεβλημένην.

343 2622 519 2665 κρίνοντες,
538 2623 591 2655 καὶ
616 2622 725 2666 κρίσει
742 2621 848 2666 χήρας
865 2622 904 2656 οὐ
921 2622 1150 2680 προσέχοντες
1168 2621 1210 2655 Β.
1229 2621 1391 2666 ὀρφανοῖς
1412 2621 1451 2654 οὐ
1477 2620 1642 2665 κρίνοντες
1667 2620 1788 2663 κρίσιν·
1813 2617 1919 2662 χήρας

343 2670 381 2702 οὐ
407 2669 636 2714 προσέχοντες
658 2669 701 2702 A.
731 2669 899 2714 ὀρφανους
929 2669 967 2702 οὐ
995 2670 1060 2713 κρίι
1060 2683 1145 2702 ουσι
1175 2683 1228 2702 και
1255 2668 1364 2712 κρίσει
1390 2667 1496 2713 χήρας
1525 2668 1562 2701 οὐ
1586 2665 1800 2711 προσέχουσι
1826 2663 1916 2698 Edd.

348 2727 399 2758 10.
427 2716 462 2749 δὲ
481 2727 549 2750 om.
569 2716 612 2750 A.
776 2727 829 2750 20.
856 2717 970 2761 φωνῆς
988 2722 1208 2760 assumptum
1226 2727 1267 2748 ex
1285 2715 1328 2748 A
1335 2715 1376 2748 B.
1544 2725 1599 2748 21.
1624 2712 1857 2755 ἀδιαλωβητὸν
1873 2710 1916 2744 A.

343 2762 525 2805 (ἶδιάβητον
544 2762 644 2796 Pont.
882 2773 935 2796 22.
962 2762 1128 2807 ἐταράχθη
1147 2773 1210 2807 pro
1228 2762 1358 2807 ἐπαχθῆ
1378 2761 1419 2795 A.
1659 2771 1713 2805 23.
1734 2759 1916 2801 διαβεβλη-

344 2809 422 2852 μένη
443 2810 484 2843 A.
900 2817 903 2820 ’

2009 2265 2012 2284 x

390 2306 418 2328 1.
445 2296 463 2328 ὁ
481 2299 703 2339 assumptum
720 2305 761 2327 ex
779 2294 822 2327 A.
1021 2305 1051 2327 2.
1078 2293 1192 2339 ἁγίου]
1216 2298 1253 2333 -1-
1274 2292 1414 2327 Παύλου
1434 2292 1474 2326 Β.
1685 2303 1718 2337 3.
1745 2292 1855 2336 ὑβριεῖ
1873 2291 1914 2324 Α.
2008 2291 2012 2342 ξ

338 2342 404 2385 ὑΒρ
409 2342 474 2376 ι’σει
492 2341 584 2375 Edd.
633 2355 698 2374 που
715 2352 784 2374 om.
803 2341 847 2375 A.
895 2341 1027 2376 πάντως
1044 2346 1266 2385 assumptum
1285 2352 1325 2374 ex
1344 2340 1387 2374 A.
1659 2351 1691 2381 4.
1719 2337 1788 2384 καὶ]
1812 2343 1848 2377 -Ι-
1869 2339 1915 2371 τῶ
2009 2349 2012 2362 ·

342 2388 432 2422 Edd.
449 2388 564 2422 invitis
582 2388 626 2422 A.
632 2387 673 2421 B.
722 2387 927 2432 προσκρούει
944 2388 987 2422 A.
1004 2387 1236 2432 προσκρούσει
1254 2386 1346 2421 Edd.
1515 2386 1548 2420 8.
1574 2385 1808 2420 ἀτελεστάτων
1825 2372 1916 2419 Edd.
2008 2367 2012 2464 ἶ

339 2447 487 2480 repugn.
504 2435 613 2468 libris.
662 2436 775 2477 μόνοις
795 2446 858 2479 pro
874 2436 972 2478 μόλις
989 2434 1048 2468 iid.
1429 2445 1460 2479 9.
1487 2432 1662 2476 ἀρκέσειεν
1677 2432 1721 2466 A.
1740 2429 1916 2477 (Migne.)
2010 2466 2011 2470 ,

340 2482 518 2525 ἀρκέσειαν
537 2481 578 2515 Β.
597 2481 770 2526 ἀρέσκειεν
787 2481 875 2526 (Sic)
896 2481 986 2515 Edd.
1194 2492 1245 2526 13.
1271 2482 1420 2514 πλοῦτον
1436 2479 1544 2514 πολύν
1561 2480 1605 2514 A.
1807 2489 1860 2520 14.
1885 2492 1916 2512 τι
2009 2485 2011 2492 “

341 2541 410 2563 om.
429 2529 472 2562 A.
674 2537 726 2572 15.
752 2531 818 2562 τῶν
835 2535 1053 2572 assumptum
1073 2540 1114 2562 ex
1131 2528 1175 2561 A.
1181 2528 1222 2561 B.
1273 2528 1309 2561 τὸ
1328 2525 1630 2573 ἀργυριον-ῧδατι
1647 2526 1690 2559 Α.
1696 2525 1738 2559 Β.
1756 2524 1806 2559 ὅτι
1825 2523 1916 2559 Edd.
2008 2501 2012 2551 Ῐ

346 2586 398 2619 17,
422 2576 473 2609 18.
503 2575 599 2609 Haec
616 2574 1056 2619 ἀπειθοῦσι-ἀνταπόδομα
1075 2574 1226 2609 desunt
1219 2586 1255 2608 ln
1275 2574 1365 2608 Edd.
1623 2574 1674 2607 18.
1700 2572 1863 2627 ὀρφανοῖς
1879 2570 1917 2604 οὗ
2007 2560 2012 2629 ζ
