2021 3434
310 194 365 232 46
701 196 749 235 B.
793 194 1068 235 CYRILLI
1109 194 1488 235 ALEXANDR.
1720 195 1761 234 ii.
1787 208 1821 241 2,
1841 208 1880 249 3.

308 305 390 366 τῆς
428 308 489 358 εἰς
527 304 604 366 ἐμὲ
643 304 697 355 τὸ
737 304 950 370 γνήσιον,
984 304 1222 370 ἠρνήσατο
1264 304 1311 355 δὲ
1352 303 1437 368 τὴν
1480 304 1751 369 οἰκειότητα·
1805 309 1881 356 καὶ

308 386 474 450 ὀλίγου
510 391 753 439 παντελῶς
788 386 962 454 ἠξίωσε
1000 385 1148 451 λόγου
1182 389 1264 449 τῆς
1301 385 1419 450 πρὸς
1457 386 1535 449 ἐμὲ
1571 392 1882 452 πνευματικῆς

307 469 543 522 κοινωνίας
578 467 662 532 τὴν
694 468 1002 534 καθαρότητα·
1053 469 1135 519 οὐκ
1169 468 1379 532 ἠθέλησε’
1403 492 1452 519 τε
1485 468 1592 523 τοὺς
1628 475 1723 521 τῶν
1757 472 1881 534 ἐμῶν

308 548 584 614 θελημάτων
630 549 806 601 ὠδίνειν
855 549 1074 617 καρποὺς.
1145 549 1251 611 αὕτη
1295 550 1486 616 γέγονεν
1539 555 1581 602 οὐ
1630 555 1734 618 ’γυνή
1781 578 1879 621 μου,

311 632 442 699 stahyn}
489 633 563 684 διὰ
601 640 740 685 τοῦτο
781 633 948 685 λοιπὸν
985 638 1060 685 οὐκ
1101 633 1197 704 ἀνὴρ
1239 633 1385 692 αὑτῗῆς·
1443 635 1524 684 οὐκ
1562 636 1661 697 ἐμοὶ
1698 635 1922 692 τέτοκεν5

267 742 288 766 c
308 717 435 779 ὑμᾶς,
461 717 571 767 ἀλλ’
594 716 772 783 ἑτέροις·
812 716 840 781 ἦ
866 715 959 783 γὰρ
985 716 1041 767 ἂν
1065 716 1272 782 ἐπέγνων
1300 716 1407 770 τοὺς
1438 717 1584 780 ἐμούς·
1625 718 1679 767 οὐ
1705 715 1882 783 βραδὺς

306 801 368 851 εἷς
404 798 535 850 ε”λεον
570 799 594 849 ὁ
631 798 775 867 φύσει
810 798 979 866 πατήρ,
1016 800 1144 849 ὀκνεῖ
1177 798 1224 849 δὲ
1262 796 1374 849 εἶναι
1409 797 1617 865 χρηστὸς
1655 800 1729 850 ἐπὶ
1767 798 1881 867 νόθῃ

304 885 436 949 γονῇ.
497 883 571 932 καὶ
597 887 743 932 ταῦτα
771 880 853 942 μὲν
884 881 998 935 ’ίσως
1023 882 1138 948 φαίη
1164 904 1232 934 τις
1258 879 1315 931 ἂν
1350 883 1411 935 ὡς
1436 883 1484 932 ἐκ
1511 881 1772 946 προσώπου
1798 887 1880 933 τοῦ

305 967 447 1014 Θεοῦ·
505 968 730 1029 λογιεῖται
768 963 816 1014 δὲ
854 964 929 1026 αὖ,
960 987 1034 1014 και
1067 963 1334 1030 περινοήσει
1371 967 1554 1026 καλῶς,
1572 963 1643 1014 ὅτι
1673 986 1876 1030 τετραμ-

304 1069 442 1110 μενης
474 1048 556 1109 τῆς
598 1049 886 1111 Συναγωγης
926 1069 989 1100 εις
1031 1047 1334 1097 ἀποστασίαν
1374 1045 1460 1110 τὴν
1497 1045 1590 1098 ἀπὸ
1630 1050 1768 1109 Θεοῦ,
1805 1070 1879 1098 και
1903 1042 1980 1117 ¹0.
2010 1075 2019 1099 n

303 1128 388 1190 τὴν
433 1132 528 1179 τῶν
572 1128 804 1191 δαιμόνων
848 1129 1066 1195 λατρείαν
1113 1128 1447 1196 ἀνθῃρημενης,
1489 1128 1634 1191 μόνον
1684 1128 1733 1180 δὲ
1776 1130 1881 1196 οὐχι

302 1209 480 1275 πόρνης
514 1210 644 1273 δίκην
679 1211 928 1275 ἁπλούσης
963 1212 1116 1264 αὐτοῖς
1154 1209 1212 1262 τὰ
1249 1209 1417 1274 σκέλη,
1453 1210 1709 1276 γεγόνασιν
1747 1215 1789 1262 οὶ
1827 1212 1884 1280 ἐξ

303 1293 445 1356 αὐτῆς
485 1293 588 1343 οὔτε
629 1291 843 1361 φιλόθεοι
881 1297 1095 1359 καθαρῶς
1138 1295 1212 1343 καὶ
1253 1294 1599 1358 ἐρηρεισμένως,
1639 1294 1742 1344 οὕτε
1786 1292 1880 1358 μὴν

303 1377 510 1429 ἐπιεικεῖς
535 1373 641 1429 τοὺς
664 1373 883 1441 τρόπους·
926 1375 1281 1440 ἐντεθραμμένοι
1313 1374 1360 1425 δὲ
1393 1379 1584 1438 μᾶλλον
1613 1380 1708 1429 τοῖς
1742 1376 1880 1440 ἤθεσι

258 1465 285 1505 d
303 1461 396 1508 τῶν
425 1455 783 1523 γεγεννηκότων,
810 1455 1093 1524 ἀφυλάκτως
1119 1455 1268 1525 ᾔεσαν
1293 1459 1366 1508 ἐπὶ
1392 1457 1451 1507 τὰ
1477 1462 1717 1509 λυποῦντα
1737 1457 1875 1509 Θεόν·
1902 1479 1947 1518 15
2008 1491 2016 1498 ψ

302 1545 441 1590 τοῦτο
466 1537 552 1603 μὲν
571 1538 759 1593 θύοντες
784 1544 850 1609 τῷ
876 1539 1027 1601 Βάαλ,
1048 1542 1123 1590 καὶ
1149 1544 1248 1594 ταῖς
1275 1538 1510 1603 δαμάλεσι
1537 1545 1638 1594 ταῖς
1662 1546 1877 1607 χρυσαῖς·

301 1627 438 1673 τοῦτο
459 1620 507 1672 δὲ
534 1623 610 1672 καὶ
635 1625 696 1676 εἷς
720 1625 815 1673 πᾶν
840 1619 957 1675 εἶδος
982 1623 1271 1688 ἀκαθαρσίας
1296 1621 1646 1688 ἀπερισκέπτως
1671 1621 1880 1674 διάττον-

301 1727 392 1758 τες.
460 1701 750 1755 αἰτιάσονται
785 1702 841 1768 δὴ
875 1705 969 1767 οὖν,
1004 1706 1079 1755 καὶ
1117 1705 1310 1773 σφόδρα
1348 1704 1544 1768 εἰκότως,
1583 1704 1667 1768 τὴν
1705 1706 1880 1756 ἑαυτῶν

301 1810 492 1852 μητερα,
518 1809 592 1837 και
619 1787 720 1853 οὐχι
747 1786 803 1850 δὴ
829 1790 1017 1850 μᾶλλον
1047 1785 1129 1837 τὸν
1164 1785 1420 1855 φιλάρετόν
1453 1809 1501 1837 τε
1532 1811 1607 1837 και
1638 1786 1880 1853 πάναγνον

303 1871 492 1933 ἀληθῶς
512 1867 822 1932 Δεσπότην,
804 1892 853 1921 ος
879 1869 1098 1920 σύνοικον
1118 1869 1238 1937 ἔχειν
1264 1871 1345 1920 οὐκ
1369 1869 1496 1938 ἀξιοῖ
1516 1868 1601 1933 τὴν
1626 1892 1879 1935 πεπορνευ-
1900 1897 1948 1922 20
2002 1905 2021 1931 2

301 1950 458 2016 μένην.
537 1950 700 2014 νοητὸς
745 1950 793 2001 δε
835 1950 1022 2005 πάντως
1061 1954 1142 2015 τῆς
1182 1951 1398 2019 πορνείας
1435 1953 1459 2002 ὁ
1498 1951 1684 2018 τρόπος,
1719 1950 1807 2002 κᾶν
1841 1957 1880 2003 εὶ

302 2037 501 2084 λαλοῖτο
531 2037 822 2097 σωματικῶς.

262 2249 283 2274 e
305 2229 379 2271 Καὶ
405 2229 548 2286 ἑξαρὼ
567 2229 644 2270 τι-ἰν
665 2228 866 2286 Πορνεῖαν
893 2230 1023 2272 αὐτῆς
1048 2230 1095 2271 ἐκ
1121 2229 1354 2287 προσώπου
1380 2246 1471 2281 μου,
1494 2231 1561 2272 καί
1587 2232 1662 2273 τὴν
1689 2231 1877 2287 μοιχείαν

263 2331 282 2365 3
371 2313 502 2355 αὐτῆς
528 2313 575 2354 ἐκ
601 2315 730 2362 μέσου
755 2315 928 2363 μαστῶν
963 2315 1106 2365 αὐτῆς,
1133 2316 1253 2357 ὅπως
1279 2315 1329 2357 ἂν
1355 2315 1522 2358 ἐκδώσω
1549 2316 1680 2358 αὐτὴν
1707 2317 1876 2368 Γυμνέιν,

370 2398 439 2439 καὶ
464 2398 811 2441 ἀποκαταστιίσω
835 2399 965 2441 αὐτὴν
994 2399 1135 2440 καθὼς
1166 2400 1321 2456 ἡμέραι
1348 2401 1553 2447 Γενέσεωο
1581 2400 1723 2442 αὐτῆς.
1899 2406 1946 2445 25

375 2521 488 2572 Τοῖς
513 2518 606 2570 ἀπὸ
632 2519 822 2586 γνώμης
846 2520 961 2574 ἰδίας
987 2521 1069 2571 οὐκ
1094 2521 1434 2589 ἐπιστρέφουσι
1464 2521 1582 2588 πρὸς
1609 2520 1746 2585 Θεὸν,
1774 2523 1877 2573 οὔτε

300 2598 393 2662 μὴν
431 2601 719 2668 ἀνεχομένοις
750 2602 810 2654 τὰ
843 2603 968 2673 αὐτῷ
1006 2606 1231 2654 δοκοῦντα
1267 2609 1495 2669 πληροῦν,
1521 2603 1651 2655 ἀλλὰ
1681 2607 1763 2669 τῆς
1794 2606 1877 2657 οὐκ

301 2679 384 2731 οἶδ’
420 2681 544 2736 ὅπως
588 2684 889 2750 τετιμημένης
933 2686 1086 2740 αὐτοῖς
1127 2684 1426 2754 φαυλότητος
1463 2687 1613 2755 ἀπρὶξ
1646 2686 1877 2751 ἡμμένοις,

349 2821 380 2844 2.
405 2825 471 2845 που
487 2818 566 2856 post
583 2812 702 2858 ὀλίγου
715 2814 795 2850 add.
815 2815 906 2851 Edd.
924 2829 984 2851 ιω
985 2824 1041 2851 ms
1060 2817 1101 2851 B.
1118 2817 1164 2851 D.
1331 2829 1363 2863 3.
1390 2833 1424 2852 τε
1442 2830 1512 2852 om.
1534 2818 1581 2852 D.
1734 2818 1766 2853 6.
1792 2818 1879 2862 ἡμᾶς

300 2857 389 2901 (sic)
408 2858 454 2891 D.
527 2857 545 2901 ἧ
565 2859 611 2892 D.
630 2859 648 2903 ἢ
639 2828 759 2896 Ὑ.Εάἀ
1019 2865 1052 2899 8.
1077 2867 1137 2898 τοῦ
1154 2877 1224 2898 om.
1246 2865 1291 2900 D.
1552 2877 1605 2899 11.
1631 2865 1872 2912 ἀνθῃρημένης]

297 2903 501 2948 ἀνῃρημένης
520 2905 610 2939 Edd.
803 2910 855 2943 18.
882 2911 922 2953 δη
940 2910 998 2945 οὖν
1017 2911 1063 2946 D.
1082 2912 1117 2946 δὲ
1133 2911 1224 2946 Edd.
1440 2923 1495 2946 21.
1521 2911 1653 2958 νοητὸς]
1674 2917 1797 2955 νοητῶς
1814 2913 1873 2947 iid.

300 2961 356 2994 23.
382 2949 434 2996 ἐκ]
454 2952 519 2985 ἀπὸ
539 2951 578 2987 F.
751 2965 805 2997 24.
831 2958 972 3000 μασθῶν
993 2958 1036 2992 D.
1259 2968 1313 3001 25.
1340 2958 1456 3003 ἡμέραι
1479 2958 1519 2992 Β.
1535 2959 1570 2992 F.
1592 2959 1683 2993 Edd.
1703 2960 1807 3004 ἡμέρα
1827 2960 1872 2994 D.

298 2997 362 3041 (A.
376 2997 440 3042 V.)
646 3011 700 3044 27.
729 3001 803 3047 τῆς]
822 3005 892 3038 τοῖς
912 3004 1001 3038 Edd.
1194 3006 1247 3039 28.
1273 3006 1499 3050 τετιμημένοις
1517 3005 1605 3050 (Sic)
1626 3006 1669 3039 D.
