2021 3434
117 171 176 212 iii.
203 185 295 227 1-3.
547 174 622 215 IN
663 124 939 215 JOELEM.
999 174 1150 215 TOM.
1195 174 1257 214 Π.
1601 174 1681 212 345

1703 320 1729 360 b

114 373 232 415 Διότι
259 371 347 415 ἰὃοιὶ
376 374 460 422 {sco
492 375 536 417 ὲν
568 372 659 417 ταῖς
688 377 861 433 ἡμέραις
892 375 1086 427 ἐκείναις,
1114 375 1181 416 καὶ
1206 375 1250 416 ὲν
1279 376 1335 428 τῷ
1363 376 1496 430 καιρῷ
1522 373 1684 427 ἐκείνῳ,
1707 381 1804 429 Κεφ.
1822 375 1872 428 γ’.

180 458 283 498 ὅταν
316 457 561 515 ἐπιστρέψω
596 459 672 500 τέιν
710 457 1161 514 αἰχμαλωσίανἸούὸα
1200 457 1580 514 καὶἹερουσαλιὶμ,
1618 456 1727 496 καὶ2

181 541 350 583 συνάξω
374 544 511 583 Πάντα
537 542 588 583 τά
615 543 714 583 ἔθνΗ
751 543 819 583 καὶ
852 543 1022 583 κατάξω
1055 542 1161 582 αὐτά
1196 540 1256 582 εἰς
1288 540 1364 582 τιέιν
1403 540 1580 582 κοιλάδα
1616 543 1690 582 τοῦ

174 622 407 679 Ἰωσαφάτ,
442 625 511 665 καὶ
545 624 870 680 ὃιακριθήσομαι
896 625 1002 680 Πρὸς
1036 624 1189 665 αὐτοὺς
1220 621 1307 665 ἐκεῖ
1343 624 1448 680 ὑπὲρ
1480 626 1553 665 τοῦ
1585 626 1689 664 λαοῦ

73 714 95 753 5
181 721 260 754 μου
296 707 364 747 καί
395 712 468 748 τιῖιε
503 707 786 764 κλΗρονομίαε
823 722 902 755 μου
922 708 1107 763 Ἰσραήλ,
1135 704 1175 748 οἳ
1208 707 1495 763 ὃιεσπάρΗσαν
1526 707 1571 747 ἐν
1597 703 1685 747 τοῖο

180 788 332 839 ἔθνεσι,
358 790 426 830 καὶ
461 790 538 832 τήν
576 795 647 838 Γῆν
679 805 757 839 μου
796 789 1126 840 καταδιείλοντο,
1155 789 1223 830 καί
1257 789 1327 830 ἐπὶ
1362 790 1434 830 τὸν
1471 791 1573 830 λαόν
1606 804 1684 837 μου
1705 798 1726 832 3

179 870 335 920 ἔβαλον
375 873 569 928 κλήρους,
613 873 680 913 καί
727 872 896 913 ἔδωκαν
943 872 993 913 τά
1042 871 1244 928 Παιδάρια
1293 873 1481 928 Πόρναιε,
1521 872 1588 912 καί
1635 871 1727 912 τάο

181 956 358 1011 κοράσια
384 955 580 998 ἐπώλουν
607 957 699 998 άντί
725 954 842 997 οἴνου
870 957 937 997 καί
963 957 1121 997 ἔπινον.

186 1068 273 1118 Ἐκ
310 1070 391 1132 τῆς
417 1068 628 1132 Ῥοβοάμ
665 1070 913 1126 βασιλείας
950 1070 1305 1136 ἀποῤῥαγεισῶν
1338 1072 1432 1119 τῶν
1458 1067 1568 1119 δέκα
1599 1073 1687 1136 φυ-

49 1174 96 1198 10
114 1153 227 1213 λῶν,
252 1152 327 1201 καὶ
362 1152 646 1218 διῃρημένων
677 1153 828 1202 αὐτῶν
866 1153 940 1202 καὶ
975 1150 1150 1205 παντὸς
1180 1157 1262 1202 τοῦ
1287 1150 1501 1217 Ἰσραὴλ,
1539 1150 1601 1203 ε’ίς
1639 1174 1688 1201 τε

113 1229 196 1282 τὸν
218 1232 429 1301 Ἐφραὶμ
455 1235 530 1283 καὶ
555 1233 636 1284 τὸν
662 1233 815 1284 Ἰούδα
850 1237 891 1284 οἱ
922 1233 1137 1298 μακάριοι
1172 1232 1398 1299 γεγόνασι
1428 1236 1681 1301 προφῆται.

113 1314 413 1378 λελαλήκασι
452 1315 499 1366 δὲ
535 1314 594 1366 τὰ
631 1316 738 1380 παρ’
765 1318 954 1383 ἀμφοῖν,
980 1319 1062 1380 τῆς
1100 1315 1214 1379 ὅλης
1252 1317 1404 1369 αὐτοῖς
1441 1315 1688 1376 βασιλείας

113 1397 481 1462 παρατεινούσης
519 1398 654 1465 μέχρι
688 1403 859 1463 καιρῶν
892 1401 974 1462 τῆς
1011 1398 1351 1465 αἰχμαλωσίας.
1418 1396 1533 1459 μετὰ
1559 1397 1614 1448 δέ
1634 1409 1731 1462 γε(1

113 1476 199 1541 τὴν
245 1480 294 1529 ἐν
348 1484 442 1533 τοῖς
490 1480 834 1545 Ἱεροσολύμοις
885 1483 1053 1531 ἐκεῖθεν
1105 1478 1428 1547 ὑποστροφὴν,
1479 1482 1554 1530 καὶ
1603 1478 1688 1543 τὴν

49 1579 94 1617 15
115 1561 423 1626 γεγενημένην
457 1561 574 1612 κατὰ
611 1561 792 1628 καιροὺς
829 1561 1067 1625 ἐπάνοδον,
1100 1561 1459 1630 προεφήτευσαν
1496 1563 1569 1613 ἐπὶ
1607 1561 1689 1612 τὸν

113 1642 314 1709 Ἰσραὴλ
343 1642 572 1709 Ἀγγαῖος
609 1667 658 1694 τε
697 1647 771 1695 καὶ
811 1645 1046 1712 Ζαχαρίας
1086 1646 1159 1695 καὶ
1198 1643 1358 1706 μέντοι
1397 1646 1470 1694 καὶ
1504 1647 1683 1694 Μαλα-

113 1726 219 1793 χίας
296 1728 508 1795 φαίνεται
559 1726 608 1777 δὲ
657 1729 732 1777 καὶ
786 1728 810 1778 ὁ
845 1725 1061 1794 ’Έσδρας
1103 1728 1244 1792 ὀλίγα
1285 1727 1402 1776 ἅττα
1449 1730 1542 1776 τῶν
1590 1726 1686 1776 κατ’

114 1811 255 1859 ἐκεῖνο
284 1815 460 1875 καιροῦ,
488 1811 563 1860 καὶ
599 1811 648 1860 ἐν
688 1815 782 1864 τοῖς
821 1811 961 1861 αὐτοῦ
999 1808 1183 1877 χρόνοις
1221 1809 1538 1874 γεγενημένων
1574 1831 1690 1873 προ-

115 1891 392 1956 αγορεύσας.
477 1892 703 1956 μέμνηται
760 1893 914 1943 τοίνυν
970 1896 1064 1942 τῶν
1112 1892 1424 1957 προκειμένων
1474 1892 1498 1941 ὁ
1547 1889 1690 1955 λόγος

49 1999 96 2023 20
115 1971 391 2039 πράγματος
429 1975 511 2024 οὐκ
553 1976 601 2024 ἐν
642 1978 785 2043 καιρῷ
825 1978 1083 2042 προφητῶν
1121 1977 1215 2024 τῶν
1253 1973 1458 2040 ἀρχαίων
1498 1995 1690 2037 γεγενη-

113 2054 267 2117 μένου,
297 2056 406 2106 ἀλλ’
439 2055 514 2106 ὅτε
553 2055 609 2120 δὴ
647 2055 784 2119 μόλις
819 2057 976 2121 Κύρου
1013 2055 1095 2106 τὸν
1124 2054 1242 2106 λαὸν
1276 2054 1457 2108 ἀνέντος
1490 2055 1687 2105 ὑπενόσ-

113 2159 267 2200 τησαν
300 2140 362 2190 εἷς
395 2136 480 2202 τὴν
504 2139 745 2190 Ἰουδαίαν.
813 2141 886 2189 καὶ
917 2139 965 2189 τί
992 2137 1046 2189 τὸ
1079 2140 1238 2205 χρῆμα
1275 2135 1328 2188 τὸ
1361 2137 1684 2206 ἀξιάκουστον,
1704 2163 1724 2189 e

113 2220 162 2270 τί
198 2217 246 2269 δὲ
289 2219 345 2284 δὴ
387 2220 605 2286 γενέσθαι
648 2220 963 2285 συμβέβηκεν,
1006 2221 1198 2285 ἐροῦμεν
1247 2221 1307 2273 ὡς
1358 2219 1434 2282 ἔνι,
1474 2218 1559 2282 τὴν
1607 2225 1690 2270 τοῦ

107 2300 298 2369 “Εσδρα
323 2303 610 2371 συγγραφὴν
635 2302 895 2369 κομίζοντες
921 2307 982 2357 εἰς
1007 2302 1259 2370 ἀπόδειξιν-

51 2411 97 2449 25
190 2386 379 2435 Οὐκοῦν
412 2386 654 2450 ἐπειδήπερ
692 2388 754 2438 εἷς
793 2384 877 2448 τὴν
902 2384 1130 2435 Ἰουδαίαν
1164 2386 1428 2448 ἐπανῆλθον
1463 2382 1579 2448 ἄρτι,
1614 2386 1688 2433 καὶ

115 2468 314 2531 δασμῶν
351 2469 426 2518 καὶ
459 2472 553 2518 τῶν
590 2470 672 2530 τῆς
710 2467 920 2520 δουλείας
958 2465 1330 2519 ἀναπνεύσαντες
1367 2463 1524 2516 πόνων
1561 2468 1602 2515 οἱ
1636 2464 1694 2533 ἐξ

114 2547 329 2615 ’[σραὴλ,
355 2550 427 2600 ἐπὶ
463 2548 517 2600 τὸ
549 2547 758 2618 ῥᾴθυμον
784 2547 1052 2614 ἐτράποντο,
1079 2549 1154 2598 καὶ
1185 2546 1309 2612 ἦσαν
1340 2548 1421 2598 οὐκ
1453 2549 1687 2615 ἀσφαλεῖς

166 2715 196 2738 1.
216 2704 310 2737 Διότι
322 2702 405 2737 B.F.
419 2703 454 2745 (N
465 2702 564 2736 Alex,
577 2700 678 2744 XII.)
693 2700 744 2734 ὅτι
756 2699 847 2734 Edd.
860 2700 981 2745 (Vat.)
1023 2700 1057 2734 ἐν
1069 2701 1127 2734 alt.
1139 2712 1208 2735 om.
1225 2700 1261 2734 F.
1345 2711 1376 2734 2.
1395 2699 1635 2745 ἅνεπιστρέψω
1648 2700 1686 2734 F.

117 2751 171 2784 καὶ
188 2750 246 2784 alt.
264 2761 334 2783 om.
354 2749 396 2783 B.
416 2749 493 2794 (51,
511 2758 566 2793 95,
589 2749 665 2793 185,
684 2747 783 2792 238.)
971 2758 1004 2792 3.
1030 2750 1090 2781 τοῦ
1107 2754 1326 2792 assumptum
1345 2759 1385 2781 ex
1405 2747 1447 2781 B.
1466 2747 1510 2781 cf.
1529 2757 1606 2791 234.
1627 2747 1686 2782 fin.

119 2805 184 2842 235
204 2808 234 2830 c.
250 2796 284 2830 d.
304 2796 382 2841 236.
396 2807 425 2829 c.
725 2793 757 2827 6.
783 2792 1031 2828 καταδιείλοντο
1050 2794 1092 2828 Β.
1109 2794 1145 2828 F.
1165 2794 1227 2839 (36
1246 2794 1310 2839 al.)
1328 2793 1574 2828 κατεδιείλαντο
1592 2793 1684 2828 Edd.

118 2845 152 2878 8.
178 2841 267 2888 ἀντὶ]
287 2846 324 2884 -Ι-
338 2844 397 2877 τοῦ
415 2841 506 2876 Edd.
521 2841 634 2885 (Vat.)
650 2840 766 2874 invitis
785 2840 869 2874 B.F.
919 2841 1030 2874 ἔπινον
1045 2841 1087 2874 Β.
1098 2841 1191 2875 ἔπιον
1205 2841 1243 2875 F.
1258 2841 1349 2875 Edd.
1362 2840 1482 2886 (228.)
1558 2851 1609 2874 10.
1628 2841 1685 2874 αὐ-

118 2889 200 2935 τῶν]
220 2890 308 2936 αὐτῷ
326 2888 417 2923 Edd.
583 2899 635 2922 12.
660 2886 856 2932 βασιλείας]
875 2887 1083 2932 προφητείας
1100 2887 1158 2922 iid.
1305 2899 1357 2930 14.
1383 2889 1451 2922 τοῖς
1468 2894 1687 2932 assumptum

119 2949 162 2971 ex
181 2937 223 2971 Β.
370 2936 421 2969 18.
441 2933 572 2980 καιροῦ]
590 2938 709 2978 καιρῶν
726 2933 785 2968 iid.
928 2945 983 2969 20.
1002 2936 1126 2980 καιροῖς
1137 2934 1195 2969 iid.
1340 2946 1394 2969 21.
1412 2934 1464 2968 ὅτι
1481 2945 1543 2979 pro
1557 2933 1612 2968 ὅτε
1630 2933 1688 2968 iid.

120 2985 204 3018 λαὸν
223 2983 264 3017 Β.
283 2982 422 3027 Ἰσραὴλ
443 2982 532 3017 Edd.

178 3050 269 3079 VOL.
295 3051 321 3078 1.
870 3049 893 3076 Y
913 3052 940 3089 y
