2021 3434
123 139 209 180 xiii.
236 153 298 191 14.
559 140 631 181 IN
674 139 908 181 OSEAM.
969 138 1119 180 TOM.
1161 138 1264 179 VII.
1618 139 1694 179 271

251 250 261 267 Ι
633 251 646 268 ἱ
903 251 916 267 Χ
979 252 989 268 5
1184 251 1194 268 Ι
1439 252 1454 268 x
1504 251 1515 265 9
1612 248 1624 265 Ι

121 272 312 317 μαρειας
352 255 681 319 Σαλμανασαρ
718 258 946 314 βασιλευς
996 256 1271 318 Ασσυριων.
1312 255 1340 279 “
1362 253 1455 301 Και
1493 253 1780 315 εγενηθη,ᾶ4
1801 265 1880 323 Reg-

121 338 149 360 ‘⁶
176 335 339 399 φησὶν,
365 332 514 398 Ὠσηὲ
539 335 663 404 αὐτῷ
689 333 895 389 δοῦλος.”
947 333 1164 400 ὠργίζετο
1190 332 1238 383 δὲ
1263 333 1372 383 λίαν
1398 332 1423 382 ὁ
1442 331 1703 398 Ἀσσύριος
1762 318 1880 348 xm&

120 412 190 463 ἐπ’
218 415 343 484 αὐτῷ
378 416 432 466 δι’
467 417 617 466 αἰτίαν
644 415 872 480 τοιαύτην.
937 416 1122 485 ἔπεμψε
1155 415 1239 479 μὲν
1276 413 1370 482 γὰρ
1406 413 1524 481 πρὸς
1563 412 1704 465 αὐτὸν

120 496 366 560 ἀγγέλους,
395 501 536 549 αἰτῶν
560 497 717 562 μαναά
744 500 818 549 καὶ
844 497 903 549 τὰ
929 497 1127 562 συνήθη·
1183 499 1208 548 ὁ
1240 497 1287 548 δὲ
1318 495 1704 564 προστάττεσθαι

77 594 101 633 5
121 579 227 644 παρ’
281 579 452 630 ἐκείνου
501 578 564 644 μὴ
616 581 953 648 ἀνασχόμενος,
1003 579 1316 646 ἐπρεσβεύετο
1365 578 1483 645 πρὸς
1532 577 1704 644 Σηγὼρ

120 662 328 721 βασιλέα
366 661 622 726 Αἰγύπτου,
659 661 745 726 τὴν
784 663 893 727 παρ’
931 662 1071 712 αὐτοῦ
1110 660 1332 725 βοήθειαν
1370 665 1523 712 αἰτῶν.
1586 660 1705 727 πρὸς

120 748 259 793 τοῦτο
300 744 621 808 λελυπημένος
660 745 684 794 ὁ
729 742 1072 807 Σαλμανασάρ,
1116 741 1457 809 πεπολιόρκηκε
1495 741 1579 805 μὲν
1619 741 1704 806 τὴν

123 823 402 890 Σαμάρειαν,
451 827 523 893 ἐφ’
577 826 705 879 ὅλοις
755 825 879 876 ἔτεσι
927 825 1095 891 τρισίν.
1176 822 1274 875 εἶτα
1323 823 1570 890 ζωγρήσας
1621 821 1704 874 τὸν

120 905 286 971 Ὠσηὲ,
316 907 562 972 δεσμώτην
587 908 740 969 ἐποίει,
768 909 843 958 καὶ
874 907 1166 975 κατέγραφεν
1189 907 1237 956 ἐν
1260 907 1467 968 οἰκέταις,
1491 904 1702 975 ἀπῴκισε
1721 923 1742 950 e

58 1012 103 1037 10
122 987 170 1038 δὲ
208 990 283 1039 καὶ
320 988 403 1040 τὸν
433 987 636 1056 Ἰσραὴλ
674 991 721 1039 ἐν
757 989 896 1055 ὁρίοις
936 992 1141 1055 Περσῶν
1184 989 1259 1039 καὶ
1300 986 1496 1052 Μήδων.
1560 987 1703 1038 ε”οικεν

120 1070 201 1121 οὖν
227 1071 252 1121 ὁ
278 1070 567 1140 προφητικὸς
599 1072 709 1135 ἡμῖν
742 1070 887 1138 λόγος
912 1070 1062 1135 Ὠσηὲ
1097 1069 1179 1121 τὸν
1201 1069 1335 1121 Ἠλά
1365 1069 1703 1120 καταδεικνύειν

120 1152 169 1203 ἐν
206 1152 401 1211 τούτοις,
448 1152 501 1204 ὃν
545 1155 619 1204 καὶ
664 1153 861 1223 φρόνιμον
900 1154 1143 1214 ἀποκαλεῖ,
1181 1153 1268 1219 οὐχ
1306 1151 1376 1202 ὅτι
1413 1151 1608 1206 συνετὸς
1645 1150 1703 1216 ἧν

121 1233 240 1284 κατὰ
278 1235 512 1299 ἀλήθειαν,
548 1233 659 1286 ἀλλ’
687 1235 922 1289 οἶονείπως
960 1234 1257 1301 εἰρωνεύεται·
1325 1232 1469 1285 ἐδόκει
1499 1233 1584 1299 μὲν
1609 1234 1702 1302 γὰρ

120 1315 250 1382 παρὰ
293 1320 360 1386 τῷ
400 1315 602 1383 Ἰσραὴλ
642 1316 836 1371 συνετὸς
879 1315 997 1368 εἶναί
1042 1340 1124 1380 τις,
1169 1318 1245 1368 καὶ
1293 1316 1485 1385 σφόδρα
1535 1322 1702 1386 σοφῶς

55 1417 101 1456 15
120 1398 482 1462 βεβουλεύσθαι,
518 1398 594 1450 διά
627 1422 699 1450 τοι
736 1398 790 1451 τὸ
827 1399 1020 1450 ἑλέσθαι
1050 1398 1135 1463 τὴν
1169 1399 1225 1468 ἐξ
1261 1399 1504 1465 Αἰγύπτου
1542 1404 1703 1451 καλεῖν

120 1480 385 1547 ἐπικουρίαν
442 1482 610 1536 αὐτοῖς.
697 1483 806 1532 ἀλλ’
858 1481 960 1546 ἥλω
1022 1480 1190 1550 ψυχρὰ
1252 1483 1327 1532 καὶ
1377 1479 1579 1546 ἀνόνητα
1626 1483 1702 1533 καὶ

121 1560 300 1628 δράσας
334 1566 408 1614 καὶ
442 1563 839 1628 βουλευσάμενος.
903 1565 971 1618 τίς
1010 1563 1066 1628 δὴ
1101 1565 1181 1615 οὖν
1213 1563 1317 1630 ἄρα,
1343 1566 1506 1633 φησὶν,
1531 1564 1742 1633 ἐξελεῖ-ει
1770 1577 1848 1612 187
1869 1575 1919 1610 A·

120 1644 200 1694 ταί
232 1667 290 1695 σε
329 1651 412 1696 τοῦ
449 1645 514 1711 μὴ
552 1651 718 1698 παθεῖν
762 1645 845 1700 τὰς
881 1647 1166 1712 ἀνηκέστους
1203 1646 1481 1716 συμφοράς;
1526 1646 1644 1703 οὗτος
1683 1653 1701 1699 ὁ

122 1727 208 1780 υἱός
245 1750 322 1778 σου
360 1733 378 1779 ὁ
418 1729 633 1798 φρόνιμος,
676 1725 783 1780 διότι
823 1732 866 1780 οὐ
905 1727 965 1798 μὴ
1006 1731 1175 1801 &voa-7¹3}
1211 1729 1250 1780 ἑν
1289 1731 1488 1802 συντριβῇ
1530 1728 1697 1781 τέκνων.

53 1832 104 1856 20
122 1811 215 1858 τῶν
239 1807 332 1875 γὰρ
363 1814 465 1860 σῶν
498 1809 648 1862 τέκνων
683 1810 1012 1881 συντριβομένων
1038 1814 1189 1879 φησὶν
1214 1811 1313 1862 οὐδ’
1343 1809 1401 1862 ἂν
1426 1811 1564 1866 αὐτὸς
1595 1816 1702 1863 ὑπο-

123 1890 269 1950 σταίη·
323 1890 625 1960 ληφθήσεται
671 1892 766 1960 γὰρ
816 1892 983 1948 δοῦλός
1032 1916 1083 1944 τε
1127 1895 1202 1944 καὶ
1244 1893 1544 1961 αἰχμάλωτος
1585 1895 1702 1957 ὁμοῦ

120 1976 216 2026 τοῖς
266 1973 450 2028 ἄλλοις·
515 1978 739 2036 βαδιεῖται
789 1973 907 2042 πρὸς
953 1976 1260 2043 Ἀσσυρίους.
1344 1975 1501 2045 σοφὸς
1548 1976 1630 2027 οὖν
1675 1977 1700 2027 ὁ

119 2054 332 2123 ψάλλων
375 2055 582 2124 ((Ἰσχύς
622 2081 712 2121 μου
756 2059 831 2108 καὶ
875 2059 1074 2123 ὕμνησίς
1115 2081 1205 2123 μου
1243 2058 1268 2108 ὁ
1310 2058 1525 2126 Κύριος.”
1589 2057 1698 2124 παρ’
1761 2059 1790 2091 Ρ
1792 2070 1816 2090 S·

1761 2103 1856 2134 cxvii.
1874 2112 1922 2143 ¹4·

120 2137 261 2188 αὑτοῦ
302 2136 394 2205 γὰρ
437 2144 575 2190 πᾶσα
617 2139 821 2204 δύναμις,
862 2142 939 2191 καὶ
977 2141 1190 2208 σωτηρία
1226 2145 1376 2192 wacta·
1422 2142 1498 2192 καὶ
1535 2140 1701 2208 σώζων
1762 2147 1914 2222 ξῖξ·ΧΠῑῑ·

55 2239 102 2278 25
122 2220 204 2270 οὐκ
241 2219 344 2271 ἔστι
381 2220 536 2290 πάρεξ
570 2222 727 2274 αὐτοῦ.

1719 2309 1747 2351 b

118 2409 196 2450 Ἐκ
227 2410 367 2467 χειρὸς
401 2410 505 2470 ᾅδου
538 2412 715 2468 ῥύσομαι
750 2411 916 2464 αὐτοὺς,
942 2412 990 2453 ἐκ
1025 2412 1208 2453 θανάτου
1235 2410 1508 2468 λυτρώσομαι
1534 2412 1699 2454 αὐτούς·
1725 2431 1771 2466 14

190 2497 270 2535 Ποῦ
294 2495 317 2536 ἡ
346 2494 439 2536 bium
466 2510 553 2546 σου,
580 2497 762 2548 &(5va
800 2499 880 2537 Ποῦ
906 2495 955 2537 τὸ
984 2496 1157 2552 κέντρον
1184 2510 1271 2547 σου,
1298 2494 1407 2554 ᾅὸΗ;

195 2597 272 2648 Τὰ
308 2599 357 2648 ἐκ
392 2601 540 2661 θυμοῦ
570 2597 793 2662 λαλήσας
825 2602 920 2652 τοῖς
946 2597 1253 2665 ἡμαρτηκόσι,
1279 2601 1354 2650 καὶ
1380 2597 1439 2650 τὰ
1467 2600 1517 2650 ἐκ
1548 2599 1703 2666 λύπης

170 2740 203 2770 4.
228 2727 353 2773 μαναὰ]
372 2729 480 2773 μαανὰ
499 2728 545 2762 D.
564 2728 637 2773 (56,
657 2728 752 2772 246.)
1032 2740 1085 2763 10.
1112 2729 1216 2773 ὁρίοις
1236 2728 1277 2763 Β.
1295 2728 1391 2773 ὄρεσι
1409 2729 1456 2765 D.
1475 2729 1579 2774 ὁρίοις
1597 2730 1700 2765 Pont.

124 2775 245 2819 ὀρείοις
262 2775 355 2808 Aub.
527 2786 540 2808 1
551 2786 580 2809 Ι.
606 2775 682 2819 ἡμῖν
699 2777 717 2808 ὁ
734 2776 942 2820 προφητικὸς
958 2775 1097 2810 inverso
1114 2776 1234 2810 ordine
1252 2776 1298 2810 D.
1474 2777 1526 2811 16.
1552 2777 1700 2822 ἀνώνητα

125 2822 204 2864 (sic)
223 2820 313 2855 Edd.
546 2832 598 2866 19.
624 2824 642 2855 ὁ
660 2828 879 2867 assumptum
898 2834 938 2856 ex
955 2822 1048 2857 B.D.
1285 2834 1340 2868 23.
1359 2822 1497 2869 Κύριος]
1515 2828 1551 2865 -1-
1566 2825 1619 2858 καὶ
1635 2825 1701 2869 μὴν

126 2869 178 2902 καὶ
207 2869 225 2901 ὁ
255 2866 437 2902 θεσπέσιος
464 2870 592 2904 παῦλος
624 2869 768 2914 γράφων
797 2870 911 2904 Πάντα
944 2869 1053 2914 ἰσχύω
1083 2869 1118 2904 ἐν
1143 2872 1189 2916 τῷ
1219 2869 1453 2914 ἐνδυναμοῦντί
1479 2885 1521 2913 με
1550 2874 1700 2917 Χριστῷ.

128 2925 183 2954 24.
211 2916 306 2948 πᾶσα
323 2915 382 2947 alt.
400 2921 622 2959 assumptum
639 2928 680 2950 ex
699 2915 792 2949 B.D.
960 2917 1014 2951 26.
1040 2917 1158 2953 αὐτοὺς
1175 2916 1287 2963 prius]
1304 2921 1341 2957 -1-
1359 2917 1411 2951 καὶ
1430 2917 1472 2951 Β.
1491 2917 1583 2954 Edd.
1602 2918 1699 2964 (Vat.

129 2961 230 3004 XII.)
250 2973 318 2995 om„
339 2961 384 2995 D.
404 2961 535 3006 (Alex.)
679 2972 734 3007 27.
760 2962 832 3006 δίκη
853 2963 898 2998 D.
918 2962 1008 2998 Edd.
1027 2964 1096 3009 νίκη
1115 2965 1208 3010 (130,
1226 2964 1322 3009 311.)
1340 2964 1383 2999 cf.
1402 2964 1503 2999 infra.
