2021 3434
96 204 152 245 iii.
176 219 215 260 3.
582 208 653 248 IN
693 208 888 249 AMOS.
949 208 1098 248 TOM.
1132 208 1192 248 ΙΙ.
1583 205 1666 243 419

96 317 137 364 οἱ
175 319 268 365 τῶν
306 316 537 381 ἀγελαίων
574 316 655 368 τὸν
694 324 815 380 νοῦν,
842 319 913 386 ἐφ’
943 316 973 368 ἃ
1001 316 1066 381 μὴ
1095 319 1346 383 προσῆκεν,
1377 311 1668 378 ἀποκομίζειν

94 395 315 459 εἰωθότες,
341 401 415 449 καὶ
449 404 718 453 πλανῶντες
756 399 863 454 τοὺς
902 399 1271 466 ὑπεζευγμένους.
1336 397 1560 459 ἐπετίμων
1585 393 1669 458 μὲν
1687 413 1709 437 a
1735 403 1818 438 276
1836 401 1885 435 A·

95 477 187 544 γὰρ
221 485 316 533 τοῖς
350 481 627 549 προφήταις,
656 482 935 549 ἀπεδέχοντο
969 481 1016 532 δὲ
1055 481 1161 534 τοὺς
1185 478 1580 544 πεπλανημένους,
1609 480 1670 531 ὡς

93 558 180 624 τὴν
222 563 400 613 εὐθειάν
444 563 596 617 ἰόντας
631 564 806 630 τρίβον.
875 565 1112 629 τοιγάρτοι
1157 562 1232 613 διὰ
1270 564 1428 628 φωνῆς
1462 559 1670 610 Ἡσαΐου

53 658 75 696 5
95 646 246 711 φησὶν
279 646 303 695 ὁ
331 644 451 699 Θεός
479 652 505 675 “
526 645 652 699 Λαός
687 669 790 708 μου,
826 650 868 697 οἱ
905 645 1229 711 μακαρίζοντες
1268 646 1384 706 ὑμᾶς
1421 646 1671 693 πλανῶσιν

95 731 122 754 “
149 726 264 788 ὑμᾶς
308 729 382 777 καὶ
427 725 512 790 τὴν
551 729 714 793 τρίβον
749 731 843 777 τῶν
882 730 1039 778 ποδῶν
1078 728 1206 790 ὑμῶν
1244 724 1667 790 ἐκταράσσουσιν.”

93 808 284 870 ἐπετίμα
323 808 371 859 δὲ
409 811 483 859 καὶ
514 810 750 872 Ἀμασίας
788 810 813 859 ὁ
849 807 988 875 ἱερεὺς
1026 805 1210 871 Βαιθὴλ
1235 807 1395 869 Ἀμὼς
1433 810 1499 874 τῷ
1535 810 1665 872 Προ-

1733 650 1787 680 Es.
1802 649 1846 680 iii.

1736 703 1747 724 1
1756 703 1784 724 2.

94 887 222 957 φήτῃ
262 889 416 954 λέγων
459 891 568 941 “‘O
611 892 733 956 ὁρῶν
769 890 939 956 βάδιζε,
981 889 1252 956 ἐκχώρησον
1297 892 1358 941 εἷς
1395 890 1486 953 γῆν
1519 888 1672 938 Ἰούδα
1733 891 1826 942 ῑῃεηι

94 979 120 999 “
206 973 220 990 x
274 973 284 987 ³
335 976 355 985 n
554 973 565 989 Ι
719 974 732 990 x
789 973 798 986 ‘
850 977 869 985 Α
1136 970 1147 985 t
1326 974 1336 987 ³
1437 969 1447 986 x
1619 969 1630 984 x

147 994 222 1021 και
262 995 349 1022 εκει
390 978 615 1032 καταβιου
660 995 734 1022 και
777 995 864 1022 εκει
904 976 1260 1037 προφητευσεις,
1301 993 1362 1023 εις
1401 973 1448 1020 δε
1488 973 1673 1033 Βαιθηλ

29 1073 76 1098 10
95 1060 122 1083 ‘⁶
145 1053 228 1103 οὐκ
266 1053 330 1104 ε”τι
369 1054 422 1104 οὐ
460 1053 524 1118 μὴ
562 1058 778 1121 προσθῇς
811 1059 892 1104 τοῦ
924 1051 1298 1120 προφητεῦσαι.”
1358 1055 1397 1102 οἱ
1424 1052 1479 1102 δέ
1499 1074 1553 1116 γε
1579 1056 1672 1105 τοῖς
1691 1065 1717 1105 b

27 1143 29 1145 ’
92 1135 357 1203 προφήταις
398 1135 746 1200 ἀνθεστηκότες,
791 1137 841 1186 ἐκ
883 1138 1070 1198 πολλῆς
1116 1135 1238 1200 ἄγαν
1278 1132 1560 1197 σκαιότητος
1600 1137 1674 1184 καὶ

96 1219 384 1282 δυστροπίας
410 1220 572 1282 δεινῆς,
598 1216 863 1284 εῦάφορμον
891 1217 1243 1269 ὑπεπλάττοντο
1269 1216 1354 1281 τὴν
1381 1217 1675 1278 ἀντίστασιν,

93 1302 235 1351 ἐκεῖνο
273 1299 492 1366 λέγοντες
526 1302 629 1351 Οὐκ
669 1299 943 1351 ἀπέσταλκε
980 1322 1038 1351 σε
1070 1301 1094 1350 ὁ
1129 1300 1315 1365 Κύριος.
1389 1303 1676 1349 καταιτιᾶται

94 1385 249 1436 τοίνυν
274 1384 452 1448 αὐτοὺς,
480 1385 550 1436 ὅτι
576 1384 682 1438 τοὺς
706 1386 813 1450 παρ’
843 1385 982 1435 αὐτοῦ
1008 1384 1256 1452 προφήτας
1282 1384 1335 1433 οὐ
1360 1382 1465 1436 τοὺς
1500 1383 1677 1433 ἄνωθεν

30 1489 76 1528 15
95 1467 308 1536 ἔφασκον
346 1470 421 1519 καὶ
449 1467 578 1534 παρὰ
610 1471 734 1519 Θεοῦ
766 1465 1040 1532 διακομίζειν
1067 1467 1252 1532 λόγους·
1294 1465 1440 1535 ᾤοντο
1473 1465 1520 1516 δὲ
1553 1470 1677 1529 μᾶλ-

95 1557 183 1600 λον
208 1548 266 1600 τά
292 1549 386 1601 ἀπὸ
417 1553 499 1613 τῆς
531 1554 674 1618 σφῶν
701 1549 970 1615 ἐρεύγεσθαι
1003 1549 1204 1613 γνώμης,
1232 1548 1363 1613 ἕτερά
1388 1571 1438 1598 τε
1465 1548 1522 1598 αὖ
1548 1547 1677 1613 παρὰ

94 1631 154 1682 τὰ
177 1635 406 1682 δοκοῦντα
432 1637 597 1682 λαλεῖν
622 1635 688 1700 τῷ
714 1636 806 1681 τῶν
833 1631 959 1682 ὅλων
987 1630 1231 1699 Δεσπότῃ.
1286 1630 1505 1698 ταύτῃτοί
1528 1635 1678 1697 φησιν

88 1714 156 1767 ςΩ
183 1715 401 1767 ἀσύνετοι
438 1719 513 1768 καὶ
549 1715 861 1784 παράφρονες,
889 1713 981 1782 ἀρά
1015 1739 1132 1769 τινες
1164 1716 1220 1784 ἐξ
1244 1717 1371 1778 ὑμῶν
1397 1714 1678 1779 γενήσονται

97 1799 242 1865 φίλοι,
270 1800 344 1849 καὶ
379 1798 463 1863 τὴν
490 1797 635 1862 αὐτὴν
660 1801 931 1858 βαδιοῦνται
963 1804 1044 1849 τοῦ
1079 1800 1185 1859 βίου
1216 1798 1392 1864 τρίβον,
1420 1798 1501 1847 οῦκ
1527 1797 1674 1861 ἐγνω-

31 1904 79 1929 20
97 1881 226 1934 κότες
265 1879 440 1936 ἑαυτοὺς
479 1880 624 1946 ἤγουν
662 1882 919 1945 ἀλλήλους,
957 1880 1216 1943 τουτέστιν,
1253 1883 1290 1931 εἱ
1333 1878 1397 1943 μὴ
1437 1878 1679 1943 ἀλλήλους

96 1962 337 2013 τεθὲανται
363 1963 642 2028 ἱσοτρόπους
673 1984 722 2013 τε
753 1965 828 2012 καὶ
856 1962 1219 2028 ὁμογνώμονας;
1264 1969 1290 1991 “
1311 1965 1419 2012 Πᾶν
1444 1960 1536 2027 γὰρ
1563 1960 1680 2026 ζῶον

97 2052 124 2073 “
150 2046 314 2113 ἀγαπᾷ
350 2044 405 2095 τὸ
439 2044 598 2109 ὅμοιον
632 2046 770 2114 αὐτῷ,
796 2046 871 2095 καὶ
909 2049 975 2113 τῷ
1014 2045 1157 2114 ὁμοίῳ
1193 2045 1333 2094 αὐτοῦ
1363 2050 1674 2109 προσκολλη-

98 2133 126 2156 “
152 2127 348 2191 θήσεται
375 2126 534 2193 ἀνήρ.”
602 2129 676 2178 καὶ
711 2131 747 2178 εἰ
781 2125 920 2178 τοῦτό
950 2129 1080 2177 ἐστιν
1105 2125 1290 2190 ἀληθὲς,
1316 2130 1415 2180 πῶς
1443 2125 1499 2175 ἂν
1523 2124 1681 2194 ἐδεξά-

97 2234 191 2275 μην
234 2210 344 2264 τοῦς
394 2210 643 2278 προφήτας
690 2212 927 2265 οἱονείπως
975 2216 1037 2265 εἷς
1089 2212 1254 2279 φιλίαν
1303 2212 1377 2260 καὶ
1423 2207 1682 2275 ἀγάπησιν,

34 2317 81 2355 25
100 2291 230 2360 ἅγιος
267 2292 332 2344 ὢν
371 2292 524 2357 αὐτὸς,
551 2298 588 2345 εἷ
623 2293 687 2358 μὴ
726 2296 799 2344 καὶ
835 2294 964 2344 αὐτοὶ
1003 2293 1257 2359 γεγόνασιν
1283 2290 1436 2357 ἅγιοις
1477 2296 1576 2344 πῶς
1603 2292 1684 2342 οὖν

100 2375 284 2427 διώκετε
322 2375 429 2429 τοὺς
465 2377 639 2443 ἁγίους,
666 2375 733 2430 οἷς
771 2379 845 2427 καὶ
885 2375 990 2430 τοῦς
1028 2374 1164 2438 ἐμοὺς
1201 2374 1465 2441 τεθάῥρηκα
1496 2372 1684 2439 λόγους,

100 2458 178 2511 οὓς
215 2456 530 2524 προσηκάμην
568 2462 630 2513 ὡς
670 2458 888 2524 ἀγαθοὺς,
929 2460 1062 2508 οἱονεὶ
1100 2457 1185 2521 τὴν
1223 2455 1366 2520 αὐτὴν
1406 2458 1505 2518 ἐμοὶ
1543 2457 1680 2517 βαδί«

963 2539 980 2557 Α

101 2540 261 2607 ζοντα-ς
307 2545 398 2591 τῶν
443 2540 720 2605 θελημάτων
763 2541 901 2601 ὁδόν;
961 2564 986 2590 ο
1030 2538 1122 2605 γὰρ
1162 2537 1217 2589 ἂν
1267 2538 1528 2601 βουλοίμην
1579 2537 1684 2604 ἐγὼ,
1705 2549 1732 2589 d

151 2702 184 2736 3.
209 2692 274 2736 γὰρ
293 2698 515 2736 assumptum
533 2704 574 2725 ex
592 2692 636 2725 A.
941 2704 974 2733 4.
1000 2691 1089 2735 φησι
1109 2690 1163 2723 διὰ
1180 2691 1294 2735 φωνῆς
1312 2687 1459 2723 Ἡσαΐου
1477 2689 1546 2723 inv.
1565 2690 1687 2724 ordine

106 2738 198 2772 Edd.
218 2739 327 2772 invito
348 2739 389 2772 B.
602 2749 634 2780 5.
660 2740 678 2771 ὁ
696 2744 916 2782 assumptum
935 2750 976 2771 ex
994 2737 1085 2771 AB.
1291 2736 1323 2770 6.
1350 2737 1625 2781 ἐκταράσσουσιν
1642 2739 1685 2771 Α.

105 2786 330 2830 ταράττουσιν
348 2785 389 2819 Β.
407 2786 556 2831 ταρεὶσσ.
575 2784 667 2819 Edd.
866 2785 899 2818 8.
926 2786 944 2817 ὁ
962 2796 1031 2817 om.
1047 2785 1090 2818 A.
1331 2794 1383 2817 10.
1410 2784 1448 2817 οὐ
1465 2791 1687 2828 assumptum

107 2843 148 2866 ex
166 2832 210 2865 A.
260 2834 320 2866 τοῦ
336 2843 406 2865 om.
426 2834 469 2865 A.
693 2842 745 2865 12.
772 2831 966 2876 εὐάφορμον
984 2831 1074 2864 Α.Β.
1093 2830 1248 2874 ἐλαφρὸν
1266 2829 1357 2863 Edd.
1590 2842 1642 2875 13.
1669 2833 1687 2864 ὁ

107 2884 328 2923 assumptum
347 2890 387 2911 ex
409 2879 449 2912 B.
783 2888 834 2922 15.
861 2877 914 2923 δὲ]
934 2879 999 2923 γὰρ
1017 2878 1060 2910 A.
1370 2876 1422 2910 16.
1448 2877 1488 2910 τὰ
1506 2889 1574 2911 om.
1596 2877 1687 2911 Edd.

109 2924 161 2969 τε]
182 2925 217 2959 δὲ
235 2925 279 2960 A.
331 2925 456 2959 Statim
474 2923 514 2958 αὖ
532 2931 751 2969 assumptum
771 2936 811 2958 ex
830 2925 873 2959 A.
1275 2934 1329 2957 22.
1355 2924 1443 2970 αὐτῷ
1463 2925 1505 2959 A.
1525 2925 1626 2958 αὐτοῦ
1646 2924 1687 2958 Β.

111 2971 203 3005 Edd.
358 2982 410 3014 24.
436 2973 521 3017 πρὸς
538 2984 600 3017 pro
616 2986 687 3007 πως
704 2971 750 3006 εἷς
768 2972 810 3006 A.
859 2971 1001 3016 ἀγάπην,
1019 2969 1057 3005 ἵν’
1078 2982 1139 3016 pro
1157 2970 1326 3015 ἀγάπησιν
1343 2972 1386 3005 A.
1544 2972 1597 3005 28.
1624 2975 1689 3005 τῶν

112 3029 181 3052 om.
201 3019 244 3052 A.

867 3086 990 3127 guz

1733 947 1787 966 Vll.
1809 944 1858 965 12.

1741 1966 1802 1997 Sir.
1816 1965 1883 1995 xiii.

1747 2018 1794 2049 15,
1810 2008 1858 2039 16.
