2021 3434
293 173 376 212 476
683 175 732 214 B.
776 175 1053 216 CYRILLI
1094 176 1473 216 ALEXANDR.
1648 191 1687 215 v.
1714 186 1864 228 25—27.

291 303 460 344 μνηται
503 281 551 332 δὲ
590 285 663 333 καὶ
705 287 786 346 τῆς
825 291 908 335 τοῦ
948 286 1206 353 Προφήτου
1245 288 1418 352 φωνῆς.
1486 284 1592 335 ὅθεν
1629 285 1758 335 ε”στιν
1796 285 1865 334 ἐν-

294 367 423 423 νοεῖν,
451 362 520 413 ὅτι
544 364 662 428 πρὸς
685 369 750 433 τῷ
776 365 946 435 μόσχῳ
972 371 1046 417 καὶ
1071 367 1138 426 sky
1166 367 1313 426 σκηνὴν
1341 369 1410 417 w]
1432 368 1598 428 Μσλὶχ
1623 366 1865 424 ἀνέλαβον.

292 446 747 508 σκηνοποιησάμενοι
798 447 889 513 γὰρ
937 448 1148 511 ἔστησαν
1210 449 1416 510 εἴδωλον,
1474 450 1549 498 καὶ
1611 446 1869 511 κεκλήκασι

294 525 473 593 Μολὸχ
511 528 611 591 ἤτοι
652 531 881 596 Μολχόμ·
925 531 1117 581 εἴδωλον
1153 531 1199 581 δὲ
1238 536 1375 581 τοῦτο
1417 534 1702 591 Μωαβιτῶν,
1734 528 1868 579 λίθον

290 606 398 673 ε”χον
441 611 644 676 διαφανῆ
681 613 754 661 καὶ
789 612 1023 680 ἐξαίρετον
1068 616 1141 663 ἐπὶ
1180 613 1406 674 μετώποις
1445 612 1613 677 ἄκροις,
1645 614 1707 664 εἷς
1744 610 1863 660 ἑωσ-
1888 632 1909 669 5

292 687 443 756 φόρου
477 691 642 742 τύπον.
707 697 782 744 καὶ
817 694 1108 760 ἑρμηνεύεται
1147 694 1230 756 μὲν
1265 695 1318 745 τὸ
1346 694 1514 756 Μολὶχ
1539 691 1765 752 βασιλεὺς
1789 693 1870 742 αὐ-

291 776 398 821 τῶν·
463 774 744 825 ἐκδεδώκασι
778 774 870 842 γὰρ
909 778 1051 829 οὕτως
1078 776 1284 830 Ἀκύλας
1325 778 1398 827 καὶ
1433 776 1707 826 Θεοδοτίων·
1751 774 1870 824 ἑωσ-

254 853 443 920 οφόρου
477 854 625 920 γεμὴν
663 857 911 919 ἐκτύπωμα
949 858 1002 908 τὸ
1040 857 1462 925 τεχνουργούμενον
1486 855 1558 920 ἧν.
1626 857 1871 914 ανελαβετε

291 937 446 986 τοίνυν
484 939 607 1004 φησὶ
645 937 713 997 τὴν
748 939 896 999 σκηνὴν
935 942 1004 990 τοῦ
1044 940 1224 1002 Μσλέχ,
1257 940 1485 996 τουτέστι,
1513 944 1595 989 τοῦ
1631 938 1871 999 βασιλέως

293 1018 434 1080 ὑμῶν.
500 1021 573 1069 καὶ
611 1025 742 1073 ποῖος
777 1020 833 1085 ἧν
869 1022 1001 1076 οὗτος
1040 1024 1064 1072 ὁ
1103 1023 1362 1083 βασιλεύς;
1403 1021 1449 1072 τὶ
1487 1021 1638 1089 ἄστρον
1676 1022 1744 1071 τοῦ
1783 1019 1939 1072 &eo-1310

294 1100 409 1168 ὑμῶν
466 1101 674 1171 εΡαιςὺαν.
761 1103 955 1173 Ῥαιφαν
1009 1104 1056 1154 δὲ
1120 1104 1412 1170 ἑρμηνεύεται
1460 1102 1721 1167 σκοτισμὸς
1769 1102 1871 1167 η’τοι

290 1181 554 1249 τύφλωσις.
640 1185 960 1251 προσεκύνουν
1008 1186 1156 1251 γεμὴν
1204 1185 1285 1236 τὸν
1341 1185 1588 1254 ἑωσφόρον
1636 1187 1698 1238 ὡς
1746 1208 1865 1251 προ-

291 1265 550 1332 ανίσχοντα
587 1269 668 1330 τῆς
708 1267 842 1330 ἡλίου
878 1271 1199 1335 μαρμαρυγῆς,
1229 1271 1302 1318 καὶ
1335 1268 1483 1335 ἀρχὴν
1509 1268 1680 1332 ἡμέρας
1712 1268 1871 1335 εἰσφέ-

290 1371 436 1415 ροντα
477 1356 572 1403 τοῖς
617 1353 690 1402 ἐπὶ
742 1355 823 1415 τῆς
863 1355 964 1418 γῆς·
1023 1352 1153 1403 ἀλλὰ
1197 1357 1292 1407 τοῖς
1339 1358 1662 1418 προσκυνοῦσι
1710 1351 1869 1418 γέγονε

290 1430 500 1500 ιΡαιφαν,
538 1433 767 1497 τουτέστι,
806 1434 1068 1498 σκοτισμὸς
1106 1435 1208 1500 ἤτοι
1245 1435 1506 1502 τύφλωσις.
1559 1438 1631 1485 καὶ
1672 1435 1774 1502 οὐχὶ
1814 1434 1869 1498 δὴ
1891 1458 1938 1496 15

290 1513 476 1567 πάντως
504 1517 565 1568 ὡς
591 1515 896 1581 ἐνηργηκότος
928 1519 976 1567 ἐν
1001 1517 1153 1570 αὐτοῖς
1180 1523 1262 1567 τοῦ
1295 1517 1473 1581 ἄστρου
1499 1515 1582 1580 τὴν
1607 1516 1870 1584 τύφλωσιν,

291 1597 400 1645 ἀλλ’
446 1595 517 1646 ὅτι
559 1603 824 1660 σκοτισμοῦ
862 1599 1108 1664 παραίτιον
1150 1599 1303 1651 αὐτοῖς
1344 1598 1399 1648 τὸ
1437 1602 1498 1651 εἷς
1535 1603 1672 1649 τοῦτο
1708 1598 1872 1663 γέγονε

247 1677 451 1738 ᾶσέβας.
521 1677 676 1743 ἐπειδὴ
715 1679 777 1742 δὲ,
818 1681 955 1747 φησὶ,
991 1679 1076 1744 τὴν
1120 1684 1393 1741 Μωαβιτῶν
1437 1682 1511 1730 καὶ
1549 1683 1632 1743 τῆς
1668 1680 1871 1746 γείτονος

292 1766 559 1822 Δαμασκοῦ
607 1763 777 1824 μανίαν
825 1762 1106 1829 ἐζηλώσατε,
1157 1762 1374 1830 ταύτῃτοι
1426 1764 1500 1813 καὶ
1550 1760 1871 1829 ἀποιχήσεσθε

291 1846 557 1911 Δαμασκοῦ
594 1867 642 1894 τε
683 1844 884 1896 ἐπέκεινα
922 1847 996 1895 καὶ
1035 1850 1129 1895 τῶν
1155 1845 1378 1910 ἀπωτέρω
1404 1843 1620 1907 κειμένων
1645 1844 1724 1907 ἔτι,
1750 1846 1870 1912 φημὶ
1890 1870 1939 1896 20

290 1924 346 1989 δὴ
400 1926 735 1986 Βαβυλωνίων.
820 1927 847 1990 ἡ
898 1926 982 1989 μὲν
1032 1926 1125 1992 γὰρ
1173 1927 1357 1980 ἕκδοσις
1408 1931 1502 1977 τῶν
1553 1925 1872 1990 ἑβδομήκοντα

290 2008 491 2060 ἐπέκεινα
513 2012 774 2075 Δαμασκοῦ
801 2010 964 2077 φησὶν,
991 2011 1015 2059 ὁ
1043 2009 1096 2060 δέ
1116 2032 1168 2074 γε
1197 2008 1450 2063 θεσπέσιος
1469 2007 1867 2076 ΣτέφανοςἘπέ-

289 2113 412 2141 κεινα
452 2094 740 2151 Βαβυλῶνος
779 2092 882 2159 ἔφη.
948 2092 996 2142 τί
1035 2092 1116 2142 οὖν
1159 2093 1277 2157 πρὸς
1317 2097 1455 2142 τοῦτο
1492 2093 1711 2156 ἐροῦμενς
1753 2090 1872 2141 κατὰ

288 2171 373 2235 τὴν
412 2174 649 2238 (Εβραίων
701 2173 887 2224 ἔκδοσιν
928 2175 952 2223 ὁ
1003 2173 1228 2240 μακάριος
1277 2173 1367 2241 ε”φη
1420 2173 1674 2241 Στέφανος.
1749 2176 1877 2224 δοκεῖ

289 2254 381 2321 γὰρ
417 2257 563 2309 οὕτως
603 2255 786 2309 ἐκείνοις
830 2255 883 2305 τὸ
923 2257 1127 2306 ἐπέκεινα
1171 2257 1432 2321 Δαμασκοῦ
1475 2253 1748 2319 ὠνομάσθαι
1785 2254 1870 2318 τὴν
1889 2274 1937 2312 25

251 2338 624 2399 εΒαβυλωνίων.
689 2337 1060 2402 παρατεινούσης
1104 2336 1196 2402 γὰρ
1238 2336 1353 2390 ἴσως
1397 2339 1478 2399 τῆς·
1522 2341 1869 2401 Δαμασκηνῶν,

340 2524 368 2547 1.
396 2514 518 2548 ἐννοεῖν
535 2514 673 2548 A.B.b.
694 2514 872 2549 Edebatur
893 2517 990 2548 νοεῖν.
1319 2526 1352 2559 3.
1379 2513 1577 2559 κεκλήκασι]
1601 2519 1637 2555 4-
1659 2517 1758 2548 τοῦτο
1776 2515 1867 2550 Edd.

288 2560 404 2594 invitis
422 2562 466 2595 A.
479 2561 512 2595 b.
527 2573 555 2594 c.
571 2561 605 2596 d.
879 2575 912 2604 4.
939 2564 1010 2605 ἤτοι
1030 2563 1176 2606 Μολχὸμ
1195 2573 1262 2595 om.
1283 2573 1310 2595 c.
1328 2561 1360 2595 d.
1379 2561 1482 2595 erasit
1499 2562 1542 2595 A.
1560 2561 1663 2595 habet
1680 2561 1739 2595 b.?
1789 2562 1869 2607 ἕχον

287 2607 386 2640 λίθον
403 2607 473 2641 inv.
492 2607 612 2641 Ordine
631 2620 658 2642 c.
676 2607 709 2642 d.
1001 2609 1032 2642 8.
1059 2610 1118 2652 μὲν
1137 2609 1175 2651 δὴ
1195 2620 1256 2652 pro
1274 2608 1378 2654 γεμὴν
1397 2609 1438 2642 A.
1487 2608 1668 2647 ἀνελάβετε
1688 2608 1728 2641 Β.
1743 2608 1776 2642 b.
1792 2621 1821 2643 c.
1834 2608 1867 2643 d.

290 2653 437 2694 ἀνέλαβε
455 2655 496 2688 A.
517 2654 699 2692 ἀνελάβετο
718 2655 809 2688 Edd.
1022 2668 1055 2699 9.
1082 2657 1170 2699 φησὶ
1189 2663 1409 2700 assumptum
1427 2667 1468 2689 ex
1490 2655 1529 2689 B.
1737 2666 1789 2690 10.
1815 2656 1868 2689 καὶ

291 2714 327 2733 π.
346 2699 385 2743 ἦν
403 2699 515 2746 οὗτος]
534 2701 583 2736 τίς
600 2702 635 2735 δὲ
654 2701 750 2737 οὗτος
767 2701 806 2745 ἧν
824 2714 851 2736 c.
868 2702 901 2736 d.
1197 2713 1209 2735 Ι
1221 2713 1249 2735 1.
1272 2701 1415 2747 ‘Patcpdv
1432 2707 1651 2746 assumptum
1669 2713 1710 2735 ex
1728 2702 1818 2736 A.B.
1832 2703 1866 2737 b.

295 2745 450 2791 [‘Pa.‹;l>fw
470 2749 549 2791 (Sic)
572 2748 634 2793 A.]
659 2748 783 2794 Ῥεφᾶν
807 2760 836 2782 c.
863 2748 986 2794 Ῥεφάν
1011 2749 1045 2783 d.
1107 2751 1304 2791 σκοτασμὸς
1330 2761 1358 2782 c.
1374 2749 1407 2782 d.
1429 2748 1557 2782 habent
1575 2750 1761 2791 σκοτισμὸς
1778 2749 1867 2783 B.b.

293 2795 365 2835 ἤτοι
383 2795 425 2827 A.
439 2794 472 2828 b.
487 2807 516 2828 c.
530 2794 563 2828 d.
583 2794 601 2838 ἢ
622 2795 711 2829 Edd.
929 2807 981 2840 13.
1007 2796 1113 2841 ἀρχὰς
1130 2796 1189 2829 iid.
1207 2796 1324 2829 invitis
1343 2795 1432 2830 A.ss.
1445 2807 1474 2829 C.
1487 2795 1521 2829 d.
1732 2807 1782 2837 14.
1809 2797 1868 2838 τῆς

292 2851 360 2872 om.
379 2842 421 2873 A.
705 2852 755 2887 15.
781 2841 904 2887 Ῥεφὰν
921 2854 949 2876 c.
968 2841 1092 2887 Ῥεφᾶν
1109 2842 1142 2876 d.
1194 2844 1388 2886 σκοτασμὸς
1405 2854 1434 2875 c.
1451 2842 1484 2875 d.
1536 2841 1660 2876 Statim
1678 2841 1696 2885 ἦ
1716 2854 1778 2887 pro
1795 2844 1866 2885 ἤτοι

293 2884 383 2919 Edd.
402 2888 517 2921 invitis
535 2889 578 2922 A.
591 2900 620 2922 c.
634 2888 667 2922 d.
876 2899 927 2934 17.
955 2891 1151 2933 σκοτασμοῦ
1171 2889 1211 2923 B.
1230 2901 1259 2922 c.
1275 2888 1308 2922 d.
1327 2889 1435 2923 invito
1453 2890 1496 2922 A.
1703 2900 1755 2933 19.
1781 2888 1865 2931 ἀπη-

293 2930 445 2974 χὴσεσθε
464 2934 553 2979 (sic)
571 2935 615 2968 A.
1050 2947 1103 2970 22.
1134 2935 1211 2969 Hoc
1229 2935 1413 2971 θεσπέσιος
1431 2941 1652 2980 assumptum
1669 2946 1709 2968 ex
1728 2934 1816 2968 AB.
1831 2935 1864 2969 b.

293 2977 347 3011 26.
374 2977 472 3024 ἴσως]
493 2979 597 3016 οὕτως
615 2982 658 3015 A.
709 2984 930 3027 Δαμασκηνῆς
950 2982 1040 3017 Edd.
1059 2983 1174 3017 invitis
1192 2982 1283 3016 A.B.
1298 2982 1332 3016 b.
