2021 3434
76 1153 92 1174 2
110 1143 193 1174 Tim.

74 1187 118 1218 iii.
140 1196 188 1227 13.

78 1392 95 1421 3
112 1382 195 1423 Reg.

75 1437 165 1456 xvm.
183 1436 232 1465 40.

76 1470 126 1501 Ib.
147 1470 198 1501 26.

76 1623 95 1649 4
110 1611 237 1652 Reg.x.

80 1664 128 1693 25.

78 1703 128 1733 lb.
150 1704 192 1734 ix.
211 1714 237 1740 1,

78 1759 107 1779 2.

80 2284 131 2314 ΙΙ).
150 2295 182 2314 x.

83 2327 132 2367 26,
156 2337 204 2367 27·

83 2459 141 2493 98
162 2458 210 2494 A.

294 246 375 284 140
681 246 730 285 B.
773 244 1047 284 CYRILLI
1089 243 1468 283 ALEXANDR.
1749 240 1862 291 vi.5.

291 355 459 422 ε”γνωκε
487 356 533 406 δὲ
560 357 587 420 ἡ
614 355 851 420 σύμπασα
885 356 967 408 τὸν
1000 361 1093 407 τῶν
1126 356 1251 406 ὅλων
1282 356 1481 420 Σωτῆρα
1510 354 1584 402 καὶ
1611 351 1865 417 λυτρωτὴν,

292 438 506 488 τουτέστι
531 438 758 504 Χριστόν.

254 658 371 706 5Διὰ
409 661 530 699 τοῦτο
567 658 799 716 ἀπεθερισα
836 660 934 700 τοὺς
972 659 1197 716 Προφήταε
1231 657 1361 707 ὑμῶν,
1389 656 1616 696 ἀπέκτεινα
1647 651 1800 693 αὐτοὺς
1825 651 1870 692 ὲν

359 742 512 797 ῥήματι
539 743 747 791 στόματός
773 758 864 791 μου.

366 879 558 931 Φειδοῦς
602 879 677 928 καὶ
730 876 916 943 ἀγάπης
960 879 1041 940 τῆς
1093 879 1154 929 εἰς
1206 873 1372 928 αὐτοὺς
1416 872 1663 941 ἀπόδειξις,
1708 872 1736 936 ἡ
1780 875 1914 924 τῶν5

293 959 586 1010 πλανώντων
632 961 880 1026 ἀναίρεσις.
944 957 1171 1024 γεγόνασι
1213 957 1296 1020 μὲν
1339 955 1432 1022 γὰρ
1483 956 1875 1025 ψευδοπροφῆται

251 1052 278 1092 d
295 1040 414 1093 κατὰ
441 1041 624 1108 καιροὺς
649 1044 722 1094 ε’πῖ
747 1041 828 1093 τὸν
853 1039 1067 1108 Ἰσραὴλ,
1089 1045 1184 1094 τοῖς
1208 1045 1291 1091 τοῦ
1319 1037 1457 1090 Βάαλ
1482 1037 1695 1102 τεμένεσι
1720 1058 1875 1102 προσ-

297 1123 556 1190 εδρεύοντες
605 1127 680 1175 καὶ
730 1129 1002 1177 πλανῶντες
1052 1125 1126 1174 καὶ
1170 1121 1479 1184 πλανώμενοι,
1524 1118 1642 1170 κατὰ
1691 1116 1745 1170 τὸ
1788 1140 1871 1183 γε-

296 1205 578 1272 γραμμένον.
643 1205 773 1271 πλὴν
806 1206 1057 1273 ἀνῄρηνται
1095 1204 1214 1256 κατὰ
1253 1202 1449 1270 καιροὺς,
1476 1199 1876 1268 προηγορευκότος

296 1289 371 1338 καὶ
396 1293 533 1339 τοῦτο
554 1292 691 1352 Θεοῦ,
713 1291 787 1339 καὶ
815 1289 953 1338 ὁσίαν
979 1289 1046 1338 ἐπ’
1070 1288 1223 1340 αὐτοῖς
1249 1283 1568 1354 ἐξενεγκόντος
1586 1282 1671 1347 τὴν
1690 1285 1873 1352 ψῆφον·

297 1368 374 1423 οὓς
412 1368 497 1434 μὲν
534 1370 625 1438 γὰρ
660 1373 840 1422 ἀνεῖλεν
865 1368 1038 1421 Ἠλιοῦ
1063 1368 1193 1435 παρὰ
1227 1368 1280 1419 τὸ
1315 1373 1397 1418 τοῦ
1437 1366 1575 1417 Βάαλ
1614 1363 1876 1428 θυσιαστή-

295 1475 409 1518 ριον,
445 1453 848 1517 εἰκαιομυθοῦντάς
886 1476 933 1503 τε
976 1454 1050 1503 καὶ
1089 1452 1329 1517 λέγοντας,
1361 1447 1707 1500 αἘποῖκουσον
1745 1448 1877 1511 ἡμῶν

299 1541 326 1563 “
353 1535 378 1584 ὁ
418 1534 570 1599 Βάαλ,
615 1535 881 1587 ἐπάκουσον
921 1535 1095 1599 ἡμῶν·”
1150 1535 1227 1587 οὖς
1267 1532 1314 1583 δὲ
1356 1531 1617 1582 ἀπέκτεινεν
1649 1528 1785 1593 Ἰηοῦ,
1825 1527 1878 1580 ὃν

298 1615 475 1684 κέχρικε
525 1618 731 1680 βασιλέα
783 1620 855 1669 ἐπὶ
903 1616 985 1668 τὸν
1032 1615 1232 1683 Ἰσραὴλ
1283 1616 1308 1665 ὃ
1359 1612 1582 1679 μακάριος
1629 1611 1877 1680 προφήτης

297 1699 551 1751 Ἐλισσαιὲ
585 1701 639 1751 δι’
668 1699 768 1754 ἑνὸς
806 1704 900 1751 τῶν
938 1699 1208 1766 παιδαρίων,
1237 1701 1361 1748 Θεοῦ
1397 1697 1470 1746 καὶ
1496 1701 1632 1745 τοῦτο
1658 1693 1877 1760 γενέσθαι

260 1782 693 1848 θπροστάττοντος.
737 1781 787 1837 ὃς
818 1782 917 1833 ἐπεί
951 1805 1021 1832 τοι
1060 1782 1318 1848 κε’χρισται,
1346 1781 1471 1829 Θεοῦ
1509 1782 1604 1830 τοῖς
1629 1779 1879 1827 πλανῶσιν

297 1865 673 1929 ἐπιμηνίσαντος,
699 1869 888 1931 πρῶτον
924 1863 1009 1928 μὲν
1044 1865 1196 1913 ἀνεῖλε
1231 1860 1313 1912 τὸν
1338 1858 1544 1927 Ἀχαάβ,
1575 1860 1642 1910 ἐπ’
1671 1859 1796 1927 αὐτῷ
1831 1857 1879 1909 δὲ

296 1946 382 2011 τὴν
407 1947 628 2013 Ἰεζάβελ,
666 1946 763 1998 εἶτα
799 1945 906 2000 τοὺς
945 1944 1067 2000 υἱοὺς
1105 1946 1245 1995 αὐτοῦ
1282 1941 1390 1997 τοὺς
1419 1945 1466 1993 ἐν
1504 1941 1594 2008 ὅλῃ
1627 1939 1878 2007 Σαμαρείᾳ,

297 2029 744 2096 προσποιησάμενος
788 2028 836 2080 δὲ
875 2027 928 2079 τὸ
966 2028 1228 2089 βούλεσθαι
1266 2028 1341 2076 καὶ
1379 2026 1604 2076 ἐπιτελεῖν
1639 2026 1704 2092 τῷ
1742 2021 1881 2073 Βάαλ

298 2111 476 2178 ἑορτὴν,
513 2111 692 2165 πάντας
729 2110 1009 2174 συνεκόμισε
1047 2109 1153 2163 τοὺς
1193 2105 1604 2177 ψευδοπροφήτας,
1644 2107 1720 2156 καὶ
1757 2104 1880 2155 θύειν

300 2194 674 2260 ὑποκρινάμενος,
726 2192 1115 2258 συνειλεγμένους
1168 2195 1229 2244 εἷς
1280 2187 1405 2240 οἷκον
1455 2187 1736 2256 ἀπέσφαξεν
1786 2187 1878 2237 ἕνα·

301 2276 575 2328 κατέσπασε
613 2276 661 2327 δὲ
692 2277 769 2326 καὶ
805 2273 946 2326 αὐτὸν
981 2274 1063 2325 τὸν
1099 2272 1250 2335 Βάαλ,
1287 2273 1361 2322 καὶ
1398 2268 1481 2323 τὰς
1521 2268 1706 2334 στήλας
1741 2269 1881 2320 αὐτοῦ

304 2359 543 2426 ἐνέπρησε·
584 2358 845 2425 γέγραπται
872 2356 965 2423 γὰρ
992 2355 1088 2406 ὡδί.
1143 2355 1308 2405 οὐκοῦν
1335 2352 1405 2403 ὅτι
1433 2354 1618 2420 φειδοῦς
1654 2352 1730 2402 καὶ
1756 2349 1878 2416 ἀγά-

268 2464 410 2506 επης,
438 2444 500 2495 ὡς
538 2441 669 2511 ἔφην,
697 2443 779 2505 τῆς
817 2439 878 2492 ε’ίς
909 2462 963 2504 γε
996 2437 1078 2489 τὸν
1114 2435 1317 2502 Ἰσραὴλ
1355 2433 1591 2502 ἀπόδειξις
1627 2432 1684 2498 ἧν
1722 2433 1750 2498 ἡ
1789 2437 1883 2483 τῶν

305 2526 714 2592 ψευδοπροφητῶν
746 2522 994 2587 ἀναίρεσις,
1020 2519 1227 2588 ἐδίδαξεν
1265 2517 1406 2569 εἰπών
1441 2516 1535 2567 Aa&
1567 2518 1686 2567 τοῦτο
1718 2513 1879 2567 ἀπεθέ-

304 2629 407 2675 ρισαι
445 2604 540 2660 τοῖις
579 2605 812 2675 προφήταις
851 2601 982 2672 ὑμῶν.
1048 2602 1097 2652 εὖ
1129 2601 1176 2652 δὲ
1210 2600 1265 2664 δὴ
1300 2600 1409 2650 λίαν
1444 2600 1518 2649 καὶ
1556 2597 1610 2648 τὸ
1641 2596 1883 2667 ἀπεθέρισ-οί

304 2691 440 2755 φησι.
518 2687 796 2739 πεπτώκασι
848 2683 940 2752 γὰρ
1004 2682 1122 2735 κατὰ
1183 2681 1385 2747 πληθὺν,
1436 2680 1690 2748 ἀσταχύων
1753 2679 1883 2743 δίκην

305 2768 549 2831 ἀμώμενοι.

351 2935 383 2965 4.
409 2922 530 2967 ῥήματι
547 2924 651 2958 habet
672 2925 767 2960 B.D.
887 2936 938 2959 10.
966 2924 1201 2969 ἐπενεγκόντος
1220 2922 1252 2956 b.
1392 2932 1444 2954 11.
1471 2920 1528 2955 οὓς
1546 2919 1677 2953 B.D.b.
1695 2918 1772 2954 τοὺς
1789 2917 1881 2952 Edd.

303 2970 424 3014 ἀνῇρεν
441 2982 503 3014 pro
520 2970 649 3005 ἀνεῖλεν
666 2972 700 3005 b.
749 2974 809 3006 τοῦ
827 2980 1048 3015 assumptum
1065 2983 1105 3003 ex
1123 2970 1158 3003 b.
1440 2978 1492 3012 13.
1519 2966 1575 3002 οὓς
1593 2966 1677 3001 D.b.
1695 2966 1771 3001 τοὺς
1788 2964 1880 2999 Edd.

305 3028 360 3050 21.
386 3016 642 3060 ὑποκρινόμενος
660 3018 707 3052 D.
756 3017 972 3064 ἀπέσφαξεν]
991 3023 1027 3058 -1-
1042 3016 1112 3050 καθ’
1133 3015 1223 3050 Edd.
1242 3015 1360 3049 invitis
1381 3014 1472 3047 B.D.
1671 3023 1726 3047 22.
1753 3012 1882 3047 στολὰς

304 3062 392 3107 (sic)
411 3075 472 3107 pro
491 3063 619 3107 στήλας
638 3064 684 3097 D.
905 3074 959 3108 27.
986 3063 1159 3108 ἀσταχίων
1177 3062 1268 3097 Edd.
1287 3068 1366 3096 ante
1385 3060 1518 3106 Migne.

1898 1300 1945 1325 10

1901 2125 1918 2149 2
1925 2125 1949 2149 0
2008 2104 2011 2105 γ
