2021 3434
109 215 147 240 x.
171 214 211 256 3,
232 214 273 253 4.
575 202 651 243 IN
691 202 927 244 OSEAM.
986 201 1135 242 TOM.
1174 201 1227 242 V.
1599 200 1682 240 207

108 387 225 429 Διότι
263 391 333 429 νῦν
371 388 536 445 ἐροῦσιν
575 389 662 431 Οὐκ
698 389 786 432 ἔστι
825 388 1020 439 βασιλεὺς
1058 385 1168 440 ἡμῖν,
1211 387 1376 430 ὅτιούκ
1413 386 1684 442 ὲφοβύθΗμεν
1707 400 1728 435 3

173 473 245 516 τὸν
275 474 434 531 Κύριον.
496 476 518 517 ὁ
559 475 604 517 δὲ
645 475 839 525 βασιλεὺς
881 474 919 517 τί
961 476 1130 518 ποιήσει
1167 471 1290 527 ὑμῖν,
1334 473 1479 514 λαλῶν
1520 473 1729 529 ῥύματαιι

175 559 412 614 Προφάσειε
438 556 622 609 ψευδεῖς,
651 559 897 602 ὃιαθύῡεται
923 558 1144 600 ὃιαθέικΗν.

183 677 308 744 Οὐχὶ
351 676 495 739 μόνον
543 678 695 728 αὐτῶν
739 675 1086 741 σεισθήσεσθαι
1135 675 1194 727 τὰ
1238 674 1568 741 θυσιαστήρια,
1613 674 1728 724 καὶᾶ
1759 686 1839 720 144
1858 684 1907 719 Α-

69 773 91 812 5
110 756 488 824 ταλαιπωρήσειν
533 759 624 827 ἔφη
669 758 752 813 τὰς
802 757 1001 823 στήλας,
1052 757 1345 824 προσεπάγει
1387 756 1448 819 δὲ,
1495 756 1565 807 ὅτι
1614 758 1688 806 καὶ

109 840 494 906 μεταγνώσονται
545 843 619 891 καὶ
664 839 985 907 θρηνήσουσιν
1027 841 1105 891 ἐπί
1144 862 1198 905 γε
1239 844 1340 893 ταῖς
1383 843 1526 907 σφῶν
1567 841 1686 888 δυσ-

110 923 337 984 βουλιαις.
405 921 720 988 ἡμαρτηκότες
751 922 799 974 δὲ
833 925 915 986 τῆς
946 923 1147 984 ἐλπίδος,
1175 945 1250 973 και
1282 921 1569 986 ἠπατημένοι
1594 926 1690 974 τοῖς

112 1007 160 1056 ἐκ
199 1009 291 1056 τῶν
334 1005 629 1071 κρατούντων
669 1004 1105 1101 ψευδηγορήμασιν,
1147 1003 1241 1074 ὀψὲ
1279 1006 1354 1055 καὶ
1392 1002 1530 1068 μόλις
1568 1027 1685 1054 συν-

112 1086 328 1152 ήσουσιν.
395 1090 436 1138 οἱ
474 1086 558 1152 μὲν
596 1109 690 1153 γαρ
727 1086 836 1153 παρ’
876 1088 1030 1140 αὐτοῖς
1068 1085 1175 1141 τοὺς
1213 1090 1294 1151 τῆς
1332 1087 1583 1148 βασιλείας
1621 1090 1689 1138 δι-

49 1194 96 1219 10
114 1170 298 1224 έποντες
324 1169 531 1237 θρόνους,
562 1169 775 1236 ἀρκέσειν
801 1169 1015 1238 εφασκον
1049 1168 1205 1223 αὐτοῖς
1231 1193 1292 1223 εις
1319 1170 1583 1236 επικουρίαν
1609 1192 1692 1223 τας

114 1275 162 1304 τε
186 1257 365 1320 χρυσᾶς
391 1251 626 1316 δαμάλεις,
654 1253 730 1302 καὶ
753 1250 838 1316 τὴν
876 1253 926 1302 ἐκ
964 1256 1058 1303 τῶν
1097 1251 1264 1304 ἄλλων
1299 1252 1504 1304 εἰδώλων
1531 1251 1694 1321 ἀσφά-

115 1343 258 1394 λειαν,
295 1333 380 1386 κᾶν
418 1339 455 1386 εἰ
495 1333 559 1399 μὴ
601 1333 684 1385 τὸν
725 1338 847 1386 θεῖον
887 1334 1033 1402 ε”χοιεν
1072 1333 1233 1399 νόμον,
1276 1333 1362 1386 κᾶν
1401 1340 1437 1386 εἰ
1475 1334 1538 1400 μὴ
1578 1338 1692 1402 δρᾶν
1710 1338 1737 1379 b

116 1417 294 1469 ἕλοιντο
318 1416 378 1469 τὰ
403 1416 477 1468 διὰ
505 1416 763 1470 Μωυσέως.
828 1416 857 1481 ἡ
881 1416 929 1468 δὲ
958 1422 1095 1484 πεῖρα
1121 1417 1292 1486 δέδειχε
1317 1420 1694 1487 ψευδοεποῦντας

116 1500 295 1554 αὐτούς.
360 1500 596 1551 τεθεάνται
631 1498 724 1566 γὰρ
758 1497 865 1553 τοὺς
898 1497 956 1550 τὰ
989 1499 1142 1551 τοιάδε
1174 1500 1325 1552 πάλαι
1356 1501 1694 1564 διατιθεμένους

53 1601 98 1639 15
118 1584 282 1645 αὐτοῖς,
308 1584 384 1634 καὶ
409 1581 644 1636 ἀσυνέτως
675 1582 914 1648 λέγοντας,
939 1581 1029 1634 ὑπὸ
1061 1587 1193 1650 χεῖρα
1225 1582 1460 1638 πεσόντας
1494 1586 1689 1651 ἐχθρῶν.

117 1665 338 1733 ταύτῃτοί
368 1669 519 1733 φασιν
557 1668 659 1716 Οὐκ
697 1665 788 1716 ἔστι
825 1664 1047 1725 βασιλεὺς
1079 1668 1189 1733 ἡμῖν,
1223 1667 1283 1717 ’ότι
1321 1669 1397 1717 οὐκ
1428 1665 1694 1735 ἐφοβήθημεν

117 1747 184 1798 τὶν
213 1746 370 1816 Κύριον.
437 1746 534 1798 ἰδοὺ
566 1745 659 1813 γὰρ
691 1746 802 1811 ἰδοὺ,
832 1749 997 1815 φασὶν,
1023 1748 1048 1797 ὁ
1081 1747 1327 1811 ἐπαμύνων
1366 1749 1523 1811 οὐδεὶς,
1551 1749 1695 1814 ἤγουν

118 1834 218 1883 ταῖς
258 1833 351 1880 τῶν
390 1830 708 1890 Βαβυλωνίων
749 1829 932 1898 ἐφόδοις
972 1830 1383 1894 ἀντανιστάμενος·
1437 1831 1547 1882 ἀλλ’
1588 1832 1696 1896 ἠτο-

121 1910 318 1976 νήκασιν
367 1911 579 1975 ἅπαντες,
622 1913 843 1964 λέλυνται
894 1915 970 1964 καὶ
1019 1913 1324 1966 πεπτώκασιν
1373 1918 1414 1966 οἱ
1461 1937 1695 1982 προεστη-

50 2014 102 2039 20
121 1993 265 2047 κότες.
343 1993 585 2062 πρόφασις
625 1994 673 2046 δὲ
716 1998 799 2060 τῆς
839 1996 1102 2063 ἀῤῥωστίας
1153 1998 1308 2050 αὐτοῖς
1352 2020 1402 2048 τε
1450 1999 1525 2048 καὶ
1573 1997 1735 2060 ἡμῖν,ο

120 2074 173 2126 τὸ
199 2075 263 2141 μὴ
290 2075 574 2146 πεφοβῆσθαι
599 2077 665 2129 τὶν
693 2077 850 2148 Κύριον.
917 2079 1030 2130 ποία
1053 2079 1207 2130 τοίνυν
1233 2080 1261 2143 ἡ
1288 2078 1448 2144 ὄνησις
1475 2080 1502 2144 ἡ
1527 2081 1577 2130 ἐκ
1602 2084 1696 2130 τῶν

120 2157 437 2224 κρατούντων;
488 2161 650 2229 φησίν·
691 2161 822 2212 οὐδὲν
865 2159 922 2225 ἧν
963 2161 1054 2228 ἄρα
1093 2160 1153 2212 τὰ
1195 2166 1307 2227 παρ’
1350 2162 1517 2224 αὐτοῖς,
1556 2166 1594 2212 εὶ
1631 2161 1695 2226 μὴ

121 2239 258 2306 λόγοι
294 2238 491 2310 ψευδεῖς,
532 2246 606 2294 καὶ
643 2242 899 2308 ματαιότης
933 2241 1154 2306 διαθηκῶν,
1194 2244 1338 2310 ἤγουν
1376 2244 1695 2312 ὑποσχέσεων.

122 2322 225 2377 ἔθος
263 2322 355 2390 γὰρ
395 2328 452 2392 τῇ
495 2325 595 2394 θείᾳ
640 2330 818 2394 γραφῇ,
862 2323 1076 2386 διαθήκας
1127 2328 1381 2377 ἀποκαλεῖν
1420 2326 1503 2381 τὰς
1544 2328 1693 2393 ἐπαγ-

56 2420 103 2460 25
122 2405 295 2471 γελίας.

196 2486 359 2556 Σοφὸν
385 2489 466 2539 οὖν
492 2488 583 2555 ἄρα
613 2491 689 2540 καὶ
722 2488 897 2543 παντὸς
920 2491 1108 2541 ἐπαίνου
1133 2488 1321 2552 μεστὸν,
1349 2488 1403 2541 τὸ
1429 2490 1698 2542 πεποιθέναι

122 2573 310 2632 μᾶλλον
335 2571 409 2621 ἐπὶ
436 2574 556 2640 Θεῷ,
583 2573 659 2621 καὶ
694 2570 758 2635 μὴ
791 2576 886 2625 τοῖς
924 2576 1017 2623 τῶν
1055 2571 1345 2623 πλανώντων
1379 2572 1698 2641 ἀποφέρεσθαι

123 2649 285 2717 λόγοις
325 2653 399 2703 ἐπὶ
439 2652 492 2703 τὸ
531 2652 842 2719 προσκρούειν
879 2657 945 2723 τῷ
983 2657 1104 2723 Θεῷ,
1144 2652 1387 2723 ἐμφρόνως
1425 2654 1473 2706 δὲ
1509 2659 1698 2720 μᾶλλον

173 2818 206 2853 6.
232 2833 271 2863 γε
288 2831 357 2853 om.
378 2819 424 2853 D.
597 2830 649 2865 15.
676 2820 729 2853 καὶ
746 2819 914 2855 ἀσυνετως
931 2820 1043 2855 αυτοῖς
1059 2819 1197 2854 inverso
1214 2819 1335 2854 Ordine
1352 2819 1399 2854 D.
1573 2822 1624 2856 16.
1649 2823 1698 2857 ἔτι

127 2877 190 2910 pro
207 2865 258 2899 ὅτι
277 2866 322 2899 D.
578 2877 631 2911 17
661 2866 739 2901 Hoc
757 2867 830 2901 ἰδοὺ
847 2868 904 2902 alt.
922 2866 1067 2901 accessit
1083 2878 1125 2901 ex
1141 2867 1176 2901 b.
1225 2868 1243 2900 ὁ
1260 2873 1482 2912 assumptum
1498 2880 1540 2903 ex
1558 2869 1600 2904 B.
1605 2870 1651 2904 D.
1661 2869 1697 2904 b.

131 2913 184 2946 18.
210 2911 449 2954 ἀνθιστάμενος
465 2924 527 2958 pro
544 2913 714 2948 ἀντανιστ.
732 2913 767 2947 b.
1233 2925 1287 2948 20.
1313 2928 1349 2948 τε
1366 2922 1588 2961 assumptum
1605 2929 1646 2951 ex
1662 2916 1698 2951 b.

130 2959 391 3040 1ξιφοβεῐέσθαι
404 2959 438 2994 b
498 2959 515 3003 ἡ
534 2972 603 2995 om.
621 2960 656 2995 b.
675 2972 780 3005 supra
797 2960 875 2995 line
867 2972 923 2995 xm
941 2972 1047 2996 manu
1064 2960 1184 2996 eadem
1200 2960 1305 2996 habet
1320 2961 1367 2997 D.
1425 2962 1444 3006 ἡ
1462 2963 1520 2999 alt.
1538 2974 1699 3009 assump-

147 3017 207 3040 um
225 3017 266 3040 ex
324 3034 330 3041 .
