2021 3434
106 212 192 267 i.3.
563 213 635 254 IN
677 213 911 255 OSEAM.
971 212 1120 254 TOM.
1163 212 1199 252 I.
1628 213 1680 251 19

106 322 254 375 αἰτίας
288 322 442 376 αὐτοῖς
482 324 510 387 ἡ
544 325 840 391 παραίτησις.
917 327 1085 392 χρῆναι
1124 324 1178 374 δέ
1211 327 1333 390 φημι
1363 327 1464 376 ταῖς
1502 320 1680 373 ἀνωθεν

106 402 291 471 ψήφοις
317 406 548 470 ἀμελλητὶ
579 407 798 470 νέμοντας
833 405 886 457 τὸ
924 408 1073 473 ὀρθῶς
1108 408 1182 457 καὶ
1213 403 1510 469 ἀδιαβλήτως
1541 404 1676 471 ἔχειν,

107 486 431 554 ἀποπεραίνειν
457 489 724 554 ἐπείγεσθαι
747 488 802 540 τὸ
833 488 1210 552 κεκελευσμένον,
1232 485 1318 556 κᾷν
1344 491 1381 538 εὶ
1406 485 1470 551 μὴ
1488 484 1680 555 σφόδρα

105 567 160 619 τὸ
183 571 343 635 χρῆμα
368 574 467 624 ταῖς
494 571 729 636 ἡμετεραις
749 570 922 638 ἁνδάνῃ
942 573 1134 637 ψυχαῖς·
1175 568 1271 620 οἷον
1296 570 1344 620 τί
1367 573 1502 637 φημι,
1518 591 1672 634 προσ-

64 666 87 705 5
106 649 267 718 τέταχε
304 654 370 721 τῷ
408 652 568 704 Σαοὺλ
603 654 627 703 ὁ
662 657 756 703 τῶν
786 652 912 702 ὅλων
938 650 1059 704 Θεὸς
1093 651 1376 720 ἀποσφάξαι
1401 650 1482 702 τὸν
1507 649 1679 716 Ἀγάγ,

109 735 170 787 ὡς
208 733 378 785 ἀνόσια
425 734 677 800 δεδρακότα
721 733 840 784 κατὰ
883 738 977 784 τῶν
1016 733 1072 802 ἐξ
1099 732 1317 799 Ἰσραὴλ.
1397 735 1510 783 ἀλλ’
1551 732 1680 802 ῷήθη

107 815 161 866 τὸ
203 815 413 884 χρηστὸν
452 816 519 868 ἐπ’
556 817 679 885 αὐτῷ
722 814 1047 878 βουλεύεσθαι,
1087 817 1163 865 καὶ
1204 818 1391 882 φειδοῦς
1429 815 1561 883 ἠξίου
1599 814 1681 866 τὸν

108 903 207 952 ταῖς
241 898 424 967 ψήφοις
459 897 922 960 καταδεδικασμένον.
998 896 1282 964 προσκρούει
1318 896 1373 961 δὴ
1413 898 1494 947 οὖν
1535 897 1679 965 ταύτῃ

108 1004 179 1033 τοι
204 984 269 1050 τῷ
289 984 410 1050 Θεῷ,
430 983 504 1031 καὶ
529 979 676 1043 μάλα.
727 979 914 1044 ἐκήδετο
940 979 996 1044 δὴ
1023 980 1104 1030 οῦν
1129 985 1212 1030 τοῦ
1238 977 1453 1030 τεθνάναι
1476 1001 1681 1046 προστε-

43 1082 90 1106 10
109 1063 353 1128 ταγμένου,
386 1065 634 1130 μονονουχὶ
669 1061 982 1129 διακεκραγὼς
1017 1064 1093 1113 καὶ
1133 1062 1288 1128 λέγων
1324 1062 1377 1111 δι’
1420 1062 1561 1112 αὐτοῦ
1598 1066 1681 1111 τοῦ

107 1145 396 1211 πράγματος,
438 1144 509 1196 ὅτι
549 1144 614 1209 μὴ
659 1145 839 1196 δικαίαν
883 1146 951 1196 ἐπ’
990 1145 1114 1214 αὐτῷ
1155 1143 1241 1208 τὴν
1279 1146 1449 1212 ψῆφον
1487 1145 1681 1194 ἐποιεῖτο

1696 575 1723 615 d

107 1226 242 1280 Θεός.
321 1226 492 1291 ταύτης
539 1227 670 1278 ἕνεκα
719 1230 801 1292 τῆς
850 1228 996 1281 αἰτίας
1046 1229 1261 1278 ἐλυπεῖτο
1309 1225 1394 1289 μὲν
1448 1226 1557 1276 λίαν
1607 1227 1720 1276 mie

106 1308 446 1375 συνηγανάκτει
491 1313 599 1379 Θεῷ
640 1311 664 1361 ὁ
715 1308 940 1376 μακάριος
983 1309 1222 1374 Σαμουὴλ,
1266 1311 1339 1359 καὶ
1383 1307 1682 1377 ἀποσφάττει

105 1390 190 1455 μὲν
214 1391 297 1442 τὸν
321 1390 478 1458 Ἀγάγ
503 1391 653 1454 αὐτὸς,
679 1394 926 1460 ἐπιφωνῶν
953 1391 1035 1446 τὰς
1070 1392 1231 1445 αἰτίας·
1275 1392 1448 1442 ‘⁴'Av9’
1475 1389 1540 1441 ὧν
1575 1389 1682 1456 γὰρ,

42 1492 87 1530 15
107 1481 134 1503 “
161 1475 325 1541 φησὶν,
368 1473 603 1539 ἠτέκνωσε
643 1480 864 1540 γυναῖκας
901 1475 929 1539 ἡ
967 1475 1179 1544 ῥομφαία
1219 1497 1326 1536 σου,
1369 1474 1514 1526 οὕτως
1551 1474 1683 1523 ἀτεκ-

107 1564 133 1586 “
157 1557 418 1621 νωθήσεται
464 1558 514 1608 ἐκ
566 1562 797 1622 γυναικῶν
840 1558 867 1622 ἡ
915 1556 1070 1624 μήτηρ
1118 1555 1248 1607 σου“”
1294 1555 1684 1623 προαπαγγέλλει

105 1638 153 1690 δὲ
177 1644 243 1708 τῷ
270 1639 442 1701 Σαοὺλ,
464 1638 534 1690 ὅτι
569 1641 644 1690 καὶ
666 1643 745 1703 τῆς
774 1641 1024 1700 βασιλείας
1049 1637 1389 1708 ἐξωσθήσεται,
1415 1639 1490 1688 καὶ
1515 1636 1684 1704 πικρὰς

104 1715 186 1777 τῆς
210 1717 447 1779 παρακοῆς
473 1715 687 1765 ἀποτίσει
714 1714 853 1768 δίκας.

180 1799 239 1846 Ei
259 1795 306 1846 δὲ
325 1795 416 1863 χρὴ
435 1795 553 1861 πρὸς
572 1796 721 1866 τούτῷ
741 1798 817 1847 καὶ
842 1796 998 1863 ἑτέρας
1018 1796 1136 1859 ἡμᾶς
1158 1795 1366 1861 ἱστορίας
1386 1797 1684 1861 παρενεγκεῖν

39 1900 88 1925 20
107 1877 364 1946 ἀφήγησιν,
391 1880 437 1928 ἐν
463 1882 520 1945 τῇ
546 1880 678 1947 τρίτῃ
704 1879 966 1945 γέγραπται
991 1883 1085 1928 τῶν
1111 1882 1383 1939 βασιλειῶν,
1412 1876 1482 1927 ὅτι
1517 1898 1684 1927 κατεσ-

106 1961 348 2026 τρατεύετό
378 1984 492 2012 ποτε
524 1966 617 2012 τῶν
649 1962 706 2030 ἐξ
727 1960 927 2027 Ἰσραὴλ
958 1959 1156 2026 ὁ”Αδερ,
1184 1962 1207 2011 ὁ
1235 1959 1400 2025 Σύρων
1431 1958 1685 2024 ἡγούμενος

106 2043 210 2107 ἤτοι
246 2042 488 2104 βασιλεύς.
557 2043 783 2097 ἀλύοντος
820 2043 867 2094 δὲ
902 2044 955 2094 οὐ
989 2048 1161 2109 μικρῶς
1196 2048 1278 2093 τοῦ
1302 2042 1508 2109 Ἀχαάβ,
1545 2039 1594 2094 ὃς
1628 2039 1685 2104 ἦν

106 2124 336 2187 βασιλεὺς
352 2125 565 2193 Ἰσραὴλ,
586 2128 662 2177 καὶ
688 2125 889 2180 δεδιότος
914 2125 999 2191 τὴν
1025 2126 1208 2194 ἔφοδον,
1231 2124 1512 2175 ἀλώσεσθαί
1535 2146 1583 2173 τε
1603 2123 1685 2173 οὐκ

107 2212 169 2262 εἷς
211 2206 395 2274 μακρὰν
436 2213 736 2278 πανστρατιᾷ
774 2208 1198 2275 προςδοκήσαντος,
1246 2207 1566 2272 ἐπηγγέλλετο
1611 2203 1686 2255 διὰ

40 2309 89 2348 25
107 2290 354 2359 προφήτου
389 2289 523 2353 Θεὸς,
557 2291 857 2358 παραδώσειν
891 2292 1015 2360 αὐτῷ
1050 2289 1132 2341 τὸν
1166 2289 1349 2357 ἐχθρόν·
1392 2286 1489 2338 εἶτα
1519 2286 1686 2347 λαβὼν

108 2374 289 2435 ἐκεῖνος,
315 2373 446 2442 ἠξίου
471 2377 657 2442 φειδοῦς
682 2373 811 2440 παρὰ
845 2372 898 2424 τὸ
932 2376 1097 2424 δοκοῦν
1123 2376 1188 2441 τῷ
1214 2375 1337 2440 Θεῷ.
1400 2372 1475 2421 καὶ
1501 2371 1549 2420 τί
1569 2367 1686 2433 μετὰ

110 2459 247 2505 τοῦτο
272 2454 325 2506 τὸ
350 2454 546 2522 γράμμα
570 2454 623 2506 τὸ
650 2456 797 2522 ἱερόνς
839 2463 865 2485 “
885 2457 978 2506 Καὶ
1005 2455 1249 2520 ἄνθρωπος
1284 2451 1345 2506 εἷς
1379 2455 1427 2503 ἐκ
1458 2456 1552 2503 τῶν
1577 2455 1685 2502 υἱῶν

111 2543 137 2566 “
162 2541 256 2587 τῶν
274 2541 530 2605 προφητῶν
549 2536 645 2589 εἶπε
663 2538 781 2604 πρὸς
801 2537 882 2589 τὸν
901 2538 1110 2597 πλησίον
1129 2537 1270 2586 αὐτοῦ
1290 2537 1337 2585 ἐν
1357 2534 1488 2604 λόγῳ
1511 2535 1686 2599 Κυρίου

111 2626 138 2649 “
165 2618 392 2688 Πάταξον
417 2619 473 2683 δή
497 2639 567 2683 με·
604 2622 680 2671 καὶ
706 2622 786 2671 οὐκ
814 2618 1051 2684 ἠθέλησεν
1071 2619 1095 2668 ὁ
1115 2618 1360 2682 ἅνθρωπος
1379 2616 1586 2686 πατάξαι
1607 2617 1687 2666 αὐ-

43 2716 92 2752 30
111 2707 138 2730 “
162 2701 257 2753 τόν.
313 2703 388 2752 καὶ
415 2699 510 2752 εἶπε
536 2701 653 2767 πρὸς
678 2700 965 2753 αὐτὸνἈνθ’
984 2699 1049 2751 ῶν
1075 2701 1155 2751 οὐκ
1182 2698 1387 2763 ἤκουσας
1418 2702 1500 2763 τῆς
1527 2701 1688 2767 φωνῆς

113 2790 139 2813 “
168 2784 357 2850 Κυρίου,
384 2782 481 2834 ἰδοῦ
506 2782 570 2834 σὺ
597 2784 865 2851 ἀποτρέχεις
891 2784 968 2834 ἀπ’
991 2784 1115 2846 ἐμοῦ,
1137 2783 1211 2833 καὶ
1237 2781 1436 2851 πατάξει
1465 2805 1522 2832 σε
1550 2781 1684 2832 λε’ων·

111 2872 138 2894 “
165 2868 239 2917 καὶ
259 2867 470 2930 ἀπῆλθεν
485 2864 563 2917 ἀπ’
582 2867 738 2927 αὑτοῦ,
760 2867 833 2916 καὶ
853 2865 1052 2931 εὑρίσκει
1072 2862 1212 2915 αὐτὸν
1231 2865 1351 2915 λε’ων
1368 2866 1441 2914 καὶ
1458 2863 1686 2931 ἐπάταξεν

210 3026 262 3058 15.
288 3015 426 3059 γυναῖκα
444 3012 534 3048 Edd.
556 3019 634 3048 ante
653 3012 786 3057 Migne.
1125 3023 1176 3058 17.
1203 3012 1381 3057 ἐξοισθήσ.
1401 3012 1592 3046 Aubertus.

867 3083 890 3109 D
916 3082 935 3112 2

1746 1403 1758 1425 1
1778 1395 1862 1435 Reg.

1742 1449 1794 1469 xv.
1813 1447 1863 1478 33.

1746 1810 1763 1839 3
1782 1801 1865 1850 Beg.

1745 1855 1811 1874 XXI.
1833 1853 1844 1875 Ῑ
1851 1854 1871 1875 0

1745 1899 1813 1928 sqq

1703 1981 1803 2014 a14
1831 1979 1881 2013 A.

1747 2309 1799 2340 Ib.
1819 2319 1856 2347 32

1746 2364 1816 2394 sqq.

1747 2463 1798 2495 Ib.
1814 2473 1830 2503 3
1837 2473 1878 2503 5—

1748 2509 1776 2539 8.

1703 2550 1730 2591 b
