2021 3434
855 849 1032 901 ΤΟΥ
1104 849 1416 902 ΑΥΤΟΥ

998 1021 1274 1062 ΕΞΗΓΗΣΙΣ

429 1217 589 1270 ΕΙΣ
661 1219 848 1271 ΤΟΝ
922 1219 1450 1272 ΠΡΟΦΗΤΗΝ
1525 1220 1852 1272 ΙΩΝΑΝ.

129 1447 216 1481 364
229 1446 277 1480 Α.
309 1457 330 1480 a
421 1434 483 1484 ‘O
517 1437 908 1485 ΘΕΣΠΕΣΙΟΣ
941 1435 1101 1489 Ἰωνᾶς
1136 1434 1313 1501 πατρὸς
1344 1434 1426 1499 μὲν
1460 1434 1602 1503 ἐξέφυ
1627 1440 1709 1485 τοῦ
1734 1434 1925 1496 Ἀμαθὶ,

347 1513 535 1581 ὥρμητο
568 1516 716 1581 γεμὴν
757 1518 806 1567 ἐκ
841 1518 1091 1584 Γεθχοβέρ·
1134 1519 1380 1585 πολίχνιον
1420 1515 1468 1567 δὲ
1513 1522 1651 1568 τοῦτο
1687 1519 1769 1580 τῆς
1803 1517 1918 1566 Ἰου-

347 1599 488 1649 δαίων
519 1600 619 1663 γῆς,
655 1598 756 1663 ἤτοι
792 1598 937 1663 κώμη,
973 1598 1091 1650 κατά
1121 1622 1173 1664 γε
1204 1599 1286 1650 τὸν
1317 1599 1470 1650 εἰκότα
1501 1599 1660 1662 λόγον.
1724 1597 1837 1649 ε”οικε
1878 1597 1927 1648 δὲ

346 1678 453 1733 τοὺς
493 1683 576 1743 τῆς
616 1681 902 1748 προφητείας
945 1683 1230 1745 πεποιῆσθαι
1275 1681 1446 1746 λόγους
1488 1679 1585 1731 κατ’
1631 1681 1802 1731 ἐκεῖνον
1844 1678 1927 1731 τὸν

345 1762 519 1829 καιρὸν,
545 1763 652 1812 καθ’
679 1761 732 1813 ὃν
770 1765 844 1813 καὶ
879 1765 920 1813 οἱ
952 1761 1044 1828 πρὸ
1079 1763 1219 1813 αὐτοῦ
1244 1762 1398 1826 Ὠσηέ
1424 1785 1472 1813 τε
1512 1764 1632 1829 φημὶ
1667 1763 1742 1812 καὶ
1767 1761 1927 1824 Ἀμὼς

345 1849 420 1897 καὶ
449 1848 659 1914 Μιχαίας
685 1849 760 1898 καὶ
795 1850 837 1898 οἱ
874 1849 1044 1899 λοιποί.
1112 1852 1318 1899 πλεῖστα
1358 1847 1405 1898 δὲ
1440 1847 1533 1898 ὅσα
1571 1851 1666 1900 τοῖς
1690 1847 1927 1897 Ἰουδαίων

300 1939 326 1979 b
346 1928 507 1993 δήμοις
526 1931 700 1980 κατίδοι
721 1952 788 1983 τις
815 1928 872 1980 ἂν
891 1928 1033 1981 αὐτὸν
1059 1928 1499 2000 κεχρησμῳδηκότα,
1521 1932 1594 1980 καὶ
1619 1928 1726 1982 τοὺς
1751 1928 1927 1979 ἄνωθεν

345 2013 421 2062 καὶ
464 2010 594 2078 παρὰ
638 2015 762 2062 Θεοῦ
804 2011 1248 2078 διαπορθμεύσαντα
1291 2010 1477 2077 λόγους,
1515 2014 1590 2062 καὶ
1631 2010 1691 2062 τὰ
1727 2009 1926 2074 ἐσόμενα

343 2098 516 2162 σαφῶς
549 2093 995 2161 προαπηγγελκότα.
1064 2095 1303 2162 ἔγγραφος
1329 2093 1414 2156 μὲν
1440 2095 1521 2144 οὖν
1543 2096 1626 2157 τῆς
1649 2097 1759 2159 παρ’
1785 2093 1927 2143 αὐτοῦ

342 2178 630 2245 προφητείας
664 2175 810 2241 λόγος
850 2175 1003 2242 ἕτερος
1037 2177 1181 2230 οὐδεὶς
1214 2175 1343 2242 παρὰ
1380 2175 1545 2227 τοῦτόν
1568 2177 1716 2226 ἐστιν.
1783 2175 1852 2225 ὅτι
1878 2174 1926 2224 δὲ

344 2257 628 2309 διατετέλεκε
656 2263 756 2313 ταῖς
781 2259 1018 2310 Ἰουδαίων
1042 2257 1237 2324 ἀγέλαις
1270 2258 1328 2310 τὰ
1364 2257 1482 2309 κατὰ
1513 2256 1696 2324 καιροὺς
1726 2256 1927 2321 ἐσόμενα

344 2349 715 2412 προαναφωνῶν,
739 2344 1089 2411 μεμαρτύρηκεν
1122 2346 1149 2409 ἡ
1183 2343 1493 2399 θεόπνευστος
1519 2343 1696 2412 γραφή.
1761 2345 1809 2394 ἐν
1834 2342 1925 2410 γὰρ

344 2430 402 2494 τῇ
446 2427 643 2496 τετάρτῃ
685 2431 780 2478 τῶν
822 2432 1083 2487 βασιλειῶν
1125 2432 1320 2479 ποιεῖται
1361 2426 1444 2490 μὲν
1495 2424 1601 2479 τοὺς
1651 2424 1824 2491 λόγους
1872 2425 1926 2476 τὸ

345 2507 542 2575 γράμμα
582 2509 637 2560 τὸ
674 2508 795 2575 ἱερὸν
828 2510 935 2575 περὶ
972 2515 1055 2560 τοῦ
1087 2508 1347 2575 Ἱεροβοὰμ,
1380 2509 1484 2575 οὐχὶ
1522 2506 1578 2571 δὴ
1616 2513 1698 2558 τοῦ
1738 2507 1927 2573 πρώτου

126 2608 286 2646 3Reg.xv.
345 2593 418 2642 καὶ
444 2592 492 2642 ἐν
517 2593 693 2659 ἀρχαῖς,
719 2590 768 2645 ὃς
806 2589 863 2655 ἦν
900 2596 984 2643 τοῦ
1019 2591 1206 2654 Ναβάτ,
1242 2590 1291 2645 ὃς
1327 2592 1402 2642 καὶ
1441 2589 1670 2659 ἐξήμαρτε
1708 2589 1790 2641 τὸν
1822 2591 1923 2640 Ἰσ-

125 2656 277 2734 {³325}
306 2672 483 2739 αραὴλ,
537 2672 658 2725 καθὰ
706 2673 984 2740 γέγραπται,
1038 2673 1274 2738 δαμάλεσι
1326 2670 1542 2737 δηλονότι
1588 2677 1686 2726 ταῖς
1727 2677 1926 2739 χρυσαῖς

394 2827 513 2862 Codex
533 2827 574 2862 B.
595 2826 661 2874 [D.
678 2828 777 2862 initio
795 2827 984 2869 adhibitus,
1003 2834 1122 2873 postea
1139 2828 1246 2874 raro]
1509 2838 1584 2871 1—3.
1614 2827 1671 2862 Sic
1691 2826 1732 2862 B.
1751 2829 1811 2861 τοῦ
1827 2826 1924 2873 ἁγίου

347 2875 518 2919 Κυρίλλου
535 2875 581 2910 εἷς
597 2875 655 2908 τὸν
666 2873 853 2919 Προφήτην
864 2874 989 2915 Ἰωνᾶν,
1007 2877 1110 2918 τόμος
1127 2874 1173 2911 εἷς
1185 2876 1231 2909 D.
1250 2877 1310 2908 τοῦ
1327 2874 1361 2908 ἐν
1377 2873 1484 2919 ἁγίοις
1500 2876 1627 2919 πατρὸς
1643 2873 1734 2918 ἡμῶν
1752 2875 1924 2919 Κυρίλλου

345 2921 611 2965 ἀρχιεπισκόπου
628 2921 876 2966 ἀλεξανδρείας,
895 2921 1054 2967 ἐξήγησις
1075 2921 1324 2966 ὑπομνηματικὴ
1350 2921 1396 2956 εἷς
1420 2923 1478 2955 τὸν
1495 2921 1682 2966 Προφήτην
1698 2920 1813 2955 Ἰωνᾶν
1830 2920 1921 2955 Edd.

346 2976 379 3008 5.
407 2967 576 3012 γεθχοβέρ
595 2968 638 3003 Β.
655 2968 815 3014 γειχοβέρ
835 2969 880 3002 D.
899 2969 964 3002 Γὲθ
980 2969 1086 3015 Χιβέρ
1105 2969 1196 3004 Edd.
1244 2969 1338 3002 τουτὶ
1356 2968 1401 3002 D.
1502 2979 1553 3002 12.
1576 2968 1755 3013 ἔγγραφος
1774 2968 1854 3012 (Sic)
1874 2968 1918 3002 D.

349 3024 401 3057 13.
429 3016 527 3048 τοῦτο
547 3015 591 3048 D.
739 3016 791 3049 18.
817 3014 904 3061 ἀρχῇ
925 3015 1015 3050 Edd.
1163 3026 1214 3060 19.
1241 3015 1325 3049 καθὰ
1344 3015 1388 3049 Ι).
1411 3014 1501 3050 Edd.
1522 3015 1629 3050 καθὼς
1648 3014 1689 3050 Β.

1946 1531 1968 1569 5
2020 1503 2021 1507 ,
