2021 3434
159 172 229 213 vii.
250 173 346 224 4-6.
641 174 715 215 IN
754 174 947 216 AMOS.
1006 173 1156 215 TOM.
1190 172 1276 213 III.
1647 171 1729 211 499

157 285 185 308 ‘⁶
209 281 284 330 καὶ
315 279 449 331 ε”σται
483 281 637 334 αὐτοῖς
669 284 731 335 εἷς
765 281 1033 345 ὀνομαστὸν
1067 279 1097 349 ᾗ
1130 279 1278 348 ἡμέρᾳ
1308 276 1573 347 ἐδοξάσθην
1604 276 1730 341 λέγει

156 366 184 389 “
213 360 384 427 Κύριος
430 361 647 428 Κύριος.”
711 362 1024 414 πεπτωκότων
1072 362 1165 429 γὰρ
1214 365 1307 412 τῶν
1350 359 1643 426 Ἀσσυρίων,
1689 358 1731 408 οἳ

156 442 231 493 διὰ
261 448 343 494 τοῦ
370 442 482 510 Γὼγ
516 446 956 508 κατασημαίνονται,
992 445 1116 512 τάχα
1149 467 1241 495 που
1273 443 1326 493 τὸ
1351 444 1535 506 πλῆθος
1559 445 1652 492 τῶν
1678 440 1734 509 ἐξ

153 524 355 591 Ἰσραὴλ
388 526 680 594 κατορώρυχε
713 526 820 581 τοὺς
854 530 1121 589 τεθνεῶτας,
1148 526 1223 576 ἵνα
1255 524 1320 588 μὴ
1359 524 1539 575 πόλεσί
1567 546 1617 574 τε
1655 524 1731 573 καὶ

115 620 137 658 5
157 606 327 675 χώραις
353 608 406 658 τὸ
434 608 688 659 δύσοιστον
719 611 801 672 τῆς
836 609 956 660 οὕτω
982 610 1128 671 δεινῆς
1159 607 1417 671 κακοσμίας
1444 605 1731 669 καταλυμαί-

158 713 282 741 νοιτο
307 693 478 758 χρῆμα.

160 934 307 977 Οὕτως
345 935 481 978 ἔδειξε
518 951 589 984 μοι
628 936 788 992 Κύριος,
823 937 892 977 καὶ
929 934 1020 976 ἰδοὺ
1063 935 1241 976 ἐκάλεσε
1278 933 1354 975 τήν
1392 932 1511 974 bima
1550 933 1593 973 ὲν
1633 932 1773 987 Πυρί4

227 1018 386 1075 Κύριος,
414 1018 481 1060 καὶ
508 1020 745 1075 κατεφαΓεν
775 1019 851 1061 τήν
882 1019 1063 1069 ἄβυσσον
1090 1017 1166 1059 τήν
1193 1017 1370 1068 Πολλὴν,
1399 1016 1466 1057 καὶ
1494 1017 1730 1071 κατεφαι-εν
1750 1024 1771 1049 C

224 1102 299 1144 τήν
329 1102 494 1160 μερίδα.
548 1103 616 1144 καὶ
653 1099 751 1144 εἶπα
782 1103 901 1161 Κύριε
931 1103 1052 1160 Κύριε
1079 1103 1267 1145 Κόπασον
1295 1101 1357 1142 δύ’
1409 1100 1470 1142 τίς
1503 1101 1731 1142 ἀναστήσει
1753 1112 1774 1149 5

93 1190 139 1214 10
226 1184 296 1228 τόν
315 1185 497 1239 Ἰακώβ;
534 1187 599 1228 ὅτι
632 1186 852 1235 ὀλιΓοστόε
886 1187 988 1229 ἐστι.
1046 1186 1311 1235 μετανόΗσον
1349 1184 1469 1241 Κύριε
1494 1184 1564 1225 ἐπὶ
1589 1185 1732 1237 τούτῳ.
1754 1188 1775 1223 6

225 1268 293 1309 καὶ
317 1271 438 1311 τοῦτο
464 1270 512 1311 οὐ
538 1270 594 1319 μιὶι
622 1270 805 1323 ΓὲνΗτοιι,
832 1272 944 1319 λέπει
972 1270 1135 1327 Κύριος.

231 1402 331 1454 Τὸν
367 1403 478 1470 Γὼγ
515 1404 659 1470 η’γουν
695 1404 777 1455 τὸν
809 1403 1073 1470 Ἀσσύριον
1113 1405 1175 1457 ὡς
1218 1402 1383 1469 ἀκρίδα
1418 1403 1492 1452 καὶ
1530 1405 1736 1467 βροῦχον

156 1486 382 1537 τεθέαται·
447 1492 612 1538 τοῦτον
656 1485 772 1548 δίκην
820 1485 1029 1553 ὀνομάζει
1073 1483 1158 1549 τὴν
1199 1484 1274 1536 διὰ
1324 1483 1474 1554 πυρός.
1542 1483 1595 1533 οὐ
1643 1480 1736 1547 γὰρ

157 1568 325 1633 ἤρκεσε
370 1573 465 1622 τοῖς
504 1569 825 1630 Βαβυλωνίοις
863 1571 1131 1632 δαπανῆσαι
1173 1566 1352 1636 σιδήρῳ
1391 1565 1473 1616 τὸν
1510 1564 1735 1634 Ἐφραὶμ,

94 1665 138 1702 15
159 1648 288 1701 ἀλλὰ
313 1649 406 1717 γὰρ
422 1652 497 1701 καὶ
516 1651 748 1705 πλείστας
774 1651 892 1705 ὅσας
917 1655 1011 1702 τῶν
1030 1652 1078 1701 ἐν
1098 1649 1337 1718 Σαμαρείᾳ
1357 1647 1737 1712 κατενεπίμπρων
1755 1651 1782 1692 (1

158 1733 332 1785 πόλεις.
398 1734 426 1797 ἡ
470 1729 569 1794 δίκη
603 1733 773 1795 τοίνυν,
816 1735 953 1802 φησὶ,
986 1730 1230 1784 τουτέστιν
1264 1731 1292 1795 ἡ
1332 1731 1564 1794 ἐκδίκησις
1599 1729 1626 1792 ἡ
1663 1726 1738 1779 διὰ

160 1816 307 1883 πυρὶς,
355 1814 628 1880 κατεδήδοκε
678 1813 748 1875 τὴν
797 1815 996 1876 ἄβυσσον
1048 1813 1117 1875 τὴν
1168 1811 1353 1875 πολλὴν,
1402 1811 1484 1863 τὸν
1526 1809 1739 1879 Ἐφραὶμ

160 1894 392 1961 δηλονότι,
425 1895 500 1948 διὰ
532 1894 722 1960 πολλὴν
759 1899 835 1948 καὶ
873 1895 1130 1963 ἀμέτρητον
1160 1893 1348 1960 πληθὺν
1386 1894 1584 1954 ἄβυσσον
1625 1895 1739 1943 ὠνο-

159 1976 416 2040 μασμένον.
474 1978 746 2042 κατεδήδοκε
773 1978 820 2029 δὲ
847 1977 976 2029 οὐδὲν
1001 1975 1142 2043 ἧττον
1168 1975 1237 2037 τὴν
1262 1972 1418 2044 μερίδα
1444 1974 1528 2039 τὴν
1554 1973 1738 2041 μικρὰν,

92 2081 142 2105 20
159 2059 388 2121 τουτέστι,
425 2059 507 2111 τὸν
532 2059 714 2111 Ἰούδαν
751 2062 826 2111 καὶ
862 2058 1093 2123 Βενιαμίν.
1155 2060 1237 2109 οὐκ
1275 2057 1608 2124 εὐαριθμήτους
1645 2056 1738 2122 γὰρ

159 2145 241 2207 τῆς
263 2142 490 2195 Ἰουδαίας
513 2141 758 2209 ἐμπρήσας
784 2140 959 2204 πόλεις,
986 2140 1104 2205 μετὰ
1138 2146 1275 2191 τοῦτο
1302 2141 1377 2191 καὶ
1401 2137 1544 2202 αὐτὴν
1571 2136 1739 2189 λοιπὸν

159 2222 498 2290 πεπολιόρκηκε
546 2223 631 2286 τὴν
672 2223 986 2290 Ἰερουσαλὴμ
1032 2224 1056 2273 ὁ
1107 2221 1293 2289 ἀλαζὼν
1335 2219 1598 2289 Ῥαψάκης.
1668 2222 1739 2270 ἐκ-

160 2306 526 2370 μειλισσομένου
560 2305 607 2356 δὲ
641 2311 723 2356 τοῦ
758 2304 1019 2373 Προφήτου
1055 2303 1215 2366 πάλιν,
1249 2304 1324 2354 καὶ
1358 2306 1600 2370 μετανοεῖν,
1637 2302 1738 2367 ἤτοι

161 2387 605 2452 μεταβουλεύεσθαι,
633 2387 714 2439 τὸν
744 2392 838 2439 τῶν
865 2387 990 2438 ὅλων
1017 2386 1140 2438 Θεὸν
1172 2384 1510 2446 ἀναπείθοντος,
1541 2384 1645 2435 Οὐκ
1682 2382 1738 2434 ἂν
1757 2401 1777 2427 e

96 2493 142 2530 25
162 2471 334 2538 γένοιτο
371 2474 488 2523 τοῦτό
529 2478 678 2541 φησιν
714 2473 739 2521 ὁ
774 2475 868 2522 τῶν
902 2470 1028 2522 ὅλων
1067 2468 1337 2532 Δεσπότης.
1403 2469 1452 2519 τί
1482 2469 1562 2519 οὖν
1595 2468 1739 2518 ἐντεῦ-

163 2558 243 2605 θεν
285 2553 505 2618 εἰσόμεθα
547 2553 722 2613 πάλιν;
764 2552 833 2603 ὅτι
873 2552 933 2602 τὰ
972 2552 1092 2618 πέρα
1132 2550 1278 2617 λόγου
1321 2555 1414 2601 τῶν
1451 2555 1737 2613 πλημμελη-

214 2757 242 2779 1.
268 2745 348 2779 αὐτὸ
365 2745 409 2779 Α.
586 2755 619 2788 3.
646 2742 945 2787 κατασημαίνονται
966 2741 1006 2776 Β.
1025 2741 1159 2784 σημαίν.
1179 2740 1270 2775 Edd.
1446 2750 1478 2785 5.
1507 2739 1676 2775 δύσοστον
1693 2741 1737 2774 Α.

163 2793 196 2826 6.
221 2793 260 2826 τὸ
277 2798 356 2826 ante
372 2793 485 2836 χρῆμα
502 2790 581 2825 add.
601 2791 643 2824 A.
928 2799 959 2833 7.
983 2788 1080 2833 πυρὶ]
1104 2793 1140 2829 -ί-
1158 2788 1250 2833 λέγει
1269 2788 1312 2821 Α.
1577 2798 1611 2832 9,
1638 2786 1738 2831 Κύριε

166 2838 284 2884 Κύριε]
305 2837 426 2883 Κύριος
443 2840 461 2871 ὁ
479 2839 563 2873 Θεὸς
582 2837 619 2871 F.
639 2836 730 2871 Edd.
749 2836 850 2881 (Co.)
1125 2846 1176 2869 10.
1202 2837 1300 2869 τοῦτο
1318 2846 1381 2879 pro
1397 2832 1504 2879 τούτῳ
1523 2833 1613 2867 Edd.
1633 2833 1737 2879 (Co.)

170 2898 223 2920 12.
250 2888 351 2931 ἤγουν
369 2885 458 2919 Α.Β.
477 2887 549 2929 ἤτοι
566 2883 658 2919 Edd.
851 2895 902 2925 14.
929 2885 1048 2926 ἤρκηκε
1065 2881 1123 2915 iid.
1326 2892 1378 2926 15.
1405 2881 1676 2924 κατενεπίμπρων
1696 2881 1737 2914 Β.

168 2934 376 2985 κατεμπίπρη
395 2932 486 2967 Edd.
703 2930 755 2964 16.
782 2929 800 2973 ἡ
819 2929 1011 2963 secundum
1029 2928 1124 2963 deest
1140 2929 1176 2962 in
1193 2928 1271 2962 iisd.
1503 2938 1557 2972 23.
1585 2926 1674 2973 ἤτοι]
1698 2932 1735 2968 -1-

170 2980 221 3013 καὶ
239 2979 297 3013 lid.
512 2988 568 3024 ²5·
593 2979 693 3012 τοῦτό
710 2979 818 3023 φησιν
835 2976 900 3011 hoc
918 2976 1038 3010 Ordine
1056 2977 1099 3009 A.

912 3045 935 3086 3
959 3044 977 3071 s
1000 3044 1024 3072 2
