2021 3434
145 214 187 256 ii·
212 219 311 269 728-
541 227 615 268 IN
655 230 1038 275 MICHAEAM.
1099 235 1249 276 TOM.
1283 236 1318 277 1.
1637 239 1719 279 633

146 325 274 394 εἰρήνῃ
323 330 550 385 διατελεῖν
606 338 1002 405 ἀποβεβληκότες,
1055 343 1343 409 αὐτόκλητον
1394 342 1557 411 ὥσπερ
1619 349 1719 397 ταῖς

142 410 287 473 σφῶν
326 412 478 465 αὐτῶν
523 423 751 485 κεφαλαῖς
790 423 1078 490 ἐπεγείρουσι
1120 426 1342 488 πόλεμον.
1415 427 1484 477 ὅτι
1529 425 1577 477 δὲ
1618 427 1720 494 οὐχὶ

141 486 327 544 πάντως
367 495 552 562 ἀκερδὲς
598 500 652 551 τὸ
698 511 1006 569 χρηστοεπεῖν
1045 506 1162 573 πρὸς
1197 508 1321 559 Θεὸν
1359 507 1465 562 τοὺς
1503 509 1715 574 ἡμαρτη-

140 567 291 634 κότας,
318 575 463 639 ἤγουν
488 584 525 630 εἰ
551 580 705 634 ἕλοιτό
737 607 804 638 τις
837 592 931 640 τοῖς
958 587 1084 642 ἰδίοις
1109 591 1408 653 πταίσμασιν
1432 592 1717 656 ἐπερυθριᾶν,

98 659 121 697 5
140 651 197 719 ἐξ
218 655 359 718 αὐτῆς
385 660 690 730 ἀποδείξομεν
721 669 804 730 τῆς
843 670 1155 721 θεοπνεύστου
1184 675 1386 740 γραφῆς.
1455 672 1716 737 γέγραπται
1737 693 1760 717 a
1789 685 1871 719 410
1887 684 1939 718 A·

137 732 230 800 γὰρ
267 738 315 786 ἐν
351 743 410 806 τῇ
446 745 635 814 δευτερᾳ
672 752 766 797 τῶν
802 752 1229 816 Παραλειπομε’νων
1259 756 1363 819 περὶ
1396 760 1479 805 τοῦ
1504 756 1715 819 εΡοβοοῖμ

137 822 165 844 “
192 819 286 868 Καὶ
325 821 503 886 ἐγένετο
545 828 606 879 ὡς
649 828 914 895 ἡτοιμάσθη
960 833 987 896 ἡ
1029 835 1254 894 βασιλεία
1289 834 1501 899 Ῥοβοάμ
1539 838 1613 887 καὶ
1653 839 1714 890 ὡς
1776 841 1891 917 1².-up?

137 902 164 926 “
189 903 523 970 κατεκρατήθη,
567 909 840 974 ἐγκατέλιπε
891 912 973 967 τὰς
1021 915 1215 970 ἐντολὰς
1268 917 1455 982 Κυρίου,
1498 920 1572 968 καὶ
1621 924 1713 973 πᾶς

135 985 162 1008 “
188 980 390 1048 Ἰσραὴλ
424 989 522 1049 μετ’
551 992 739 1042 αὐτοῦ.”
804 992 900 1044 εἶτα
940 999 1208 1060 Σουσακεῖμ
1247 999 1272 1048 ὃ
1310 1003 1403 1049 τῶν
1440 1001 1712 1064 Αἰγυπτίων

68 1078 116 1104 10
133 1060 355 1128 τύραννος
393 1069 512 1120 κατὰ
545 1077 639 1123 τῶν
661 1075 1006 1140 Ἱεροσολύμων
1040 1079 1282 1144 ὡπλίζετο,
1307 1083 1381 1131 καὶ
1411 1087 1712 1151 πανστρατιᾷ

35 1144 39 1145 ⁷
131 1146 214 1207 τῆς
252 1149 416 1203 οἰκείας
454 1152 597 1221 ἐξέθει
630 1158 730 1220 γῆς.
799 1159 1035 1227 ἀφικνεῖτο
1068 1160 1115 1211 δὲ
1144 1161 1262 1225 μετὰ
1287 1167 1425 1213 τοῦτο
1451 1170 1477 1192 “
1499 1166 1711 1225 Σαμαίας
1774 1184 1825 1217 Ib.
1844 1195 1916 1226 5-7·

131 1231 160 1253 ‘⁶
184 1227 209 1277 ὁ
235 1230 482 1298 προφήτης
512 1234 629 1300 πρὸς
653 1238 865 1302 Ῥοβοάμ
890 1243 965 1291 καὶ
1000 1240 1117 1309 πρὸς
1150 1242 1256 1296 τοὺς
1288 1243 1518 1310 ἄρχοντας
1541 1246 1708 1309 Ἰούδα,

78 1310 80 1312 ’
130 1313 160 1336 “
184 1308 291 1364 τοὺς
333 1317 652 1382 συναχθέντας
696 1323 758 1374 εἷς
799 1322 1112 1388 Ἰερουσαλὴμ
1155 1323 1247 1376 ἀπὸ
1285 1326 1545 1392 προσώπου
1585 1331 1704 1379 Σου-

129 1395 158 1418 “
182 1395 366 1458 σακεὶμ,
417 1400 491 1448 καὶ
555 1398 680 1452 εἶπεν
743 1403 896 1458 αὐτοῖς
946 1407 1113 1459 Οὕτως
1164 1405 1261 1458 εἶπε
1325 1408 1497 1474 Κύριος
1547 1411 1705 1472 εΥμεῖς
1726 1416 1752 1456 b

62 1479 110 1518 Ῐ5
130 1477 156 1501 “
177 1473 507 1537 ἐγκατέλιπετέ
542 1503 614 1544 με,
653 1482 783 1548 κάγὼ
821 1486 1121 1551 ἐγκαταλίπω
1174 1490 1291 1551 ὑμᾶς
1345 1491 1393 1540 ἐν
1431 1493 1546 1558 χειρὶ
1587 1495 1704 1544 Σου-

127 1559 155 1582 “
178 1558 366 1620 σακείμ.
433 1563 508 1612 καὶ
539 1563 867 1631 ᾐσχύνθησαν,
896 1570 1059 1635 φησὶν,
1087 1573 1128 1620 οἱ
1156 1569 1378 1638 ἄρχοντες
1402 1572 1602 1637 Ἰσραὴλ
1629 1576 1704 1624 καὶ

125 1641 155 1663 “
178 1637 203 1686 ὁ
229 1640 473 1705 βασιλεὺς,
504 1649 579 1695 καὶ
617 1644 746 1697 εἶπον
775 1647 965 1703 Δίκαιος
997 1651 1021 1700 ὁ
1050 1651 1238 1717 Κύριος.
1306 1657 1380 1704 καὶ
1419 1656 1466 1704 ἐν
1498 1659 1564 1724 τῷ
1594 1659 1703 1707 ἰδεῖν

126 1724 154 1746 “
181 1718 357 1786 Κύριον
389 1723 458 1774 ὅτι
492 1727 830 1792 ἐνετράπησαν,
868 1733 942 1781 καὶ
976 1732 1155 1797 ἐγένετο
1193 1733 1337 1800 λόγος
1372 1737 1547 1801 Κυρίου
1583 1736 1701 1803 πρὸς

125 1806 154 1828 “
180 1803 406 1868 Σαμαίαν,
458 1807 613 1873 λε’γων
652 1809 1024 1878 Ἐνετροὶπησαν,
1070 1816 1123 1865 οὐ
1165 1821 1444 1884 καταφθερεῖ)
1487 1820 1698 1873 αὐτούς.”

55 1897 105 1922 20
123 1880 221 1934 εἶτα
246 1885 392 1937 πάλιν
424 1890 551 1954 φησί
573 1897 599 1920 “
623 1894 715 1943 Καὶ
751 1895 798 1944 ἐν
829 1898 894 1964 τῷ
927 1896 1206 1962 ἐντραπῆναι
1236 1898 1378 1950 αὐτὸν
1412 1901 1698 1972 ἀπεστράφη
1762 1923 1813 1954 Ib.
1834 1932 1883 1954 12.

121 1969 150 1993 ‘⁶
174 1966 252 2016 ἀπ’
296 1969 438 2020 αὐτοῦ
486 1971 514 2035 ἡ
555 1973 672 2038 ὀργὴ
716 1976 902 2040 Κυρίου,
944 1980 1019 2028 καὶ
1063 1980 1146 2030 οὐκ
1189 1983 1251 2034 εἰς
1293 1984 1599 2050 καταφθορὰν
1637 1990 1698 2039 εἷς

120 2053 149 2076 “
173 2046 326 2103 τέλος·
369 2055 445 2103 καὶ
470 2052 562 2120 γὰρ
593 2057 642 2105 ἐν
675 2060 741 2126 τῷ
766 2059 933 2126 Ἰούδᾳ,
964 2063 1128 2127 φησὶν,
1155 2060 1279 2125 ἦσαν
1309 2063 1447 2129 λόγοι
1481 2066 1695 2132 ἁγαθοί.”

119 2129 232 2198 ὁρᾷς
257 2132 353 2194 οὖν,
384 2134 509 2189 ὅπως
549 2138 631 2187 οὐκ
666 2139 849 2204 ἀκερδὲς
887 2140 940 2191 τὸ
979 2141 1196 2208 ἀγαθοὺς,
1219 2143 1337 2211 ε”χειν
1370 2148 1443 2197 ἐπὶ
1478 2150 1733 2214 γλώττηςο

117 2209 304 2277 λόγους,
345 2219 382 2266 εἱ
424 2217 678 2283 παρέποιτο
721 2221 775 2271 τὸ
819 2222 1135 2287 ἐντρέπεσθαι,
1182 2228 1257 2276 καὶ
1295 2227 1353 2278 τὰ
1391 2230 1463 2296 ἐφ’
1501 2228 1567 2284 οἷς
1603 2255 1691 2283 πε-

0 2317 4 2321 ’
52 2308 99 2347 25
117 2295 428 2362 πλημμέληκε
469 2322 537 2353 τις
570 2306 888 2369 κατερυθριᾶν.
957 2306 1122 2357 οὐκοῦν
1155 2309 1215 2361 ὡς
1249 2310 1273 2358 ὁ
1315 2311 1509 2365 Παῦλός
1545 2306 1696 2381 φησιν

166 2472 196 2496 1.
219 2462 469 2508 ἀποβεβηκότες
491 2467 578 2502 Edd.
628 2469 834 2513 αὐτόκλητον
850 2472 939 2506 Α.Β.
957 2473 1168 2518 αὖτόκλητοι,
1187 2475 1278 2510 Edd.
1525 2491 1556 2514 2.
1582 2481 1691 2517 αὐτῶν

114 2518 184 2542 om.
204 2509 247 2544 B.
296 2510 509 2557 ἐπεγείρουσι
527 2514 569 2549 Β.
589 2515 747 2561 ε’γεροῦσι
764 2518 808 2551 Α.
827 2518 1001 2563 ἀγείρουσι
1019 2520 1111 2554 Edd.
1318 2536 1352 2566 4.
1376 2524 1404 2558 εἷ
1421 2531 1454 2559 et
1471 2528 1540 2562 τοῖς
1557 2540 1626 2562 om.
1644 2530 1689 2565 A.

116 2562 148 2600 7.
175 2557 228 2590 καὶ
245 2557 289 2593 ὡς
305 2569 375 2592 om.
393 2560 436 2593 A.
650 2575 702 2597 10.
727 2567 936 2609 πανστρατιᾶ
953 2567 996 2600 Α.
1014 2570 1202 2613 πανστρατὶ
1220 2569 1311 2604 Edd.
1529 2585 1582 2608 11.
1607 2575 1688 2619 ἀφι-

113 2603 236 2637 κνεῖται
252 2604 297 2638 Α.
346 2608 491 2649 Σαμαίας
507 2608 551 2641 A.
570 2609 698 2653 Σαμέας
718 2610 758 2644 Β.
780 2612 870 2645 Edd.
888 2611 964 2657 (74,
986 2614 1083 2659 158.)
1227 2628 1280 2661 13.
1307 2618 1576 2663 συναναχθέντας
1594 2622 1686 2658 Edd.

112 2647 229 2683 invitis
248 2650 338 2685 Α.Β.
405 2653 528 2688 Statim
547 2655 582 2689 ἐν
599 2668 661 2700 pro
678 2657 724 2692 εἷς
741 2658 785 2690 Α.
805 2658 876 2700 (60,
897 2661 966 2703 74.)
1151 2672 1203 2704 15.
1230 2663 1441 2708 ἐγκαταλίπω
1458 2666 1501 2700 A.
1521 2668 1623 2709 (corr.
1644 2681 1687 2704 ex

111 2694 361 2743 ἐγκαταλείπω)
375 2699 612 2746 ἐγκαταλείψω
631 2703 673 2737 Β.
689 2703 800 2747 (A.V.
815 2705 899 2749 &c.)
911 2706 1139 2751 ἐγκαταλείπω
1158 2709 1250 2744 Edd.
1373 2712 1425 2744 16.
1442 2711 1682 2762 ᾐσχύνθησαν]

112 2741 332 2788 συνήχθησαν
348 2747 392 2780 A.
443 2747 569 2782 Statim
587 2750 696 2793 φησὶν
712 2758 932 2795 assumptum
951 2765 992 2786 ex
1009 2754 1053 2788 A.
1302 2767 1354 2802 17.
1380 2756 1488 2804 εἶπον]
1512 2765 1546 2800 -ί-
1570 2762 1620 2795 ὅτι
1636 2763 1682 2798 A.

110 2789 130 2822 ὁ
147 2789 205 2823 alt.
223 2801 293 2824 om.
310 2792 354 2825 A.
371 2791 478 2838 (XI.)
527 2795 625 2841 ἰδεῖν]
649 2800 685 2836 —f-
706 2799 764 2830 τὸν
780 2798 823 2831 A.
843 2797 918 2842 (93,
941 2800 1037 2844 108.)
1401 2806 1454 2839 18.
1481 2806 1532 2840 ὅτι
1549 2819 1618 2842 om.
1636 2810 1681 2844 A.

113 2845 167 2879 19.
192 2837 339 2880 Σαμαίαν
355 2839 399 2872 Α.
417 2840 546 2883 Σαμέαν
563 2842 655 2876 Edd.
675 2843 709 2876 ἐν
726 2845 863 2887 σαμπὰν
880 2846 960 2889 (Sic)
978 2858 1040 2890 pro
1056 2848 1140 2892 πρὸς
1157 2853 1192 2882 Σ.
1213 2849 1255 2884 Β.
1482 2864 1537 2887 20.
1562 2854 1679 2902 αὐτὸν]

109 2882 229 2918 αὐτοὺς
244 2884 289 2918 Α.
337 2885 467 2930 ἀπέστη
486 2899 546 2931 pro
563 2889 767 2934 ἀπεστράφη
787 2890 828 2924 Β.
1149 2906 1204 2930 21.
1229 2897 1336 2931 αὐτῶν
1353 2899 1396 2931 A.
1447 2898 1572 2934 Statim
1589 2901 1608 2945 ἡ
1626 2914 1681 2937 as-

110 2935 290 2973 sumptum
308 2942 349 2965 ex
366 2932 410 2966 A.
429 2933 569 2979 (Alex.)
617 2937 670 2969 καὶ
687 2936 745 2970 οὐκ
763 2937 809 2972 εἷς
826 2938 971 2983 καταφθ.
990 2940 1036 2975 εἷς
1051 2940 1150 2977 τέλος
1168 2942 1296 2977 desunt
1312 2944 1348 2978 in
1367 2945 1409 2979 B.
1424 2946 1536 2990 spatio
1549 2949 1680 2984 relicto.

111 2984 166 3009 22.
183 2977 293 3020 φησὶν
308 2989 378 3013 om.
396 2979 440 3013 A.
489 2979 593 3026 ἦσαν]
617 2986 654 3022 -1-
675 2983 706 3016 οἶ
722 2984 765 3017 A.
899 2996 954 3030 23.
979 2985 1038 3020 οὖν
1054 2999 1123 3023 om.
1144 2988 1186 3023 B.
1237 2990 1362 3025 Statim
1380 2992 1431 3026 ὅτι
1447 3005 1510 3038 pro
1528 2994 1617 3031 ὅπως
1634 2997 1680 3032 A.

110 3031 166 3064 24.
191 3023 315 3068 λόγους
331 3033 551 3072 assumptum
569 3040 611 3062 ex
628 3029 718 3063 A.B.
767 3030 807 3065 τὰ
824 3031 869 3065 A.
886 3032 924 3065 τὸ
944 3032 1032 3068 Edd.

166 3089 256 3119 von.
279 3091 307 3119 1.
861 3100 889 3137 4
909 3099 941 3126 M
