2021 3434
123 236 180 278 iii.
207 249 240 276 1.
576 237 649 277 IN
691 235 929 277 OSEAM.
992 234 1140 274 TOM.
1180 234 1239 274 II.
1646 229 1699 268 83

120 344 177 413 ἐξ
197 343 411 410 Ἰσραήλ·
452 346 767 410 ἀπομεμένηκε
808 345 855 396 δὲ
889 344 1035 396 πάλιν
1067 344 1094 407 ἡ
1127 345 1387 393 ἀπειθοῦσα
1418 335 1616 403 πληθὺς,
1644 334 1700 400 ἢν

120 423 358 494 μοιχαλίδι
379 427 730 493 παρεικαστέον,
751 428 826 478 διά
851 450 922 478 τοι
948 426 1001 478 τὸ
1027 425 1091 490 μὴ
1112 424 1302 475 ἑλέσθαι
1327 422 1409 474 τὸν
1432 421 1488 490 ἐξ
1504 421 1701 486 οὐρανοῦ

121 508 334 576 νυμφιόν,
361 511 435 560 καὶ
461 511 686 573 ἀθετῆσαι
721 509 805 572 μὲν
843 509 924 559 τὸν
963 511 1010 559 ἐν
1047 508 1204 559 πίστει
1239 505 1494 570 μνώμενον,
1521 505 1702 569 μοιχοῖς

121 588 169 640 δὲ
212 587 376 656 ὥσπερ
426 594 552 642 τισῖν
600 594 771 643 ἀνεῖναι
814 590 896 642 τὸν
947 596 1067 652 νοῦν,
1114 594 1209 641 τοῖς
1254 591 1582 654 γραμματεῦσι
1625 585 1700 634 καὶ

81 686 102 724 5
123 673 412 738 Φαρισαίοις.
480 681 506 703 “
524 675 808 724 Ἐδίδασκον
841 672 934 738 γὰρ
971 670 1292 731 διδασκαλίας,
1316 668 1585 732 ἐντάλματα
1619 669 1698 717 ἀν-
1716 677 1742 718 (1
1762 685 1924 716 SMatth.

123 761 150 783 ‘⁴
177 754 418 820 θρώπων.”
483 753 645 823 ὥσπερ
689 757 769 806 οὖν
806 759 864 823 τῇ
905 753 1055 821 πόρνῃ
1093 755 1244 815 συνῆν
1282 753 1307 802 ὁ
1346 749 1605 818 προφήτης,
1637 753 1700 802 εὶς

122 835 269 887 τύπον
317 841 442 888 Θεοῦ
491 841 573 901 τῆς
626 843 708 888 τοῦ
758 837 960 902 Ἰσραὴλ
1010 834 1289 902 ἀνεχομένου
1339 833 1569 899 πορνείας,
1626 835 1702 883 καὶ

124 919 402 985 κολάζοντος
442 919 526 983 μὲν
573 919 849 986 συμμέτρως
891 923 952 973 εἷς
993 915 1302 984 ἐπιστροφὴν,
1348 913 1704 980 ἀνακομίζοντος

124 1002 172 1054 δὲ
208 1001 325 1069 πρὸς
363 1004 635 1069 ἐπίγνωσιν·
690 1003 772 1055 τὸν
815 1002 955 1054 αὑτὸν
997 1000 1122 1064 οἶμαι
1166 1000 1342 1067 τρόπον
1383 1001 1457 1049 καὶ
1496 998 1571 1049 διὰ
1609 1003 1704 1049 τῶν

60 1110 104 1134 10
123 1087 434 1153 προκειμένων
469 1093 731 1156 μορφοῦται
765 1088 912 1139 πάλιν
945 1087 1054 1151 ἡμῖν
1093 1085 1289 1138 ἀστείως
1329 1082 1383 1134 τὸ
1423 1083 1698 1149 μυστήριον.

123 1174 184 1223 εἰς
218 1169 366 1221 τύπον
392 1171 485 1236 γὰρ
518 1173 542 1222 ὁ
577 1171 825 1238 προφήτης
864 1174 988 1221 Θεοῦ
1026 1168 1336 1235 παραδέχεται
1361 1166 1445 1230 μὲν
1483 1165 1569 1230 τὴν
1606 1191 1705 1234 μοι-

124 1249 307 1315 χαλίδα
355 1260 431 1305 καὶ
476 1253 739 1319 αγαπῶσαν
780 1252 840 1304 τα
877 1250 1051 1318 πονηροί·
1113 1249 1394 1315 περιθάλπει
1438 1249 1486 1300 δὲ
1528 1247 1704 1315 ὥσπερ,

124 1340 223 1388 ταῖς
248 1337 548 1402 ἐπαγγελίαις
583 1339 657 1387 καὶ
691 1338 889 1400 ἀγαθαῖς
923 1334 1088 1385 ἐλπίσι
1123 1333 1436 1384 καταπιαίνων
1474 1333 1522 1382 εὐ
1561 1332 1705 1394 μάλα,

125 1417 309 1468 πίπτειν
342 1419 425 1469 οὐκ
459 1419 511 1487 ἐᾷ
543 1441 662 1484 προς
697 1416 985 1483 ἀπόγνωσιν.
1054 1439 1123 1466 οτι
1163 1414 1255 1481 γὰρ
1287 1416 1335 1465 ἐν
1374 1414 1554 1468 τούτοις
1594 1413 1707 1464 ὅλον

62 1521 106 1559 15
127 1501 228 1550 ἐστι
272 1523 326 1551 το
378 1500 650 1566 μυστήριον,
700 1499 967 1569 παρέδειξεν
1016 1498 1156 1550 ειπὼν
1205 1501 1271 1567 τῷ
1321 1496 1544 1565 προφήτῃ
1587 1495 1716 1551 Θεος

127 1583 286 1637 οὕτως·
335 1587 572 1650 αγαπησον
613 1608 681 1642 την
719 1579 980 1650 μοιχαλιὸα
1016 1605 1091 1632 και
1137 1580 1398 1647 αγαπῶσαν
1437 1588 1496 1631 τα
1534 1603 1706 1648 πονηρα,

129 1663 274 1720 καθως
314 1669 493 1737 ἀγαπᾷ
536 1672 553 1718 ὁ
599 1666 710 1721 Θεος
754 1690 848 1720 τους
893 1663 1001 1719 vim
1045 1666 1238 1730 Ισραηλ·
1300 1686 1376 1713 και
1420 1664 1542 1713 αὐτοι
1586 1666 1705 1713 απο-

124 1748 349 1808 &mbram-a
387 1750 493 1819 πρὶς
530 1747 640 1804 θεοῖις
674 1750 947 1816 ἀλλοτρίους,
980 1754 1056 1798 καὶ
1098 1748 1280 1814 φιλοῦσι
1316 1744 1549 1813 πέμματα
1590 1743 1709 1812 μετα

126 1827 371 1900 σταφιθων.
442 1833 589 1882 καίτοι
638 1831 730 1897 γάρ
774 1836 897 1898 φησι
951 1832 1025 1880 καὶ
1074 1831 1278 1880 ἀπειθεῖν
1328 1827 1588 1890 ἑλομένους,
1634 1828 1708 1877 καὶ

61 1933 107 1957 20
126 1919 220 1967 τοῖς
268 1915 589 1982 ψευδωνύμως
652 1917 771 1967 θεοῖς
822 1912 1138 1975 ἀπονέμοντας
1189 1910 1274 1975 τὴν
1324 1910 1582 1976 ἀγάπησιν,
1633 1910 1709 1959 καὶ

127 1997 278 2050 αὐτοῖς
313 2019 371 2047 τα
409 1996 590 2063 θυμήρη
625 2001 841 2061 πληροῦν
880 1995 1139 2056 ἐθελοντας,
1170 1994 1227 2062 ἐξ
1259 1993 1466 2060 ἐμφύτου
1502 1989 1706 2059 χρηστό-
1727 2013 1748 2036 a
1797 2003 1853 2036 59
1876 2001 1927 2034 A.

126 2101 262 2143 τητος
313 2080 478 2147 ἀγαπᾷ
529 2080 553 2129 ὁ
607 2077 746 2140 Θεος,
802 2084 854 2107 ‘⁶
852 2076 943 2131 Ος
1003 2076 1182 2130 πάντας
1246 2074 1520 2140 ἀνθρώπους
1584 2074 1709 2125 θέλει
1775 2090 1890 2120 1Tn1

128 2163 392 2225 “σωθῆναι
431 2184 504 2212 και
544 2165 604 2214 εἷς
643 2162 898 2227 ἐπιγνωσιν
935 2160 1158 2224 ἀληθείας
1199 2159 1391 2209 ἐλθειν.”
1457 2158 1621 2207 δίδωσι
1661 2154 1716 2205 δέ
1769 2134 1803 2165 11
1822 2146 1851 2172 4

127 2266 225 2297 πως
259 2244 367 2307 ἡμῖν
398 2244 422 2294 ὁ
454 2250 536 2294 τοῦ
573 2247 696 2295 Θεοῦ
726 2242 880 2309 Λόγος
915 2244 1098 2304 ἐννοεῖν,
1135 2241 1205 2292 ὅτι
1244 2242 1320 2291 καὶ
1359 2238 1478 2290 κατὰ
1514 2261 1596 2289 τον
1627 2240 1709 2302 τῆς

61 2345 107 2382 25
128 2327 368 2390 ἐπιδημίας
417 2325 576 2393 καιρὸν
637 2325 763 2390 ἦσάν
824 2349 917 2376 που
966 2324 1090 2392 τάχα
1137 2322 1265 2389 παρὰ
1328 2326 1423 2375 τοῖς
1472 2321 1710 2374 Ἰουδαίοις

128 2407 567 2476 ἐπαμφοτερίζοντες
612 2409 677 2459 ε”τι
717 2410 906 2470 πολλοὶ,
949 2409 1022 2458 καὶ
1064 2407 1167 2457 οὔτε
1207 2409 1302 2458 τοῖς
1347 2402 1421 2454 διὰ
1464 2401 1709 2457 Μωυσέως

129 2490 391 2552 ἐντάλμασι
423 2492 751 2556 προσκείμενοι
782 2494 1010 2556 καθαρῶς,
1051 2489 1154 2539 οὔτε
1188 2486 1281 2550 μὴν
1313 2484 1514 2536 εἰσάπαν
1552 2486 1709 2549 ἀπηλ-

130 2570 356 2637 λαγμένοι
406 2577 500 2623 τῶν
558 2576 640 2635 τῆς
699 2572 980 2636 πλανήσεως
1029 2569 1204 2637 ῥύπων,
1258 2567 1608 2628 ἀποβλέποντες
1660 2566 1709 2618 δὲ

129 2659 320 2718 μᾶλλον
346 2656 420 2705 καὶ
446 2658 508 2707 εἰς
534 2653 662 2707 θεοὺς
689 2655 981 2719 ἀλλοτρίους,
1007 2652 1073 2706 οἷς
1103 2653 1177 2701 καὶ
1202 2650 1433 2717 πέμματα
1459 2651 1706 2716 προσῆγον
1725 2664 1751 2705 b

64 2759 112 2794 30
131 2739 249 2808 μετα
287 2735 525 2808 σταφιθων,
551 2737 741 2789 πόπανά
773 2760 864 2788 που
899 2736 1034 2803 τάχα,
1067 2737 1141 2786 καὶ
1177 2733 1490 2797 μελιττούτας.
1530 2756 1706 2799 προσε-

179 2956 212 2990 5.
238 2946 291 2979 καὶ
310 2951 387 2989 post
405 2944 624 2979 διδασκαλιας
642 2942 720 2977 add.
741 2941 832 2976 Edd.
975 2941 1006 2975 6.
1034 2941 1068 2975 δέ
1088 2953 1149 2985 pro
1166 2939 1223 2975 οὖν
1245 2940 1287 2974 D.
1436 2940 1486 2975 16.
1513 2942 1553 2974 τὰ
1572 2953 1639 2975 om.
1662 2941 1706 2974 D.

135 3003 189 3026 21.
216 2991 342 3035 συνήθη
361 3003 423 3036 pto
441 2990 568 3033 θυμὴρη
589 2990 633 3023 D.
859 2999 912 3022 22.
939 2990 956 3021 ὁ
974 3000 1042 3022 om.
1066 2988 1109 3022 D.
1335 2997 1389 3029 24.
1416 2989 1469 3021 καὶ
1487 2994 1708 3032 assumptum

136 3050 174 3072 ex
198 3039 235 3073 B.
253 3039 295 3073 D.
442 3039 494 3071 26
523 3052 578 3080 της
599 3049 659 3081 pro
678 3038 745 3071 τοῖς
765 3035 854 3069 Edd.
873 3041 952 3069 ante
972 3035 1104 3080 Migne.
1249 3045 1302 3079 27.
1329 3035 1538 3079 πρυκείμενοι
1558 3034 1616 3068 iid.

877 3103 952 3130 312
