2021 3434
316 225 368 263 78
704 224 752 263 B.
797 221 1073 263 CYRILLI
1113 221 1492 261 ALEXANDR.
1667 219 1708 258 ii.
1734 231 1797 266 21,
1820 229 1884 257 22.

463 333 475 349 f
587 335 596 349 .
746 334 755 350 f
865 335 874 347 ‚
979 331 991 345 2
1139 331 1150 346 Ι
1388 330 1399 344 x
1449 330 1470 346 ,s
1614 330 1623 344 ‚
1707 332 1716 344 ,
1770 328 1782 343 f

91 353 186 402 Hier.
312 339 559 402 προφητης
603 338 820 399 Ιερεμιας,
852 342 1058 396 ελιπαρει
1091 339 1244 397 λεγων
1271 338 1298 359 “
1321 335 1406 393 Μη
1442 352 1571 380 εστιν
1602 352 1649 379 εν
1683 332 1888 380 ειδωλοις

91 407 157 427 x1v.
177 406 227 428 ²²⁰
313 423 341 444 ‘⁶
366 420 460 465 τῶν
497 417 642 465 ἐθνῶν
680 414 895 479 ὑετίζων;
945 416 1020 463 καὶ
1052 417 1088 463 εἱ
1127 414 1152 462 ὁ
1191 411 1384 477 οὐρανὸς
1423 411 1564 462 δώσει
1601 409 1888 473 πλησμονὴν

314 504 340 527 “
364 498 516 558 αὐτοῦ,
555 498 656 563 οὐχὶ
697 495 760 546 σὺ
797 493 838 545 εἷ
875 497 900 546 ὁ
942 493 1093 554 Θεόςς
1135 496 1209 544 καὶ
1253 493 1567 557 ὑπομενοῦμέν
1605 514 1677 554 σε,
1717 490 1787 541 ὅτι
1824 489 1889 541 σὺ

312 586 339 607 “
365 579 589 642 ἐποίησας
615 584 762 628 ταῦτα
793 576 993 628 πάντα.”
1060 575 1392 629 κατανεύοντος
1417 574 1524 640 γὰρ,
1553 576 1613 627 ὡς
1649 573 1781 638 ἔφην,
1805 576 1890 622 τοῦ

312 664 605 725 δημιουργοῦ,
634 661 709 710 καὶ
735 661 1000 712 ἀπλοῦντος
1024 658 1109 722 τὴν
1134 663 1266 726 χεῖρα
1291 663 1386 711 τοῖς
1413 658 1486 708 ἐπὶ
1517 659 1598 720 τῆς
1631 658 1730 720 γῆς,
1757 656 1888 705 ὑετοῦ
1908 668 1930 706 5

311 741 396 803 μὲν
433 741 567 792 ἔσται
598 740 740 808 δοτὴρ
775 742 800 791 ὁ
835 740 1041 806 οὐρανὸς,
1066 744 1259 807 καρπῶν
1293 739 1340 790 δὲ
1375 744 1469 790 τῶν
1503 737 1766 802 ἀναγκαίων
1801 759 1890 800 μη-

267 822 398 887 ὺτὴρ
433 825 548 884 ὁμοῦ
584 825 658 874 καὶ
692 822 869 891 τροφὸς
900 824 1028 888 ἡγῆ.
1094 821 1439 888 Ἐπακούσ-ομαι
1478 821 1632 870 τοίνυν
1668 820 1791 888 φησὶ
1829 824 1890 888 τῷ

315 905 481 975 οὐρανῷ,
533 908 633 956 ἀντὶ
690 911 786 969 τοῦ,
831 905 1102 956 κατανεύσω
1154 909 1357 955 καθεῖναι
1406 908 1500 956 τοῖς
1550 904 1624 953 ἐπὶ
1675 904 1756 965 τῆς
1800 904 1890 966 γῆς

313 987 484 1041 ὑετούς·
528 987 581 1037 οῦ
609 986 664 1051 δὴ
690 986 952 1053 γεγονότος,
980 987 1278 1038 ἐπακούσεται
1312 988 1387 1036 καὶ
1418 983 1532 1048 αὐτὴ
1566 985 1633 1035 τὸν
1667 987 1781 1034 σῖτον
1810 987 1887 1033 καὶ

313 1070 379 1120 τὶν
419 1068 515 1120 οἶνον
557 1075 632 1120 καὶ
672 1068 717 1121 τό
758 1070 916 1127 ἔλαιον,
959 1069 1215 1130 τουτέστιν,
1253 1071 1514 1137 ἀμφιλαφῆ
1550 1072 1644 1120 τοῖς
1683 1069 1889 1116 οἰκοῦσιν
1911 1089 1958 1113 10

313 1151 455 1215 αὐτὴν
481 1151 673 1202 ἐκδώσει
704 1150 898 1217 καρπὸν,
924 1149 1106 1204 οὐδενὸς
1139 1149 1468 1203 ἐκλελοιπότος
1502 1154 1596 1201 τῶν
1630 1147 1724 1199 ὅσα
1758 1149 1889 1199 ἐστὶν

313 1236 543 1299 ἀναγκαῖα
566 1236 641 1284 καὶ
668 1232 865 1300 ζωαρκῆ.

384 1314 546 1366 Ἀλλὰ
581 1318 713 1366 ταυτὶ
749 1315 832 1377 μὲν
867 1319 1122 1381 ἱστορικῶς·
1163 1314 1256 1367 ἀπὸ
1295 1315 1347 1365 δέ
1379 1338 1432 1381 γε
1466 1319 1560 1365 τῶν
1593 1316 1888 1376 σωματικῶν,

312 1399 374 1450 ὡς
414 1397 471 1466 ἐξ
508 1396 680 1451 εἰκόνος
723 1397 1068 1463 ἐναργεστάτης
1112 1399 1372 1464 ἀναφοιτᾶν
1416 1399 1667 1462 ἀναγκαῖον
1717 1397 1790 1446 ἐπὶ
1831 1395 1889 1445 τὰ

311 1479 615 1543 πνευματικά.
679 1480 764 1534 ἕως
801 1479 885 1543 μὲν
923 1479 1016 1546 γὰρ
1054 1479 1110 1544 ἧν
1148 1479 1326 1548 ἐξήνιος
1361 1479 1426 1530 ε”τι
1464 1482 1539 1529 καὶ
1578 1477 1770 1542 ἀπειθὴς
1813 1480 1886 1528 καὶ
1912 1497 1957 1535 15
2007 1506 2011 1513 ·

1789 1567 1816 1589 66

313 1561 542 1629 θεομάχος
592 1563 616 1612 ὁ
667 1562 884 1628 Ἰσραὴλ,
939 1563 964 1612 ὁ
1013 1562 1238 1625 ἀμπελὼν
1289 1562 1464 1627 Κυρίου
1516 1552 1739 1622 Σαβαὼθ,
1834 1559 1889 1610 τὸ

88 1657 144 1731 {Is-
163 1667 192 1688 v.
215 1663 241 1696 7·
274 1652 341 1687 0⁶⁶
367 1643 592 1713 νεόφυτον
640 1642 694 1695 τὸ
745 1643 1082 1710 ἠγαπημένον,”
1135 1642 1404 1694 ἐνετέλλετο
1454 1648 1554 1698 ταῖς
1605 1647 1821 1711 νεφέλαις·
1865 1643 1890 1692 ὁ

112 1710 185 1732 υ’0’
314 1726 435 1779 Θεὸς
469 1731 552 1776 τοῦ
586 1724 652 1791 μὴ
689 1726 856 1795 βρέξαι
891 1731 951 1779 εἰς
987 1725 1127 1776 αὐτὸν
1166 1725 1310 1777 ὑετόν.
1376 1725 1579 1794 νεφέλας
1611 1725 1658 1776 δὲ
1703 1725 1891 1790 νοητεόν

311 1807 392 1861 τὰς
421 1809 556 1871 ἁγίας
580 1810 655 1859 καὶ
681 1808 876 1874 λογικὰς
902 1808 1127 1872 δυνάμεις,
1153 1807 1236 1861 τὰς
1270 1808 1447 1859 ἄνωθεν
1473 1810 1546 1859 καὶ
1583 1808 1635 1877 ἐξ
1669 1809 1889 1874 οὐρανῶν,

310 1892 364 1941 δι’
401 1889 466 1941 ὧν
510 1890 566 1941 ἂν
610 1890 789 1957 γένοιτο
833 1889 950 1957 πρὸς
994 1891 1114 1955 ἡμᾶς
1159 1892 1184 1941 ὁ
1227 1893 1309 1954 τῆς
1349 1890 1694 1956 παρακλήσεως
1732 1890 1888 1956 λόγος,
1909 1913 1957 1938 20
1998 1904 2002 1954 ζ

90 1995 175 2028 Hel).
197 1997 215 2027 i.
311 1976 458 2036 δῆλον
494 1972 542 2024 δὲ
575 1973 645 2023 ὅτι
678 1973 808 2039 παρὰ
847 1977 988 2024 Θεοῦ.
1053 1973 1296 2036 πνεύματα
1330 1972 1423 2039 γάρ
1455 1977 1546 2024 εἱσι
1578 1972 1888 2039 λειτουργικὰ,

312 2053 430 2105 κατὰ
463 2054 549 2118 τὴν
584 2061 667 2105 τοῦ
704 2056 931 2120 μακαρίου
965 2054 1165 2106 Παύλου
1207 2054 1383 2122 φωνὴν,
1421 2055 1516 2105 ἄνω
1558 2078 1607 2105 τε
1650 2057 1724 2105 καὶ
1763 2055 1888 2106 κάτω

312 2138 566 2200 διαθέοντα,
608 2139 682 2187 καὶ
727 2144 754 2165 “
774 2136 1171 2200 ἀποστελλόμενα
1213 2136 1332 2202 πρὸς
1374 2137 1620 2199 διακονίαν,
1664 2137 1739 2189 διὰ
1781 2136 1888 2191 τοῦς

311 2227 339 2249 “
362 2220 628 2283 μέλλοντας
662 2224 966 2286 κληρονομεῖν
999 2220 1284 2285 σωτηρίαν.”
1350 2217 1506 2284 ἐπειδὴ
1533 2218 1582 2270 δὲ
1607 2218 1889 2289 παρῴχηκεν

312 2302 337 2351 ὁ
375 2304 457 2366 τῆς
492 2303 619 2366 δίκης
656 2301 826 2367 καιρὸς,
853 2301 1100 2351 σέσωσται
1135 2299 1210 2351 διὰ
1243 2301 1447 2354 πίστεως
1486 2302 1511 2351 ὁ
1548 2301 1698 2352 πάλαι
1736 2324 1888 2368 κυριο-
1908 2321 1955 2361 25
1997 2328 2019 2370 v·

90 2394 195 2434 Supra
268 2382 487 2446 (1κτόνος,
522 2382 784 2451 παρεδέχθη
824 2382 992 2434 λοιπὸν
1030 2384 1078 2433 ἐν
1116 2383 1386 2451 δικαιοσύνῃ
1421 2387 1495 2434 καὶ
1520 2384 1568 2434 ἐν
1594 2384 1781 2450 κρίματι
1813 2386 1889 2436 καὶ
1998 2375 2000 2378 ¹

90 2449 159 2468 ver.
180 2448 225 2478 ¹9⁸
310 2467 358 2514 ἐν
395 2466 509 2535 ἐλέῳ
547 2468 623 2516 καὶ
667 2469 931 2532 οἱκτιρμοῖς,
980 2467 1180 2528 καθῆκεν
1223 2466 1348 2535 αὐτῷ
1398 2464 1481 2519 τὰς
1527 2465 1705 2517 ἄνωθεν
1746 2468 1885 2518 εὐλο-

309 2547 414 2610 γίας
451 2549 476 2598 ὁ
519 2548 674 2599 πάντα
718 2552 840 2599 πᾶσι
877 2546 1120 2600 πλουσίως
1159 2547 1385 2611 διανέμων
1424 2545 1559 2601 Θεός.
1631 2549 1889 2601 ἐνετείλατο

359 2697 390 2721 2.
417 2689 434 2719 ὁ
452 2687 547 2721 deest
563 2689 599 2722 in
618 2688 709 2723 Edd.
954 2699 987 2732 3.
1009 2690 1026 2721 ὁ
1045 2693 1266 2732 assumptum
1284 2699 1324 2721 ex
1341 2687 1382 2721 B.
1433 2689 1518 2723 Θεός
1537 2687 1578 2722 B.
1598 2687 1690 2722 Edd.
1708 2688 1808 2725 αὐτὸς
1825 2701 1888 2734 pro

311 2734 397 2768 Θεός
416 2734 461 2767 D.
482 2734 537 2769 Cf.
556 2747 662 2780 supra
678 2736 722 2780 36
741 2748 769 2770 e.
985 2735 1017 2768 6.
1041 2738 1107 2769 τῶν
1124 2740 1344 2778 assumptum
1364 2747 1405 2768 ex
1425 2734 1518 2768 B.D.
1747 2744 1779 2781 7.
1803 2736 1887 2770 ὑπα-

312 2778 475 2822 κούσομαι
494 2781 538 2815 D.
690 2784 722 2816 8.
747 2782 893 2817 καθεῖναι
912 2782 958 2816 D.
978 2782 1166 2816 καταθεῖναι
1184 2781 1274 2815 Edd.
1325 2782 1383 2824 τῆς
1400 2793 1469 2815 om.
1490 2781 1535 2815 D.
1685 2794 1719 2827 9.
1742 2782 1887 2817 ὑπακού-

311 2840 407 2859 σεται
426 2827 472 2860 D.
522 2828 574 2861 καὶ
591 2829 650 2862 alt.
669 2835 890 2873 assumptum
908 2841 949 2863 ex
970 2829 1061 2862 B.D.
1226 2839 1279 2862 11.
1301 2828 1543 2863 ἐλλελοιπότος
1562 2826 1607 2861 D.
1769 2839 1822 2874 15.
1847 2828 1887 2872 ἧν

311 2872 440 2915 ἐξήνιος
456 2873 521 2907 hoc
539 2874 660 2909 ordine
679 2876 725 2909 D.
792 2876 918 2910 Statim
936 2877 984 2910 ἔτι
1002 2876 1146 2910 accessit
1163 2887 1203 2909 ex
1220 2875 1266 2909 D.
1568 2875 1621 2908 16.
1647 2874 1726 2909 Hoc
1743 2876 1888 2917 Σαβαὼθ

310 2919 455 2953 accessit
472 2931 512 2954 ex
534 2920 578 2955 D.
800 2934 852 2967 17.
879 2925 897 2956 ὁ
915 2934 983 2956 om.
1005 2923 1050 2956 D.
1268 2933 1319 2966 19.
1350 2920 1503 2967 λογικὰς]
1523 2922 1641 2964 νοητὰς
1659 2922 1751 2957 Edd.
1769 2923 1885 2957 invitis

314 2965 405 2999 B.D.
611 2967 665 3001 26.
693 2969 745 3002 καὶ
762 2976 841 3012 post
858 2971 1067 3013 κυριοκτόνος
1084 2968 1164 3003 add.
1183 2968 1242 3003 iid.
1458 2977 1511 3012 27.
1539 2969 1589 3002 καὶ
1609 2976 1688 3013 post
1704 2969 1886 3014 οἷκτιρμοῖς

310 3011 391 3046 add.
409 3012 467 3046 iid.
719 3016 773 3048 28.
799 3018 991 3050 παντάπασι
1010 3016 1054 3050 D.
