2021 3434
89 168 172 211 xiv.
197 171 236 221 6,
262 182 299 224 7.
515 175 590 216 IN
632 174 867 216 OSEAM.
927 173 1079 215 TOM.
1122 171 1226 213 VII.
1584 169 1665 208 281

89 283 226 348 τρίως
270 285 518 352 εὐρύνεται.
584 285 914 351 σπαταλώσης
958 285 1051 352 γὰρ
1092 287 1176 348 τῆς
1226 284 1352 354 ῥίζης,
1395 280 1536 347 ἁδραῖ
1576 301 1668 330 που

88 364 274 420 πάντως
312 370 403 419 εἶσὶ
441 371 515 419 καὶ
554 372 600 419 αἱ
638 374 732 419 τῶν
770 369 988 435 ὁρπήκων
1025 366 1246 420 ἐκδόσεις.

479 576 551 616 Καὶ
589 576 706 618 ἔσται
744 576 803 616 ὡς
841 575 963 615 ἐλαία
1003 576 1292 630 κατάκαρποε.

162 679 412 747 Ἀειθαλὴς
439 682 656 748 δηλονότι
682 686 756 735 καὶ
782 685 1022 749 εὕκαρπος·
1062 686 1270 732 τοιοῦτον
1296 678 1388 745 γὰρ
1409 676 1463 728 τὸ
1490 672 1651 745 φυτόν.
1687 690 1707 715 C

48 878 70 916 5
436 869 510 910 Καὶ
548 871 570 910 ἡ
608 869 841 926 ὄσφρανσιε
879 869 1007 909 αὐτοῦ
1047 867 1106 908 ὡς
1145 866 1332 915 λιβάνου.

179 981 517 1046 Εὐοσμότατον
557 986 722 1050 κομιδῇ
761 987 844 1032 τοῦ
888 981 1076 1041 λιβάνου
1116 978 1170 1031 τὸ
1213 981 1385 1046 χρῆμα.
1454 973 1672 1042 ταύτῃτοι

89 1066 165 1115 καὶ
192 1067 253 1119 ὡς
279 1065 401 1132 ἱερὸν
424 1069 489 1135 τῷ
517 1069 638 1133 Θεῷ,
664 1067 740 1115 καὶ
766 1064 790 1114 ὁ
817 1062 1062 1117 Μωυσέως
1092 1060 1205 1113 αὐτὸ
1236 1055 1670 1127 κατεχρησμῴδησε

90 1146 244 1210 νόμος.
311 1147 494 1218 Λιβάνῳ
527 1146 621 1214 γὰρ
654 1149 748 1198 δεῖν
786 1145 1168 1197 καταπάττεσθαι
1193 1142 1277 1208 τὴν
1303 1138 1669 1209 προσαγομένην
1729 1151 1892 1226 Εἶεν-ἔα,

89 1231 338 1293 σεμίδαλιν
361 1234 423 1284 εἷς
449 1230 631 1293 θυσίαν,
653 1229 866 1281 διετύπου
891 1232 1166 1296 πολλαχῶς.
1219 1226 1389 1290 εὐώδης
1415 1224 1496 1275 οὖν
1522 1222 1668 1284 ἔσται,
1730 1206 1857 1281 gio-,1153

25 1333 72 1358 10
92 1314 254 1380 φησὶν,
279 1314 304 1363 ὁ
329 1317 424 1364 τῶν
451 1313 744 1377 κεκλημένων
782 1310 974 1379 καρπὸς,
1005 1313 1080 1362 καὶ
1119 1308 1453 1376 εὐπαράδεκτος
1492 1309 1554 1360 εἷς
1592 1309 1672 1356 θυ-

91 1395 202 1446 σίαν
227 1399 294 1465 τῷ
320 1395 560 1466 φιλαρέτῳ
587 1399 711 1465 Θεῷ.

218 1621 551 1678 Ἐπιστρέψουσι
584 1622 651 1662 καὶ
686 1624 929 1662 καθιοῡνται
962 1620 1042 1661 ὑπὸ
1076 1619 1152 1661 τὴν
1188 1620 1347 1661 σΚέ-ῑΠΗν
1382 1617 1525 1658 αὐτοῦ.
1692 1627 1711 1666 7
1745 1621 1772 1662 d

164 1736 625 1799 Ἀποπεπαύσονται,
672 1737 808 1805 φησὶ,
855 1739 948 1786 τῶν
993 1735 1199 1802 ἀρχαίων
1250 1731 1547 1795 αἱτιαμάτων,
1598 1732 1674 1781 καὶ

93 1818 507 1884 ὑπονοστήσουσιν
531 1820 759 1872 εὐσθενῶς
793 1822 853 1872 εἰς
889 1817 943 1868 τὸ
975 1816 1212 1883 λατρεύειν
1238 1818 1388 1884 ςίΘεῶ
1425 1813 1560 1881 ζῶντι
1598 1815 1673 1864 καὶ
1734 1829 1880 1879 JThess.

28 1918 74 1957 15
94 1909 122 1930 ‘⁶
141 1903 388 1972 ἀληθινῲ,”
421 1903 496 1953 καὶ
535 1901 609 1953 ὑπ’
646 1901 772 1970 αὐτῷ
807 1899 1088 1965 γενήσονται
1121 1896 1437 1965 μονοτρόπως,
1474 1897 1527 1947 οὐ
1560 1896 1670 1962 παρ’
1732 1884 1797 1916 1’9’

92 1985 247 2051 ἑτέρου
295 1984 349 2036 τὸ
399 1984 634 2052 σώζεσθαι
683 1982 775 2035 ἀπὸ
825 1987 920 2034 τῶν
963 1984 1155 2050 ἐχθρῶν,
1202 1978 1333 2031 ἀλλὰ
1380 1979 1488 2045 παρ’
1532 1979 1674 2029 αὐτοῦ

91 2069 447 2132 προσδοκῶντες
498 2066 657 2130 μόνου.
731 2064 869 2117 τοῦτό
917 2087 988 2115 τοι
1039 2068 1295 2129 πληροῦσα
1345 2064 1503 2114 καλῶς
1551 2060 1579 2124 ἡ
1620 2060 1678 2129 ἐξ

92 2151 237 2200 ἐθνῶν
269 2149 548 2213 Ἐκκλησία,
585 2150 689 2214 περὶ
727 2153 810 2199 τοῦ
850 2147 1040 2199 πάντων
1075 2144 1293 2212 Σωτῆρός
1336 2148 1486 2212 φησιν
1520 2143 1568 2192 ἐν
1605 2145 1673 2211 τῷ

93 2231 272 2301 ᾄσματι
305 2236 399 2282 τῶν
437 2229 665 2299 ᾀσμάτων
697 2232 827 2281 “Ἐν
865 2234 922 2298 τῇ
957 2232 1071 2297 σκιᾷ
1106 2229 1247 2279 αὐτοῦ
1285 2224 1559 2289 ἐπεθύμησα
1596 2226 1672 2275 καὶ
1731 2232 1828 2264 Cant.
1845 2231 1885 2262 ii.

28 2337 75 2362 20
95 2321 122 2342 ‘⁶
147 2312 384 2365 ἐκάθισα.”
448 2317 542 2366 τοῖς
586 2318 723 2363 τοῦτο
765 2314 880 2377 δρᾶν
929 2310 1145 2362 εἰωθόσιν
1189 2308 1476 2377 ἐπιφωνείτω
1518 2285 1762 2372 λέγωνεὸ·

96 2397 169 2446 καὶ
210 2396 235 2446 ὁ
280 2394 533 2448 θεσπέσιος
575 2395 748 2445 Δαυείδ
787 2401 814 2422 “
833 2393 1042 2459 Ἡμέρας
1077 2394 1101 2442 ὁ
1146 2392 1278 2456 ἥλιος
1319 2391 1372 2441 οὐ
1411 2388 1673 2455 συγκαύσει
1732 2410 1876 2440 Pam.

95 2485 121 2507 ‘⁶
145 2501 217 2541 σε,
252 2477 355 2529 οὐδὲ
389 2478 416 2541 ἡ
455 2475 635 2540 σελήνη
675 2475 760 2539 τὴν
800 2475 986 2526 νύκτα.”
1051 2480 1188 2525 τοῦτο
1226 2477 1320 2527 τοῖς
1359 2472 1673 2539 ἀρχαιοτέροις
1734 2454 1765 2485 6.

94 2561 351 2611 ἐπετελεῖτο
388 2558 516 2625 παρὰ
552 2562 691 2620 Θεοῦ,
731 2558 929 2625 νεφέλης
967 2557 1120 2610 αὐτοῖς
1157 2553 1516 2619 ἐπισκιαᾴύσης
1554 2552 1673 2604 κατὰ
1732 2564 1838 2615 Εῆςοᾶ.

95 2642 181 2706 τὴν
218 2642 403 2710 ἔρημον,
441 2643 516 2692 καὶ
552 2639 637 2704 τὴν
675 2638 852 2690 ἄνωθεν
889 2641 965 2689 καὶ
1002 2637 1131 2704 παρὰ
1170 2641 1294 2688 Θεοῦ
1331 2633 1511 2700 σκηνὴν
1550 2637 1664 2687 ὑπο·
1731 2619 1798 2685 {If
1821 2620 1870 2647 21’

31 2749 77 2787 25
98 2725 357 2794 φαινούσης
407 2724 616 2777 ἀστείως.
687 2722 736 2773 εὖ
777 2720 825 2772 δὲ
865 2720 921 2785 δὴ
964 2719 1158 2790 σφόδρα
1206 2721 1280 2770 καὶ
1328 2718 1381 2770 τὸ
1428 2717 1676 2771 καθιοῧντοιί

145 2904 177 2935 4.
202 2894 333 2926 τοιοῦτο
354 2892 399 2926 D.
552 2899 585 2936 5.
611 2889 628 2933 ἡ
648 2888 842 2933 ὅσφρανσις
859 2888 961 2922 αὐτοῦ
980 2887 1073 2922 Β.Ῑ).
1085 2887 1122 2922 F.
1140 2886 1159 2931 ἡ
1179 2885 1274 2921 deest
1290 2886 1326 2919 in
1345 2885 1437 2920 Edd.
1454 2885 1473 2929 ἡ
1491 2886 1672 2931 ὀσφρασία

99 2939 199 2973 αὐτοῦ
217 2939 350 2983 (A.V.)
632 2937 664 2971 8,
692 2936 730 2979 δὴ
749 2947 811 2979 pro
829 2935 898 2969 δεῖν
916 2935 962 2969 D.
1259 2944 1312 2977 33.
1337 2931 1669 2979 Ἀποπεπαύσονται]

98 2984 369 3020 Ἀποπαύσονται
389 2984 479 3019 Edd.
673 2992 725 3027 15.
751 2981 804 3016 ὑπ’
822 2982 922 3016 αὐτὸν
940 2981 987 3015 D.
1178 2991 1231 3015 20.
1258 2981 1472 3025 ἐπιφωνεῖται
1491 2981 1537 3016 D.

161 3053 250 3081 VOL.
274 3054 302 3080 Ι.
853 3049 877 3076 O
899 3052 921 3077 O
