2021 3434
303 206 332 244 4
706 209 755 250 B.
797 208 1069 249 CYRILLI
1109 206 1488 248 ALEXANDR.

302 320 331 343 ‘⁶
356 314 450 366 ἀπὸ
500 318 674 383 Κυρίου
714 321 837 368 Θεοῦ
879 317 1081 383 Ἰσραὴλ
1122 322 1205 367 τοῦ
1252 316 1479 385 ὀφθέντος
1520 317 1645 386 αὐτῷ
1686 318 1767 379 δὶς,
1806 317 1882 367 καὶ

303 403 329 425 “
356 398 676 462 ἐντειλαμένου
716 400 840 467 αὐτῷ
881 398 995 465 ὑπὲρ
1034 405 1117 450 τοῦ
1162 398 1310 464 λόγου
1348 397 1526 460 τούτου,
1563 397 1617 449 τὸ
1657 396 1883 464 παράπαν

301 485 329 508 “
353 479 418 542 μὴ
466 483 747 546 πορευθῆναι
797 481 953 532 ὀπίσω
1003 485 1121 531 θεῶν
1171 481 1351 547 ἑτέρων·
1419 481 1495 530 καὶ
1546 479 1759 549 φυλάξαι
1806 481 1881 531 καὶ

255 563 283 605 d
301 568 328 590 “
353 565 550 626 ποιῆσαι
576 561 606 613 ἃ
631 564 889 614 ἐνετείλατο
913 564 1038 633 αὐτῷ
1066 563 1239 629 Κύριος
1267 564 1292 613 ὁ
1320 561 1482 615 Θεός.”

374 644 597 709 Ἀπάσης
622 645 707 708 μὲν
733 646 813 696 οὖν
840 645 1047 697 ἐπέκεινα
1075 646 1358 706 δυσσεβείας
1384 644 1443 696 τὰ
1468 649 1550 695 τοῦ
1571 648 1881 708 Σολομῶντος
1899 661 1921 698 5

298 727 346 775 ἐν
384 725 514 792 γήρει
552 727 851 793 τολμήματα.
931 730 980 779 τί
1013 728 1106 795 γὰρ
1145 728 1202 778 ἂν
1232 728 1412 794 γένοιτο
1438 732 1532 778 τῶν
1568 728 1714 780 οὕτως
1745 726 1876 778 ἐκτό-

297 831 401 859 πων
435 810 858 875 πλημμελημάτων
896 809 951 861 τὸ
989 811 1403 878 δυσαχθέστερονς
1456 809 1485 874 ἦ
1527 814 1626 863 πῶς
1668 810 1722 860 οὐ
1761 810 1882 875 πέρα

299 889 449 956 λόγου
483 892 671 955 παντὸς,
698 895 937 958 ἀλογῆσαι
971 892 1055 955 μὲν
1089 896 1224 957 τιμῆς
1263 895 1337 944 καὶ
1376 891 1563 958 ἀγάπης
1589 894 1671 956 τῆς
1706 895 1768 945 εἰς
1798 890 1881 942 τὸν

299 971 381 1024 ἕνα
407 978 482 1024 καὶ
517 975 661 1043 φύσει
698 977 774 1025 καὶ
808 977 999 1040 ἀληθῶς
1025 975 1138 1026 ὄντα
1163 974 1299 1037 Θεὸν,
1327 974 1380 1026 τὸ
1416 973 1463 1025 δὲ
1499 975 1624 1044 αὐτῷ
1651 977 1726 1024 καὶ
1751 972 1880 1043 μόνῳ

298 1055 485 1122 προσὸν
541 1057 726 1125 ἀξίωμα
784 1059 859 1108 καὶ
915 1062 1010 1108 τῶν
1061 1058 1311 1121 δαιμονίων
1374 1057 1622 1120 ἀπονέμειν
1673 1055 1878 1121 ἀγέλαις,
1902 1077 1949 1101 10

298 1142 489 1200 μᾶλλον
540 1139 587 1190 δὲ
640 1141 788 1194 λίθοις
835 1139 1056 1191 ἀνάπτειν
1110 1142 1185 1190 καὶ
1237 1140 1427 1208 ξύλοιςς
1484 1138 1639 1204 ἐπειδὴ
1685 1138 1733 1190 δὲ
1777 1139 1878 1203 ἥλω

298 1221 604 1288 πεφρονηκώς
644 1245 693 1272 τε
735 1224 810 1272 καὶ
853 1221 1033 1288 δράσας
1077 1219 1107 1272 ἃ
1148 1221 1263 1285 μηδὲ
1307 1221 1436 1285 θέμις
1475 1225 1631 1283 εἰπεῖν,
1670 1222 1745 1272 καὶ
1782 1225 1877 1274 τοῖς

259 1303 444 1357 οοῦτως
489 1307 702 1371 αἰσχροῖς
745 1303 1154 1368 πλημμελήμασιν
1204 1302 1362 1370 ἔνοχος
1410 1303 1614 1369 γεγονὼς
1658 1306 1871 1370 κατεφω-

74 1394 196 1469 {305-
296 1389 428 1451 ρᾶτο,
463 1385 632 1437 λοιπὸν
671 1386 762 1454 ε”φη
794 1386 913 1453 πρὸς
940 1385 1081 1438 αὐτὸν
1106 1388 1130 1437 ὁ
1157 1391 1251 1437 τῶν
1283 1386 1409 1437 ὅλων
1449 1385 1570 1438 Θεός
1610 1384 1783 1436 “’Ave'
1811 1382 1877 1436 ὧν

78 1462 127 1522 τέ.
297 1474 324 1497 “
352 1468 531 1534 ἐγένετο
569 1474 714 1519 ταῦτα
752 1468 868 1531 μετὰ
907 1474 1010 1532 σοῦ,
1046 1472 1120 1520 καὶ
1160 1469 1242 1519 οὐκ
1279 1467 1523 1537 ἐφύλαξας
1561 1467 1644 1521 τὰς
1683 1465 1876 1520 ἐντολάς
1899 1489 1944 1527 15

295 1556 324 1578 ‘⁶
347 1573 437 1613 μου
463 1552 539 1601 καὶ
566 1549 625 1601 τὰ
650 1550 1001 1617 προστάγματά
1029 1574 1119 1615 μου
1144 1550 1174 1601 ἃ
1199 1550 1497 1614 ἐνετειλάμην
1522 1573 1615 1614 σοι,
1644 1549 1872 1617 διαρῥήσ-

296 1638 451 1683 “ο·ων
496 1632 731 1701 διαρῥήξω
773 1632 858 1697 τὴν
896 1634 1152 1695 βασιλείαν
1204 1635 1254 1684 ἐκ
1295 1633 1446 1700 χειρός
1491 1655 1582 1683 σου
1621 1635 1696 1683 καὶ
1734 1631 1875 1683 δώσω

296 1720 323 1743 “
351 1713 494 1778 αὐτὴν
518 1719 586 1785 τῷ
611 1715 765 1784 δούλῳ
793 1738 897 1767 σου.
950 1714 1078 1780 πλὴν
1105 1718 1152 1767 ἐν
1177 1720 1276 1769 ταῖς
1294 1716 1482 1781 ἡμέραις
1504 1737 1595 1765 σου
1615 1715 1669 1765 οὐ
1688 1713 1875 1779 ποιήσω

297 1804 323 1826 “
349 1796 480 1860 αὐτὰ,
524 1797 599 1848 διὰ
643 1799 818 1848 Δαυεὶδ
861 1797 944 1848 τὸν
987 1796 1164 1863 πατέρα
1204 1815 1310 1848 σου·
1363 1799 1412 1848 ἐκ
1452 1796 1604 1864 χειρὸς
1647 1799 1745 1847 υἱοῦ
1783 1819 1876 1847 σου

297 1885 323 1907 “
349 1878 568 1947 λήψομαι
596 1878 752 1944 αὐτήν.
828 1879 957 1943 πλὴν
997 1879 1114 1944 ὅλην
1149 1879 1234 1944 τὴν
1266 1880 1518 1941 βασιλείαν
1544 1879 1597 1929 οὐ
1622 1877 1686 1943 μὴ
1714 1877 1870 1939 λάβω·
1895 1903 1944 1928 20

99 1983 197 2017 4A.
255 1968 323 2017 a“
348 1964 592 2028 σκῆπτρον
627 1961 676 2012 ἓν
711 1962 853 2012 δώσω
892 1966 958 2031 τῷ
997 1965 1078 2031 υἱῲ
1117 1985 1224 2024 σου,
1253 1961 1328 2013 διὰ
1367 1963 1541 2012 Δαυεὶδ
1578 1959 1660 2012 τὸν
1702 1959 1875 2012 δοῦλόν

294 2050 320 2072 “
345 2067 448 2107 μου,
492 2047 568 2094 καὶ
621 2042 697 2094 διὰ
742 2042 1058 2109 Ἰερουσαλὴμ
1103 2043 1189 2102 τὴν
1238 2043 1381 2095 πόλιν
1430 2041 1487 2107 ἣν
1535 2042 1871 2112 ἐξελεξάμην.”

291 2125 483 2191 Ἐπειδὴ
509 2125 616 2192 γὰρ,
644 2128 706 2179 ὡς
732 2125 865 2195 ἔφην,
885 2129 966 2190 τῆς
994 2130 1054 2179 εἰς
1081 2130 1302 2191 γυναῖκας
1327 2126 1571 2189 ἐπιθυμίας
1596 2125 1871 2189 ἡττώμενος,

294 2210 440 2259 καίτοι
486 2208 641 2278 σοφὸς
688 2208 752 2258 ὧν
804 2207 926 2274 ἄγαν
971 2209 995 2258 ὁ
1041 2212 1285 2271 Σολομῶν,
1336 2209 1586 2274 μονονουχὶ
1632 2209 1707 2257 καὶ
1754 2207 1873 2258 ὅσον

295 2291 401 2355 ἧκεν
436 2295 575 2342 εἰπεῖν
605 2294 667 2344 εἰς
704 2288 1052 2359 ἐγχειρημάτων
1088 2290 1281 2352 δύναμιν
1317 2288 1402 2354 τὴν
1433 2295 1516 2340 τοῦ
1556 2293 1681 2340 Θεοῦ
1718 2293 1868 2349 βασι·
1892 2314 1939 2352 25

294 2374 425 2423 λείαν
452 2373 700 2442 διέῤῥηξεν,
727 2373 933 2426 εἰδώλοις
969 2371 1189 2423 ἀνάπτων
1215 2371 1301 2436 τὴν
1328 2372 1453 2442 αὐτῷ
1486 2374 1561 2422 καὶ
1596 2370 1724 2441 μόνῳ
1752 2395 1868 2440 πρε-

293 2456 601 2520 πωδεστοίτην
619 2454 758 2519 τιμήν
781 2478 829 2506 τε
858 2456 932 2506 καὶ
962 2453 1119 2523 δόξαν,
1142 2453 1288 2521 ταύτῃ
1307 2477 1392 2516 τοι,
1419 2456 1494 2504 καὶ
1520 2452 1653 2517 μάλα
1671 2452 1870 2518 εἰκότως,

250 2550 276 2590 b
295 2537 622 2603 διαῤῥηγνύναι
648 2537 767 2590 Θεὸς
795 2538 1033 2601 ἐπηπείλει
1059 2535 1143 2600 τὴν
1168 2536 1423 2597 βασιλείαν
1449 2536 1603 2598 αὐτοῦ,
1631 2541 1725 2590 τοῖς
1749 2536 1871 2591 ἰ’σοις

293 2622 574 2681 ἀντιλυπῶν,
615 2619 731 2669 κατὰ
770 2618 824 2670 τὸ
862 2621 910 2670 ἐν
947 2620 1013 2688 τῷ
1046 2617 1268 2687 προφήτῃ
1301 2619 1624 2684 γεγραμμένον
1651 2617 1869 2685 Ἰεζεκιήλ

348 2791 374 2812 1.
402 2779 478 2812 θεοῦ
495 2783 714 2822 assumptum
733 2789 772 2811 ex
794 2778 834 2812 B.
986 2791 1019 2821 4.
1044 2776 1151 2823 αυτῷ]
1175 2782 1212 2818 -4-
1233 2779 1252 2811 ὁ
1270 2777 1361 2811 Edd.
1513 2788 1546 2822 9.
1572 2775 1628 2821 τὸ]
1647 2778 1692 2823 τῷ
1711 2775 1770 2809 iid.
1789 2782 1869 2810 ante

297 2826 431 2869 §ligna
652 2835 703 2857 11.
730 2824 902 2870 ἀνάπτειν]
933 2825 1157 2860 ιιναπλάττειν
1184 2824 1260 2858 Cat.
1288 2836 1324 2858 ln
1353 2837 1412 2866 4
1400 2824 1422 2843 ¹
1402 2823 1486 2858 fi.bb
1515 2824 1664 2867 Regum,
1674 2811 1798 2867 [Maii
1819 2822 1866 2856 N.

296 2872 388 2905 Bibl.
412 2871 513 2904 ''.lom
538 2870 584 2904 iii
604 2882 682 2912 441,
709 2882 726 2903 e
754 2871 841 2906 Cod
862 2873 898 2906 S.
920 2873 1041 2911 Marci,
1061 2872 1148 2905 Ven.
1167 2872 1236 2905 xvi.
1256 2871 1461 2915 desumpta:
1491 2877 1524 2904 et
1551 2870 1639 2904 Cod.
1667 2869 1774 2903 Coisl.
1798 2869 1866 2903 viii

295 2919 353 2951 fol.
373 2929 455 2962 93v
435 2915 486 2962 L]
792 2929 845 2961 23.
871 2920 928 2961 τῆς
945 2934 1041 2963 ειςγ.
1060 2917 1251 2964 ἐπιθυμίας]
1278 2920 1349 2953 ταῖς
1374 2918 1420 2952 εἷς
1444 2932 1477 2962 γ.
1501 2917 1689 2960 επιθυμίαις
1711 2915 1786 2949 Cat.
1808 2916 1865 2951 cit.

297 2964 411 3010 [Mam
431 2976 463 3008 p
483 2974 561 3005 442,
581 2970 612 2996 et
632 2962 718 2996 Cod.
741 2963 846 2998 Cois]
866 2966 934 2998 viii.
952 2965 1017 3010 ib]
1152 2976 1205 3010 25.
1233 2979 1302 3008 ηκει
1320 2976 1384 3009 pro
1401 2964 1477 3008 ἧκεν
1497 2963 1587 2997 Edd.
1734 2962 1787 2996 26.
1815 2963 1868 2996 καὶ

295 3023 363 3045 om
385 3011 459 3045 (at.
481 3012 535 3042 s'it.
