2021 3434
113 195 142 236 i.
169 208 204 234 1.
598 195 672 236 IN
712 196 909 237 AMOS.
969 195 1120 236 TOM.
1163 195 1200 235 I.
1600 193 1681 232 377

114 308 140 333 ‘⁶
166 303 390 366 θυμιάσαι
415 309 480 374 τῷ
506 306 664 375 Κυρίῳ
688 304 798 356 ἀλλ’
825 305 854 370 ἢ
893 310 988 359 τοῖς
1027 308 1196 372 ἱερεῦσι
1229 306 1324 356 τοῖς
1359 304 1467 354 υἱοῖς
1494 297 1684 365 Ἀαρὼν

113 391 139 414 “
164 389 258 438 τοῖς
298 385 596 450 ἡγιασμένοις
636 385 874 451 θυμιάσαι·
931 386 1090 456 ε”ξελθε
1135 384 1228 436 ἀπὸ
1266 389 1349 435 τοῦ
1390 380 1684 448 ἁγιάσματος

112 472 140 495 “
165 465 235 517 ὅτι
277 467 483 532 ἀπέστης
526 468 619 520 ἀπὸ
664 469 853 535 Κυρίου·
910 471 985 520 καὶ
1029 469 1110 519 οὐκ
1152 467 1283 518 ε”σται
1324 487 1404 516 σοι
1442 469 1578 516 τοῦτο
1623 465 1684 516 εἰς

112 554 139 577 “
166 548 310 618 δόξαν
351 550 478 617 παρὰ
525 551 699 617 Κυρίου
738 554 877 602 Θεοῦ.
947 552 1021 601 καὶ
1059 548 1272 613 ἐθυμώθη
1309 546 1487 613 Ὀζίας,
1526 547 1601 596 καὶ
1638 546 1685 596 ἐν

71 634 92 671 5
112 637 139 658 “
165 633 222 697 τῇ
261 633 378 698 χειρὶ
413 633 553 682 αὑτοῦ
587 630 641 683 τὸ
676 631 975 698 θυμιατήριον
1010 636 1093 682 τοῦ
1131 629 1356 694 θυμιάσαι
1395 629 1442 679 ἐν
1472 631 1538 697 τῷ
1572 630 1683 696 ναῷ·

113 718 139 740 “
164 712 212 761 ἐν
249 716 315 781 τῷ
360 716 631 777 θυμωθῆναι
675 713 814 765 αὐτὸν
855 713 972 780 πρὸς
1013 711 1120 765 τοὺς
1165 715 1309 777 ἱερεῖς,
1357 712 1431 760 καὶ
1469 710 1496 773 ἡ
1536 709 1687 774 λε’πρα

112 800 139 821 “
164 793 394 844 ἀνέτειλεν
437 795 484 844 ἐν
521 798 586 864 τῷ
634 795 834 864 μετώπῳ
881 795 1021 845 αὐτοῦ
1065 794 1270 844 ἐναντίον
1314 796 1407 841 τῶν
1446 790 1597 855 ἱερέων
1640 791 1687 840 ἐν

112 882 138 905 “
164 874 272 945 οἴκῳ
316 875 489 941 Κυρίου
534 876 687 928 ἐπάνω
733 881 814 928 τοῦ
859 874 1196 941 θυσιαστηρίου
1237 877 1331 924 τῶν
1367 870 1684 936 θυμιαμάτων.

113 964 138 988 “
164 960 239 1008 καὶ
270 957 559 1026 ἐπέστρεψεν
592 958 660 1010 ἐπ’
689 958 827 1009 αὑτὸν
854 958 878 1008 ὁ
912 955 1052 1023 ἱερεὺς
1084 957 1109 1007 ὁ
1140 960 1323 1022 πρῶτος
1355 957 1429 1005 καὶ
1461 957 1502 1004 οἱ
1540 956 1685 1019 ἱερεῖς,

49 1047 139 1083 10“
161 1042 235 1091 καὶ
278 1039 374 1091 ἰδοὺ
410 1039 545 1094 αὐτὸς
582 1040 755 1106 λεπρὸς
800 1041 847 1090 ἐν
885 1043 951 1109 τῷ
989 1038 1205 1107 μετώπῳ,
1248 1039 1322 1088 καὶ
1360 1035 1688 1088 κατέσπευσαν

113 1129 139 1152 “
165 1120 303 1172 αὐτὸν
359 1123 540 1185 ἐκεῖθεν,
589 1124 663 1173 καὶ
724 1121 815 1188 γὰρ
866 1119 1004 1175 αὐτὸς
1063 1121 1294 1172 ἔσπευσεν
1346 1119 1567 1188 ἐξελθεῖν,
1619 1117 1689 1168 ὅτι

113 1211 140 1233 “
163 1203 362 1273 ἤλεγξεν
401 1203 539 1255 αὐτὸν
581 1204 791 1271 Κύριος.”

188 1289 302 1353 Περὶ
332 1286 416 1350 μὲν
450 1287 530 1337 οὖν
563 1291 645 1337 τοῦ
676 1289 1007 1352 λελεπρῶσθαι
1035 1284 1117 1335 τὸν
1140 1283 1308 1350 Ὀζίαν
1334 1282 1519 1351 ἀπόχρη
1544 1284 1688 1334 ταυτί

114 1367 184 1420 ὅτι
221 1368 270 1419 δὲ
307 1368 498 1434 γε’γονεν
521 1368 637 1435 ἀνὴρ
668 1367 879 1431 δυνατὸς,
910 1370 983 1419 καὶ
1014 1372 1114 1422 ταῖς
1151 1370 1244 1418 τῶν
1275 1367 1570 1435 ἀλλοφύλων
1605 1367 1686 1417 ε’π-

51 1470 94 1507 15
114 1450 396 1517 εστράτευσε
430 1450 616 1519 χώραις,
646 1453 721 1501 καὶ
757 1457 981 1504 τοσοῦτος
1014 1449 1204 1517 γε’γονεν
1235 1453 1297 1504 εἰς
1332 1448 1498 1514 ἀλκὴν,
1526 1451 1587 1503 ὡς
1615 1451 1689 1500 καὶ

114 1533 451 1596 ἀναδείμασθαι
480 1532 640 1588 πόλεις
672 1534 780 1599 παρ’
810 1534 975 1596 αὐτοῖς,
1003 1534 1077 1583 καὶ
1105 1532 1429 1598 δασμολογίας
1456 1533 1689 1593 ἐπιθεῖναι,

115 1620 188 1668 καὶ
230 1616 486 1685 σκήπτροις
529 1619 655 1672 ἰδίοις
696 1619 974 1684 ὑπενεγκεῖν,
1023 1618 1170 1668 καίτοι
1209 1616 1397 1682 μεγάλα
1437 1614 1733 1684 φυσῶντοὶςά

113 1722 239 1762 ποτε,
285 1701 521 1768 δεδίδαχεν
565 1700 827 1768 ἀρκούντως
871 1699 924 1751 τὸ
972 1700 1166 1766 γράμμα
1210 1698 1262 1750 τὸ
1308 1697 1441 1764 ἱερόν.
1511 1699 1689 1761 οὐκοῦν,

115 1780 356 1849 ἐπειδήπερ
395 1783 420 1833 ὁ
452 1780 740 1852 προφητικὸς
775 1783 883 1847 ἡμῖν
922 1782 1064 1848 λόγος
1103 1779 1415 1845 εἶσκεκόμικεν
1446 1782 1494 1831 ἐν
1529 1782 1692 1847 ἀρχαῖς

52 1887 98 1911 20
115 1865 199 1932 τὴν
245 1868 472 1932 ἐσομένην
520 1866 637 1919 κατὰ
686 1872 780 1919 τῶν
831 1867 1125 1935 ἀλλοφύλων
1174 1866 1423 1933 ἐρήμωσιν,
1464 1866 1692 1931 ἀναγκαία

117 1949 304 2016 γε’γονεν
345 1950 372 2014 ἡ
410 1951 567 2015 μνήμη
605 1953 686 2014 τῆς
729 1950 978 2011 βασιλείας
1020 1947 1186 2015 Ὀζίου
1228 1971 1276 2000 τε
1320 1950 1395 1999 καὶ
1432 1946 1689 2014 Ἱεροβοάμ,

118 2033 370 2097 νενίκηνται
407 2031 501 2099 γὰρ
541 2034 594 2084 δι’
635 2034 787 2083 αὐτῶν
828 2034 889 2087 ὡς
929 2037 1044 2098 γοῦν
1081 2030 1403 2097 προλαβόντες
1436 2028 1689 2096 εἰρήκαμεν.

118 2114 303 2178 οἴδαμεν
353 2115 434 2165 οὖν
483 2113 553 2166 ὅτι
603 2117 677 2166 καὶ
722 2113 796 2165 διὰ
847 2112 998 2181 χειρὸς
1043 2114 1319 2180 Ἀσσυρίων
1367 2113 1692 2178 ε’μπέπρησται

119 2195 392 2260 Δαμασκὸς,
429 2196 680 2265 δεδῄωνται
719 2195 768 2248 δὲ
807 2195 936 2247 οὐδὲν
975 2196 1115 2260 ἧττον
1150 2197 1223 2246 καὶ
1257 2194 1315 2245 τὰ
1353 2198 1446 2245 τῶν
1477 2194 1692 2261 ἀλλοφύ-

55 2298 99 2334 25
119 2283 217 2329 λων
251 2278 379 2344 γε’νη.
447 2278 600 2342 ἐπειδὴ
640 2278 687 2330 δὲ
726 2278 902 2330 τούτων
939 2280 1068 2329 ἐστὶν
1106 2279 1251 2328 ἐκεῖνα
1301 2275 1686 2342 μεταγενέστερα,
1708 2321 1729 2347 e

119 2360 438 2429 προσάψομεν
487 2361 747 2427 ἀναγκαίως
798 2364 864 2430 τῳ
908 2383 956 2411 τε
1001 2358 1248 2426 Ἱεροβοάμ
1286 2362 1361 2409 καὶ
1399 2363 1493 2412 τοῖς
1533 2357 1693 2424 Ὀζίου

120 2447 289 2509 καιροῖς
333 2442 391 2493 τὰ
436 2448 532 2497 τοῖς
576 2441 873 2510 ἀλλοφύλοις
917 2441 1271 2506 συμβεβηκότα,
1317 2445 1391 2491 καὶ
1443 2441 1595 2494 αὐτοῖς
1644 2439 1692 2491 δὲ

120 2524 250 2577 οὐδὲν
301 2525 440 2590 ἧττον
484 2529 577 2578 τοῖς
625 2529 719 2575 τῶν
762 2525 1037 2590 Ἀσσυρίων
1083 2528 1378 2589 καθηγηταῖς.
1445 2521 1598 2586 ἐπειδὴ
1644 2521 1692 2573 δὲ

119 2607 446 2674 προστέθεικεν
509 2608 532 2657 ὁ
600 2605 856 2675 Προφήτης
921 2606 1006 2673 Hp}
1071 2602 1141 2657 δύο
1205 2605 1301 2657 ἑτῶν
1365 2607 1434 2656 τοῦ
1497 2607 1692 2673 σεισμοῦ,

170 2776 200 2799 2.
227 2765 388 2808 θυμιάσαι
405 2777 474 2798 om.
495 2764 535 2798 B.
707 2775 739 2809 3.
765 2763 847 2809 ἀπὸ]
872 2768 908 2805 -Ι-
928 2766 988 2798 τοῦ
1009 2765 1048 2798 Β.
1215 2773 1247 2809 5.
1274 2764 1356 2811 ναῷ]
1381 2769 1417 2805 -Ι-
1438 2765 1491 2798 καὶ
1510 2764 1551 2798 Β.
1570 2764 1690 2809 (Vat.)

121 2824 191 2846 om.
210 2812 253 2845 A.
273 2811 387 2854 (AleX.
408 2811 489 2854 XI.)
723 2823 756 2855 9.
782 2810 1012 2856 ἐπέστρεψεν]
1032 2811 1218 2856 ἐπέτρεψεν
1234 2811 1276 2844 A.
1515 2822 1567 2845 12.
1593 2811 1692 2845 αὐτὸν

124 2856 261 2903 Κύριος]
283 2857 405 2902 Κύριος
421 2859 520 2892 αὐτὸν
540 2857 579 2891 Β.
959 2858 1010 2891 16.
1037 2857 1268 2903 δασμολογίας
1289 2858 1329 2892 Β.
1349 2858 1582 2904 δασμολογίαν
1600 2857 1692 2893 Edd.

127 2917 178 2951 19.
205 2906 308 2950 λόγος
326 2904 401 2948 ἡμῖν
418 2916 480 2949 pro
501 2904 576 2948 ἡμῖν
592 2906 694 2949 λόγος
713 2905 754 2938 A.
1132 2916 1185 2939 22.
1211 2907 1293 2950 γοῦν
1309 2911 1526 2950 assumptum
1546 2917 1586 2939 ex
1601 2905 1691 2940 A.B.

125 2963 179 2997 23.
205 2950 341 2995 οἴδαμεν
358 2952 400 2985 Α.
419 2949 492 2985 οἶδα
508 2951 567 2995 μὲν
586 2950 674 2985 Edd.
844 2960 897 2995 25.
923 2951 1048 2986 τούτων
1066 2952 1107 2986 A.
1127 2950 1231 2998 τούτῳ
1250 2951 1339 2985 Edd.
1504 2951 1558 2986 26.
1584 2967 1693 2997 προσ-

124 2999 266 3043 άψωμεν
284 2999 326 3032 Α.
378 2997 506 3043 Ὀζίου]
527 2998 650 3032 ἐκείνου
670 2997 760 3032 Edd.
779 2999 894 3032 invitis
912 2998 1001 3033 Α.Β,
1170 2998 1222 3032 28.
1249 3002 1314 3033 τῶν
1331 3010 1398 3033 om.
1420 2999 1461 3033 Α.

182 3065 273 3093 vor..
300 3066 325 3093 ι.
874 3067 897 3106 3
921 3067 941 3093 ι·
961 3089 965 3093 .
