2021 3434
83 211 110 254 i.
133 226 168 254 2.
547 216 619 257 IN
661 215 898 257 OSEAM.
961 212 1109 254 TOM.
1148 213 1182 253 I.
1600 209 1652 249 1ss

82 325 334 391 ὑποταγῆς·
383 325 535 378 ἐκάλει
569 327 618 379 δὲ
651 332 840 391 μᾶλλον
878 330 940 380 εἰς
977 325 1240 391 ἐπικουρίαν
1271 321 1354 374 τὸν
1381 321 1652 386 Αἰγυπτίων

85 405 324 473 τύραννον.

156 487 274 540 Εἶτα
299 489 418 553 μετὰ
443 497 579 542 τοῦτο
613 490 979 556 τελευτήσαντος
1016 495 1098 540 τοῦ
1115 487 1286 556 ’Άχαζζ
1313 484 1654 548 βεβασίλευκεν
1715 491 1864 566 {3253-

82 570 288 637 Ἐζεκίας
326 571 420 626 υἱὸς
450 574 591 624 αὑτοῦ
629 575 701 624 ἐπὶ
736 573 818 624 τὸν
842 571 1024 623 Ἰούδαν
1049 573 1096 622 ἐν
1118 568 1452 637 Ἰερουσαλήμ.
1520 567 1654 621 οὗτος
1715 561 1806 652 ξνὸῑῖἱ·
1856 559 1864 573 ’

44 666 66 704 5
85 652 199 719 ἀνὴρ
223 654 413 721 γέγονεν
438 655 648 720 εὐσεβὴς,
674 657 748 706 καὶ
779 659 871 706 τῶν
898 654 967 705 ὅτι
994 652 1211 717 μάλιστα
1235 651 1531 715 δικαιοσύνης
1556 651 1653 701 ἐπι·
1767 632 1820 663 Ἢ

85 736 363 800 μελομένων,
391 740 452 791 ὡς
476 737 761 803 ἀσύγκριτον
787 737 905 804 ἔχειν
930 735 1059 802 παρὰ
1085 734 1191 788 τοὺς
1218 735 1395 787 ἄλλους
1421 735 1505 796 τῆν
1531 732 1578 782 ε”ν
1606 755 1654 782 τε
1674 738 1702 779 d

87 818 236 888 τούτῳ
266 818 512 886 διαφοράν.
579 827 605 849 “
624 819 776 874 Αὐτὸς
813 823 998 870 καθεῖλε
1030 816 1089 868 τὰ
1113 816 1295 886 ὑψηλὰ,
1323 818 1398 867 καὶ
1424 814 1483 866 τὰ
1509 815 1655 879 ἄλση,
1718 830 1768 861 Ib.
1787 829 1878 861 xviii.

89 907 116 929 ‘⁶
143 903 304 969 φησὶν,
357 901 571 970 ἐξέκοψε·
660 904 735 952 καὶ
778 900 836 966 ἧν
888 900 1059 967 Κύριος
1111 901 1207 963 μετ’
1262 898 1449 949 αὑτοῦ.”
1515 898 1656 948 αὑτοῦ
1718 886 1748 913 4'
1770 882 1798 913 ⁷⁹

86 982 423 1043 βασιλεύοντος
465 983 607 1049 ἀνέβη
652 987 941 1052 Σεναχηρεῖμ
979 982 1209 1045 βασιλεὺς
1241 980 1532 1047 Ἀσσυρίων,
1584 981 1657 1031 ἐπὶ
1721 995 1769 1025 Ib-
1792 1003 1840 1034 13·

22 1088 69 1113 10
88 1063 170 1118 τὰς
219 1064 380 1119 πόλεις
428 1069 510 1130 τῆς
552 1067 778 1121 Ἰουδαίας
819 1065 903 1120 τὰς
944 1064 1132 1133 ὀχυράς·
1205 1066 1279 1115 καὶ
1320 1061 1658 1127 πολιορκήσας,

87 1144 209 1197 εἶλεν
247 1148 463 1214 ἀμογητί.
543 1148 647 1200 τότε
681 1151 758 1200 καὶ
796 1146 1096 1217 ὁῬαψάκης
1132 1148 1286 1200 αὐτοῖς
1325 1150 1418 1198 τοῖς
1447 1146 1656 1211 Ἱεροσο-
1722 1157 1773 1188 Ib·
1797 1164 1833 1197 17

88 1229 253 1292 λύμοις
278 1231 492 1300 ἐπιπηδᾷ,
513 1234 588 1283 καὶ
613 1231 865 1283 ἀπύλωτον
891 1230 1104 1296 ἀνοιγνῦς
1132 1228 1250 1280 κατὰ
1271 1233 1395 1280 Θεοῦ
1414 1227 1468 1278 τὸ
1488 1226 1660 1291 στόμα,
1721 1211 1793 1241 Sqq'

87 1309 170 1364 τὰς
194 1312 620 1382 παμβλασφήμους
654 1315 824 1368 ἐκείνας
861 1314 974 1364 ἀνίει
1013 1311 1188 1381 φωνάς·
1242 1310 1346 1363 τότε
1371 1311 1445 1361 καὶ
1468 1309 1656 1361 πεπτώ-
1722 1323 1777 1353 Es·
1812 1366 1830 1373 ,-

89 1415 229 1444 κασιν
254 1395 304 1445 ἐκ
329 1398 410 1459 τῆς
435 1399 743 1463 παρεμβολῆς
768 1401 862 1447 τῶν
885 1396 1162 1462 Ἀσσυρίων
1187 1392 1351 1445 ἑκατὸν
1374 1391 1662 1458 ὀγδοήκοντα
1679 1378 1700 1404 e
1717 1377 1843 1450 {gc-xm.

25 1491 70 1530 15
89 1475 224 1527 πέντε
260 1477 468 1544 χιλιάδες
506 1480 554 1529 ἐν
597 1483 681 1548 μιᾷ
727 1481 868 1542 νυκτὶ,
915 1478 1121 1545 ἀγγέλου
1161 1477 1276 1545 χειρὶ
1315 1473 1658 1539 δαπανώμεναι.

89 1563 235 1609 ταῦτα
271 1561 516 1627 χρησίμως
550 1561 722 1628 ε’ίρηται
758 1559 877 1629 πρὸς
910 1560 963 1612 τὸ
1001 1559 1168 1627 παρόν·
1221 1557 1406 1627 ἑκάστῳ
1437 1556 1531 1623 γὰρ
1568 1561 1662 1607 τῶν

89 1640 461 1707 συμβεβηκότων
494 1642 804 1713 ἐφαρμόσειεν
842 1644 1064 1711 εὐτέχνως
1094 1645 1176 1706 τῆς
1209 1640 1496 1710 προφητείας
1528 1639 1552 1689 ὁ
1578 1637 1662 1690 λό-

88 1744 185 1787 γος.
265 1723 379 1775 ποτὲ
408 1724 492 1788 μὲν
529 1725 622 1793 γὰρ
656 1728 844 1795 ἐπιτιμᾷ
873 1730 967 1780 τοῖς
1001 1727 1049 1776 ἐν
1077 1724 1328 1793 Σαμαρείᾳ,
1351 1721 1463 1774 ποτὲ
1491 1719 1540 1771 δὲ
1566 1726 1661 1775 τοῖς

89 1805 137 1855 ἐν
168 1806 517 1872 Ἱεροσολύμοις
552 1810 736 1860 ἀπειλεῖ
768 1808 851 1862 τὰς
890 1807 1103 1877 ἐφόδους·
1154 1803 1545 1873 προαπαγγέλλει
1579 1802 1662 1857 τὰς

23 1909 70 1934 20
90 1889 429 1956 αἰχμαλωσίας·
479 1891 853 1958 προκαταμηνύει
879 1891 961 1942 τὸν
985 1889 1155 1959 φόβον·
1200 1887 1545 1954 ἐπαγγέλλεται
1576 1885 1661 1950 τὴν

89 1971 368 2038 ἐπικουρίαν’
422 1978 558 2024 καλεῖ
595 1972 713 2041 πρὸς
756 1971 1064 2042 ἐπιστροφήν·
1121 1973 1197 2023 καὶ
1246 1971 1390 2024 οὐδεὶς
1439 1972 1496 2037 τῇ
1539 1990 1657 2034 προ-

90 2054 259 2122 φητείᾳ
294 2055 654 2107 καταλέλειπται
696 2054 840 2122 λόγος
881 2054 910 2120 ἢ
954 2053 1126 2122 τρόπος
1166 2058 1260 2105 τῶν
1300 2050 1564 2117 ἀναγκαίων
1602 2053 1663 2102 εἰς

89 2133 266 2200 ὄνησιν,
292 2141 388 2191 τοῖς
410 2137 679 2202 τοτηνικάδε
701 2138 1088 2203 πεπλανημένοις.
1145 2137 1300 2188 τοίνυν
1326 2133 1494 2204 φησίν·

165 2258 294 2315 Ἀρχέι
321 2259 445 2307 λόγου
475 2259 622 2317 Κυρίου
648 2260 692 2301 ἐν
713 2259 862 2302 'omue-
903 2259 972 2300 καὶ
997 2254 1090 2300 εἶπε
1119 2258 1266 2315 Κύριος
1293 2256 1399 2313 Πρὸς
1419 2254 1570 2297 ὨσΗὲ·
1681 2234 1703 2313 Ξ
1743 2280 1796 2314 10
1822 2278 1874 2313 A·

25 2374 72 2412 25
155 2346 384 2415 ’Άρχεται
427 2348 511 2411 μὲν
554 2349 647 2416 γὰρ
691 2352 738 2401 ἐν
785 2354 851 2419 τῷ
893 2348 1114 2416 προφήτῃ
1153 2345 1274 2400 Θεὸς
1314 2343 1663 2396 ἀποκαλύπτειν

92 2429 328 2495 μυστήρια
361 2430 457 2482 κατ’
491 2430 633 2483 ἐκεῖνό
667 2455 759 2483 που
796 2430 997 2493 πάντως,
1035 2429 1090 2481 τὸ
1129 2429 1182 2479 δι’
1224 2427 1379 2494 ἑτέρου
1415 2425 1662 2496 προφήτου

93 2514 264 2578 σαφῶς
311 2513 547 2577 εἰρημένον
596 2515 749 2565 “Ἐπὶ
789 2516 871 2577 τῆς
922 2514 1138 2582 φυλακῆς
1174 2533 1265 2573 μου
1301 2507 1543 2574 στήσομαι
1587 2510 1662 2559 καὶ
1723 2514 1828 2589 11ξῦῗο-

94 2598 122 2621 “
147 2592 433 2657 ἐπιβήσομαι
475 2596 548 2645 ἐπὶ
593 2595 780 2662 πέτραν,
820 2597 895 2646 καὶ
944 2591 1294 2644 ἀποσκοπεύσω
1340 2596 1422 2643 τοῦ
1467 2594 1577 2642 ἰδεῖν
1617 2592 1668 2642 τί
1750 2584 1756 2590 ’
1799 2581 1806 2589 ’

94 2680 121 2702 “
148 2673 354 2738 λαλήσει
386 2676 434 2726 ἐν
468 2677 566 2739 ἐμοὶ
602 2677 773 2744 Κύριος
806 2679 831 2728 ὁ
861 2675 1023 2730 Θεός.”
1088 2674 1407 2726 ἀποκαλύπτει
1442 2672 1536 2740 γὰρ
1566 2677 1663 2726 τοῖς

26 2777 74 2814 30
93 2755 241 2822 ἁγίοις
275 2760 336 2810 εἷς
368 2762 477 2808 νοῦν
507 2759 635 2812 ἐνιεὶς
666 2764 760 2810 τῶν
781 2757 1016 2823 ἐσομένων
1041 2756 1125 2822 τὴν
1150 2761 1342 2823 γνῶσιν,
1369 2757 1393 2807 ὁ
1417 2760 1511 2808 τῶν
1537 2755 1664 2806 ὅλων

140 2883 172 2917 3.
198 2871 297 2917 μετὰ]
318 2873 399 2907 κατὰ
418 2872 509 2908 Edd.
730 2886 762 2915 4.
789 2872 901 2918 οὗτος]
925 2876 962 2914 -Ι-
982 2873 1047 2918 γὰρ
1064 2871 1122 2907 iid.
1337 2882 1371 2918 5.
1397 2869 1660 2916 ἐπιμελομένων]

94 2918 290 2963 ἐπιμελουμ.
309 2920 368 2954 iid.
568 2931 601 2965 9.
626 2921 827 2965 σεναχερεὶμ
844 2920 902 2954 iid.
1103 2931 1155 2954 11.
1181 2919 1341 2966 ἀμογητί]
1361 2919 1480 2964 ἀμοττί
1497 2918 1585 2963 (sic)
1603 2918 1663 2951 iid.

94 2966 218 3011 ἀμοχθί
235 2978 253 3000 e
271 2978 334 3000 suo
353 2967 500 3006 correxit
518 2966 652 3012 Migne.
839 2978 892 3013 13.
918 2965 1017 3013 ἀνίει]
1037 2967 1150 3011 ἀνίησι
1166 2966 1227 3001 iid.
1421 2977 1476 3009 24.
1502 2967 1537 3000 ἐν
1554 2962 1662 3009 ὠσηέ]

94 3013 178 3057 πρὸς
194 3013 286 3057 ὠσηέ
304 3013 339 3047 F.
359 3012 458 3058 (al.);
488 3013 547 3048 sed
566 3014 610 3048 cf.
629 3014 663 3049 ἐν
679 3013 739 3048 lin.
758 3025 811 3060 sq.
