2021 3434
301 196 357 236 28
691 197 740 237 B.
783 192 1058 235 CYRILLI
1099 192 1480 234 ALEXANDR.
1721 192 1746 232 i.
1769 206 1810 244 4,
1832 202 1871 244 5.

299 310 517 371 πονηρῶν
547 302 821 367 πνευμάτων
858 301 1100 363 ἐπιθυμίας
1132 301 1414 365 ἀποπληροῖ.
1491 300 1655 351 οὐκοῦν
1688 298 1870 365 πεπόρ-

301 410 456 438 νευκεν
504 388 552 437 ἐν
602 384 828 454 Αἰγύπτῳ
874 387 1048 447 νοητῶς
1093 382 1120 445 ἡ
1172 386 1267 432 τῶν
1305 381 1543 432 Ἰουδαίων
1593 379 1867 446 συναγωγή·

299 470 544 534 προῦκειτο
578 465 683 532 γὰρ,
709 468 770 518 ὡς
807 465 939 534 ἔφην,
969 469 1070 518 ταῖς
1104 468 1197 514 τῶν
1232 463 1480 527 δαιμονίων
1517 464 1774 526 ἐπιθυμίαις
1812 466 1873 514 εἰς

299 555 393 600 πᾶν
438 551 590 599 ὁτιοῦν
627 552 721 598 τῶν
759 547 911 600 αὐτοῖς
950 548 1050 597 καθ’
1084 545 1253 610 ἡδονὴν
1292 544 1618 614 ἀποφερομένη
1657 543 1871 597 εὐκόλως·

298 629 408 681 ἀλλ’
436 628 744 681 ἐπεσκέπτετό
782 652 831 679 τε
864 631 939 679 καὶ
972 628 1097 693 ἠλέει
1132 627 1252 681 Θεὸς
1277 626 1362 691 τὴν
1397 628 1517 677 οὕτω
1542 625 1873 693 διερῥιμμένην,
1893 638 1915 676 5

299 714 374 763 καὶ
400 712 632 780 σώφρονα
664 711 812 763 πάλιν
846 710 990 775 αὐτὴν
1023 711 1300 779 ἀποφαίνειν
1331 710 1488 774 ἠ’θελε’
1529 707 1672 772 μόνον
1699 707 1746 759 δὲ
1772 709 1874 775 οὐχὶ

259 813 280 840 e
299 796 374 845 καὶ
399 794 616 845 σύνοικον
641 794 778 845 ἐποίει
805 792 891 857 τὴν
917 793 1127 857 βέβηλον
1155 793 1180 842 ὁ
1205 790 1444 856 πάναγνός
1469 814 1518 842 τε
1551 793 1627 841 καὶ
1658 789 1873 856 καθαρὸς,

298 878 374 927 καὶ
412 875 583 927 τέκνων
624 877 764 927 ἐποίει
807 875 996 942 μητέρα,
1043 876 1118 925 καὶ
1159 873 1344 940 ἀγάπης
1385 873 1532 942 ἠξίου,
1578 872 1653 923 διὰ
1700 871 1782 923 τὸν
1821 872 1878 941 ἐξ

298 959 438 1021 αὐτῆς
486 957 734 1022 γενόμενον
784 957 1096 1023 πρωτότοκον,
1143 956 1357 1007 τουτέστι
1412 955 1494 1006 τὸν
1543 954 1772 1021 Ἰεσράελ,
1825 953 1875 1008 ὃς

298 1039 591 1106 ἑρμηνεύεται
628 1038 777 1107 ern-op&
816 1041 938 1091 Θεοῦ.
1897 1052 1944 1076 10

363 1121 496 1188 ‘'Opa
533 1121 589 1186 δὴ
623 1122 705 1172 οὖν
745 1126 805 1175 εἷς
849 1121 1000 1172 εἰκόνα
1037 1124 1112 1172 καὶ
1150 1120 1296 1172 τύπον
1327 1125 1421 1171 τῶν
1459 1121 1578 1170 οὕτω
1612 1118 1875 1187 πανσόφως

297 1205 691 1268 οἷκονομηθέντων
725 1202 855 1270 παρὰ
887 1207 1010 1254 Θεοῦ
1043 1203 1301 1267 τεθειμένον
1332 1202 1414 1253 τὸν
1439 1201 1604 1265 Ὠσηέ.
1683 1200 1871 1253 συνάπ-

295 1307 422 1335 τεται
469 1290 526 1353 τῇ
580 1284 748 1352 Γόμερ,
798 1286 948 1352 πόρνῃ
999 1288 1183 1351 γυναικὶ
1232 1284 1480 1352 προφήτης
1530 1282 1673 1349 ἅγιος.
1753 1283 1780 1347 ἡ
1826 1283 1875 1335 δὲ

294 1367 479 1418 τέτοκεν
524 1369 648 1437 αὐτῷ
693 1366 773 1418 τὸν
808 1366 1037 1433 Ἰεσράελ.
1115 1368 1234 1418 οὕτω
1279 1369 1353 1418 καὶ
1398 1364 1518 1419 Θεὸς
1562 1365 1718 1416 ἐκάλει
1756 1365 1874 1431 πρὸς

296 1448 550 1514 οἰκειότητα
589 1449 663 1500 διὰ
701 1455 783 1500 τοῦ
820 1449 1075 1517 πανσόφου
1108 1449 1355 1503 Μωυσέως
1392 1447 1478 1512 τὴν
1514 1452 1609 1499 τῶν
1639 1449 1875 1499 Ἰουδαίων
1898 1471 1943 1508 15

251 1541 278 1582 d
296 1530 595 1596 συναγωγὴν,
619 1533 694 1582 καὶ
727 1535 789 1585 εἰς
824 1532 1063 1582 κοινωνίαν
1090 1530 1416 1595 πνευματικὴν,
1443 1530 1519 1582 διὰ
1548 1529 1631 1581 τὸν
1655 1530 1712 1599 ἐξ
1730 1532 1876 1594 αὐτῆς

295 1611 520 1676 ἐσόμενον
566 1612 876 1680 πρωτότοκον,
927 1613 1142 1664 τουτέστι
1193 1613 1424 1679 Χριστὸν,
1475 1612 1524 1667 ὅς
1574 1614 1677 1663 ἐστι
1727 1611 1874 1684 οῆτοριῖιο

297 1697 410 1746 Θεοῦ
441 1694 560 1745 κατὰ
590 1694 643 1746 τὸ
677 1695 862 1760 ἀληθές·
908 1695 1177 1761 γεγέννηται
1203 1695 1296 1762 γὰρ
1321 1697 1370 1746 ἐκ
1399 1694 1587 1762 Πατρὸς
1622 1695 1646 1745 ὁ
1679 1693 1807 1754 Υἱὸς,
1836 1698 1873 1746 εἰ

295 1779 371 1827 καὶ
397 1777 560 1843 γέγονε
586 1777 728 1846 σάρξ.

369 1859 560 1924 Ἐπειδὴ
587 1859 634 1910 δὲ
661 1861 742 1910 οὐκ
769 1859 826 1910 ἂν
850 1860 1012 1927 ἑτέρως
1041 1860 1220 1926 γένοιτο
1245 1859 1408 1930 σαφὴς
1438 1863 1513 1912 καὶ
1544 1859 1872 1927 εὐκρινεστάτη
1896 1887 1944 1911 20
1990 1852 1994 1903 ἶ

295 1944 377 2005 τῆς
402 1945 712 2006 πνευματικῆς
744 1943 936 2009 θεωρίας
962 1943 989 2007 ἡ
1015 1941 1288 2009 παράθεσις,
1314 1942 1379 2008 μὴ
1410 1942 1786 2011 παρενεχθέντων
1810 1946 1875 1997 εἰς
1990 1932 1993 1941 ’

295 2022 443 2087 μέσον
472 2028 567 2075 τῶν
603 2028 847 2091 ἱστορικῶς
874 2023 1153 2090 γεγονότων,
1180 2026 1291 2093 φέρε
1322 2027 1470 2077 πάλιν
1495 2027 1648 2076 αὐτῶν
1673 2025 1867 2091 ἐπιμνή-

295 2128 456 2169 σομαι.
521 2105 591 2157 ὅτι
616 2105 700 2170 μὲν
735 2107 816 2157 οὖν
853 2107 992 2161 πόλις
1023 2107 1050 2171 ἡ
1082 2107 1314 2173 Ἰεσράελ,
1343 2108 1737 2174 προαπήγγελκεν
1762 2109 1872 2172 ἡμῖν

296 2189 502 2254 ἐναργῶς
535 2189 559 2238 ὁ
595 2187 753 2254 λόγος,
779 2190 889 2239 ἀλλ’
919 2190 981 2243 ὡς
1017 2190 1066 2239 ἐκ
1099 2188 1282 2244 πόλεως
1312 2193 1393 2254 τῆς
1415 2190 1631 2257 Ἰεσράελ
1656 2191 1873 2255 σημαίνει
1986 2255 1989 2269 K

257 2268 378 2320 ετὸν
428 2272 691 2332 Ναβουθαί.
767 2271 911 2325 τύπος
971 2273 1009 2321 δ’
1056 2270 1114 2322 ἂν
1157 2272 1337 2336 γένοιτο
1387 2274 1462 2323 καὶ
1509 2271 1647 2326 αὐτὸς
1695 2275 1777 2336 τῆς
1826 2274 1874 2324 ἐν
1895 2291 1945 2330 25
1985 2287 1989 2351 f

297 2354 495 2421 Χριστῷ
546 2353 793 2417 νοουμένης
844 2354 1118 2417 οἰκονομίας·
1179 2354 1471 2419 ἑρμηνεύεται
1515 2353 1562 2405 δὲ
1603 2356 1678 2404 καὶ
1721 2353 1872 2419 αὐτὸς,

296 2433 592 2500 Ἐρχόμενος.
657 2435 849 2499 ὀνόματι
876 2435 923 2487 δὲ
948 2440 1014 2506 τῷ
1040 2440 1199 2505 τοιῷδε
1225 2435 1307 2487 τὸν
1323 2435 1631 2501 Ἐμμανουὴλ
1656 2438 1874 2501 σημαίνει
1984 2502 1987 2507 ⁴

1982 2529 1986 2549 Ι

1980 2591 1986 2679 3

297 2515 571 2570 πλειστάκις
608 2516 661 2568 τὸ
693 2516 890 2584 γράμμα
923 2516 977 2568 τὸ
1013 2516 1146 2584 ἱερόν.
1224 2518 1396 2584 ε’ίρηται
1428 2519 1513 2582 μὲν
1546 2520 1626 2570 οὖν
1649 2519 1768 2587 πρὸς
1791 2518 1875 2570 τὸν

77 2618 234 2651 Abac.fi.
297 2596 523 2662 μακάριον
556 2598 805 2668 προφήτην
840 2600 1126 2664 Ἀμβακούμ
1169 2599 1325 2652 “”Ετι
1363 2600 1541 2667 μικρὸν,
1570 2603 1595 2652 ὁ
1627 2600 1875 2669 ἐρχόμενος

78 2672 113 2736 {J
130 2662 226 2744 ἕξεί)
299 2684 326 2706 “
350 2677 449 2745 ἥξει
477 2682 550 2728 καὶ
589 2682 641 2730 οὐ
672 2683 888 2748 χρονιεῖ·”
931 2682 1115 2751 ψάλλει
1153 2683 1207 2733 δέ
1225 2706 1317 2734 που
1347 2685 1421 2734 καὶ
1452 2685 1477 2734 ὁ
1510 2686 1698 2747 Δαυεὶδ,
1725 2691 1752 2713 “
1773 2685 1871 2735 Εὐ·-
1895 2707 1946 2743 30

77 2749 238 2823 {gscxm
300 2767 330 2790 ‘⁶
355 2761 611 2826 λθγημένος
643 2764 667 2813 ὃ
702 2765 946 2833 ἐρχόμενος
985 2768 1033 2818 ἐν
1067 2767 1260 2830 ὀνόματι
1300 2767 1522 2834 Κυρίου·”
1563 2770 1639 2818 καὶ
1668 2767 1762 2832 μὴν
1801 2771 1876 2821 καὶ
1978 2777 1983 2850 ἑ

329 2906 378 2947 ι3.
404 2895 596 2951 δαιμονίων]
617 2897 779 2940 δαιμόνων
795 2900 830 2935 b.
927 2914 960 2948 9.
987 2903 1125 2947 ιἐσράελ
1140 2903 1198 2949 (ut
1217 2903 1259 2939 Β,
1273 2903 1437 2950 passim.)
1450 2902 1486 2937 b.
1582 2902 1635 2936 18.
1660 2901 1871 2949 γεγέννηται]

300 2941 357 2975 Slc
376 2941 409 2975 b.
427 2956 600 2987 γεγενηται
618 2944 708 2978 Edd.
750 2946 786 2997 'et'
803 2948 855 2981 καὶ
873 2947 938 2983 hoc
956 2949 1077 2984 ordine
1095 2950 1130 2985 b.
1324 2961 1379 2996 29·
1404 2947 1597 2994 ἇμβακόυμ]
1617 2949 1796 2992 ἀββακῡὺμ
1812 2950 1873 2985 iid-

298 2988 351 3022 καὶ
369 2995 447 3033 post
463 2990 582 3033 μικρὸν
598 2989 677 3025 add.
699 2991 730 3025 b.
748 2994 856 3029 lnvito
875 2995 916 3029 B.

1976 2926 1981 2954 ξ
