2021 3434
0 91 8 159 ι

0 241 1 248 ,

114 235 151 261 v.
179 233 275 270 1,,2.
541 222 614 262 IN
656 222 897 264 OSEAM.
959 222 1112 262 TOM.
1156 220 1242 261 III.
1614 216 1695 256 117

113 334 188 384 καὶ
238 332 651 400 ἐπαναγκάζοντος,
701 335 926 404 ὀξυτέραν
974 332 1077 385 τότε
1126 336 1321 384 ποιεῖται
1372 327 1457 393 τὴν
1500 328 1691 389 πτῆσιν,
1716 354 1737 378 e

114 416 280 466 οὐκοῦν
316 416 529 485 ἐξώκειλε
568 417 652 480 μὲν
688 418 713 468 ὁ
738 416 940 484 Ἰσραὴλ
973 412 1286 467 ἀπονενευκὼς
1316 415 1378 467 εἷς
1411 408 1698 469 ἀπόστασιν,

114 497 168 549 <rb
219 496 267 549 δὲ
308 498 505 565 γέγονας
550 501 675 569 αὐτῷ
716 498 936 568 σοῦ-τροφὴ
982 497 1235 566 πνεύματος
1277 501 1313 547 ἐν
1357 497 1458 548 ταῖς
1510 490 1696 560 πτέρυξι.

114 584 231 644 πῶς,
271 579 300 645 ὴ
335 582 438 632 τίνα
481 580 690 648 τρόπους
731 581 885 645 ἐπειδὴ
927 580 1021 647 γάρ
1062 602 1118 631 σε
1162 577 1371 630 τεθέαται
1411 574 1494 627 τὸν
1532 573 1598 625 ε”τι
1635 575 1702 642 τῷ

75 678 97 715 5
119 661 244 733 νόμῳ
269 664 728 729 παιδαγωγούμενον,
753 662 836 714 τὸν
867 667 933 732 τῷ
967 663 1073 731 θείῳ
1104 659 1463 727 προσιζήσαντα
1491 659 1599 726 ναῷ,
1627 657 1703 705 καὶ

117 743 202 799 τὰς
240 744 359 796 κατὰ
396 745 540 808 νόμον
577 752 803 797 τελοῦντα
841 746 1023 806 θυσίας,
1052 746 1351 812 ῥᾳθυμοῦντα
1382 743 1457 791 καὶ
1496 738 1700 790 ἀναπίπ-

119 849 275 889 τοντα,
316 828 390 878 καὶ
429 832 524 882 τοῖς
561 827 683 882 ’ίσοις
715 825 1126 891 πλημμελήμαο-ιν
1163 823 1445 891 ἐνεχόμενον,
1480 821 1705 890 ὀξυτέραν

120 908 375 972 ἐποιήσατο
415 907 500 973 τὴν
537 907 824 975 ἀποδρομήν.
889 906 1018 972 πλὴν
1062 911 1122 961 εἷς
1167 903 1398 972 αἰσχύνην
1436 902 1705 970 εὑρήσουσι,

122 992 197 1042 καὶ
222 993 447 1057 ἐντροπῆς
474 992 549 1041 καὶ
574 989 756 1053 ἀτιμίας
781 988 988 1058 πρόξενα
1014 987 1072 1040 τὰ
1098 987 1381 1057 θυσιαστήρια
1409 984 1562 1037 αὐτῶν.

58 1095 104 1120 10
198 1074 399 1135 Οὐκοῦν,
444 1071 555 1123 ὅταν
600 1076 642 1123 οἱ
681 1075 920 1125 δοκοῦντες
971 1069 1177 1132 ἑστάναι,
1218 1073 1375 1122 καλῶς
1409 1090 1458 1119 τε
1501 1068 1575 1117 καὶ
1622 1068 1703 1117 ἀν·
1729 1098 1751 1121 a

125 1154 425 1219 επιπλήκτως
444 1155 717 1223 ὀφείλοντες
737 1152 834 1219 ζῆν,
855 1153 1028 1220 νωθροί
1048 1176 1096 1204 τε
1124 1153 1199 1202 καὶ
1218 1150 1419 1220 ῥᾴθυμοι
1444 1152 1549 1217 περὶ
1572 1154 1710 1200 τοῦτο

125 1237 457 1304 εὑρισκώμεθα·
516 1241 707 1300 μᾶλλον
752 1235 799 1287 δὲ
844 1237 921 1286 καὶ
959 1237 1007 1286 ἐν
1051 1234 1142 1304 'logo
1183 1238 1279 1287 τοῖς
1323 1233 1492 1287 ἄλλοις
1535 1233 1712 1285 ἀθετεῖν

127 1320 349 1389 ᾑρημένοι
385 1318 438 1370 τὸ
474 1318 674 1369 ἁνδάνον
711 1321 778 1388 τῷ
813 1322 934 1387 Θεῷ,
969 1318 1072 1384 οὐχὶ
1110 1316 1281 1380 μόνους
1320 1313 1509 1369 ἑαυτοὺς
1547 1312 1711 1378 ἀδική-

129 1427 292 1470 σομεν,
318 1402 748 1472 προσαπολλύντες
783 1403 830 1455 δὲ
866 1405 940 1455 καὶ
977 1403 1171 1469 ἑτέρους,
1200 1404 1374 1466 διπλῆν
1401 1402 1717 1464 ὑπομενοῦμεν

65 1506 110 1544 15
129 1489 214 1553 τὴν
258 1486 472 1539 κόλασιν.
537 1487 641 1537 δέον
679 1485 773 1553 γὰρ
811 1489 1089 1553 προκεῖσθαι
1126 1490 1222 1538 τοῖς
1259 1483 1646 1549 πεπλανημένοις,
1687 1480 1716 1547 ἢ

131 1573 206 1622 καὶ
255 1570 342 1637 ζῆν
387 1570 469 1621 οὐκ
509 1569 752 1620 ἐθέλουσιν
796 1570 958 1635 ὀρθῶς,
1001 1572 1063 1621 εἰς
1101 1566 1254 1619 εἰκόνα
1294 1568 1368 1617 καὶ
1414 1566 1718 1618 ὑποτύπωσιν

132 1655 310 1720 ἀρετῆς,
330 1654 405 1703 καὶ
431 1651 706 1702 σκανδάλου
731 1650 990 1717 γεγόναμεν
1016 1648 1224 1718 ἀφορμή.
1269 1650 1318 1700 τί
1333 1649 1414 1699 οὖν
1434 1649 1459 1699 ὁ
1475 1646 1688 1714 Χριστὸς
1705 1669 1716 1709 ;
1736 1665 1762 1706 b

135 1742 161 1764 ‘⁶
179 1732 273 1789 “Os
298 1734 376 1785 ἐὰν
403 1735 707 1802 σκανδαλίσῃ
733 1734 813 1784 ἕνα
837 1737 931 1784 τῶν
956 1737 1133 1799 μικρῶν
1156 1730 1334 1783 τούτων
1359 1735 1454 1782 τῶν
1471 1728 1719 1782 πιστευόν-

136 1825 163 1847 “
187 1839 282 1868 των
324 1821 386 1871 εἷς
426 1815 515 1880 ἐμὲ,
551 1818 688 1885 φησὶ,
725 1814 955 1885 συμφέρει
996 1816 1133 1884 αὐτῷ,
1168 1814 1244 1865 ἵνα
1284 1816 1529 1881 κρεμασθῇ
1568 1811 1718 1876 μύλος

71 1918 118 1942 20
136 1906 163 1928 ‘⁶
191 1898 341 1952 ὀνικὸς
370 1900 474 1965 περὶ
504 1897 587 1949 τὸν
617 1897 858 1966 τράχηλον
892 1898 1047 1960 αὐτοῦ,
1072 1899 1147 1948 καὶ
1181 1897 1536 1963 καταποντισθῇ
1573 1896 1621 1946 ἐν
1653 1899 1719 1964 τῷ

139 1987 165 2011 “
188 1979 384 2046 πελάγει
410 1984 491 2045 τῆς
518 1980 815 2046 θαλάσσης.”

1791 1087 1846 1120 82
1868 1084 1923 1118 A.

1781 1740 1940 1771 SMatth.

1779 1784 1870 1815 xvfii.
1887 1783 1917 1815 6.

134 2198 367 2239 Ἀκούσατε
393 2200 524 2238 ταῦτα
552 2196 590 2239 οἱ
618 2195 757 2254 ἱερεῖς,
785 2197 852 2239 καί
890 2198 1118 2253 Προσέχετε
1155 2191 1272 2237 οἶκος
1292 2195 1480 2251 Ἰσραήλ,
1509 2194 1576 2234 καὶ
1604 2188 1719 2234 οἶκος
1740 2201 1841 2250 Κεφ,
1864 2196 1910 2240 ε’,

207 2284 280 2321 τοῦ
316 2284 524 2331 βασιλέως
561 2282 819 2339 ἑνωτίςεσθε,
846 2281 952 2325 διότι
990 2282 1097 2338 Πρὸς
1135 2282 1242 2329 ὑμᾶς
1279 2281 1368 2322 ἐστὶ
1405 2280 1452 2321 τὸ
1491 2276 1630 2336 κρῖμα,
1656 2280 1721 2320 ὅτι

210 2364 333 2411 nou-ic
360 2364 587 2411 ὲΓενύθΗτε
619 2369 669 2421 τῷ
702 2368 870 2425 σκοπιᾷ,
897 2365 964 2406 καὶ
990 2366 1050 2405 ὡς
1078 2364 1244 2405 δίκτυον
1271 2363 1552 2411 ἐκτεταμένον
1578 2362 1648 2404 ἐπὶ
1673 2363 1721 2404 τὸ
1741 2376 1762 2402 c

79 2457 126 2494 25
207 2448 453 2505 Ἰταβύριον,
480 2450 502 2491 ὃ
529 2448 567 2490 οἱ
593 2449 845 2506 ἀΓρεύοντε-ῑε
871 2450 947 2492 τὴν
975 2452 1107 2507 θήραν
1136 2451 1392 2491 κατὲΠΗΞαν.
1745 2469 1763 2493 2

222 2564 646 2631 Προκατῃτιάσατο
683 2565 764 2616 τὸν
797 2565 993 2628 Ἰούδαν,
1035 2568 1097 2619 ὡς
1137 2564 1399 2628 πνεύματος
1441 2560 1726 2630 συστροφὴν

146 2643 375 2710 γεγονότα
405 2649 471 2714 τῷ
495 2645 711 2712 Ἰσραὴλ,
737 2646 909 2712 κατάγε
943 2647 1025 2698 τὸν
1059 2646 1226 2713 ἀρτίως
1256 2646 1365 2710 ἡμῖν
1394 2643 1726 2712 προειρημένον

147 2724 335 2793 τρόπον·
376 2727 630 2792 μεθίστησι
675 2727 723 2778 δὲ
765 2728 933 2780 λοιπὸν
975 2728 1058 2780 τὸν
1108 2731 1190 2792 τῆς
1238 2727 1529 2797 ἐπιπλήξεως
1577 2726 1727 2794 λόγον

198 2910 230 2939 4.
256 2897 304 2931 ἔτι
321 2903 541 2941 assumptum
558 2909 599 2932 ex
619 2897 664 2932 D.
714 2897 838 2932 Statim
856 2900 902 2944 τῷ
919 2909 990 2932 om.
1010 2897 1055 2931 D.
1213 2907 1247 2943 5.
1270 2899 1316 2944 τῷ
1334 2904 1555 2943 assumptum
1572 2911 1612 2933 ex
1634 2899 1727 2934 B.D.

152 2944 184 2977 6.
211 2944 264 2977 καὶ
281 2944 505 2978 ἀντιπίπτοντα
522 2944 639 2979 omisit
655 2944 847 2979 Aubertus.
989 2945 1022 2979 8.
1048 2943 1258 2990 ἀποδρομὴν]
1279 2945 1469 2990 ἀναδρομὴν
1486 2947 1566 2989 (Sic)
1585 2958 1644 2991 per
1660 2958 1726 2980 ras.

152 3002 259 3024 manu
273 2990 347 3025 ead.
363 2997 401 3024 ut
413 2991 480 3025 vid.
498 2991 542 3025 D.
643 3003 694 3026 10.
713 3006 748 3025 τε
760 3003 830 3026 om.
846 2991 890 3026 D.
991 3003 1042 3026 12.
1060 2992 1285 3037 εὑρισκόμεθα
1297 2991 1389 3026 Edd.
1487 3004 1539 3037 14.
1552 2993 1666 3038 διττὴν
1681 2993 1727 3028 D.

159 3048 208 3081 ¹3·
236 3036 253 3080 ἦ
273 3044 491 3083 assumptum
509 3051 548 3072 ex
570 3038 615 3073 D.
807 3050 860 3083 23·
888 3037 986 3083 ὑμᾶς]
1008 3038 1090 3083 ἡμᾶς
1110 3038 1199 3074 Edd,
1219 3045 1296 3073 ante
1316 3039 1448 3085 Migne.

1786 2581 1893 2631 §upra

1786 2636 1829 2656 ιν.
1853 2636 1901 2666 ¹9·
