2021 3434
303 211 386 251 682
693 212 741 252 B.
786 212 1063 253 CYRILLI
1103 212 1482 253 ALEXANDR.
1768 226 1808 252 v.
1831 210 1870 249 6.

302 320 419 386 πρὸς
455 316 673 388 δήγματα.
706 321 755 372 δὲ
793 322 921 373 ὀκτώ.
988 322 1246 387 εὑρήσομεν
1275 321 1367 387 γὰρ
1399 323 1475 371 καὶ
1512 318 1618 374 τοὺς
1655 321 1702 370 ἐν
1729 321 1873 387 καιρῷ

302 408 387 453 τοῦ
427 400 570 465 νόμου
607 401 860 468 γεγονότας
899 403 1071 469 ἁγίους,
1103 404 1181 458 οὓς
1219 402 1340 455 ἐπτέι
1377 401 1591 471 ποιμένοις
1629 403 1764 469 φησὶ,
1799 402 1874 450 καὶ

302 484 420 549 πρός
457 507 510 550 γε
550 484 606 548 δὴ
643 484 821 539 τούτοις
846 484 1177 540 Ἀποστόλους
1211 509 1260 537 τε
1298 488 1373 536 καὶ
1400 482 1774 550 Εὐαγγελιστὰς,
1800 483 1874 532 καὶ

301 564 408 619 τοὺς
443 570 537 616 τῶν
573 567 836 630 ἐκκλησιῶν
875 566 993 618 κατὰ
1037 567 1219 635 καιροὺς
1254 566 1581 628 διδασκάλους,
1614 566 1682 616 ἀεὶ
1724 571 1872 616 πολε·

302 653 503 711 μοῦντας
533 651 608 699 καὶ
635 648 978 713 ἀνθεστηκότας
1009 654 1200 714 γενικῶς
1237 653 1336 703 ταῖς
1367 653 1461 699 τῶν
1495 646 1725 710 δαιμόνων
1757 644 1876 697 ἀπά-
1896 663 1918 701 5
1977 673 1981 677 ’

303 753 416 793 ταις,
443 731 518 781 καὶ
551 735 650 784 ταῖς
682 737 764 782 τοῦ
802 736 1007 797 πονηροῦ
1045 732 1348 798 δυστροπίαις
1385 730 1470 795 τὴν
1507 729 1676 781 οἰκείαν
1712 728 1875 794 ὥσπερ

302 815 643 884 ἀντεξάγοντας
683 819 845 885 νῆψιν.
915 817 1212 883 ἀνασώζουσι
1249 815 1343 882 γὰρ
1379 815 1485 869 τοὺς
1522 814 1607 880 τὴν
1638 813 1775 880 ἁγίαν
1805 817 1874 864 οἰ-

263 920 285 945 o
306 903 500 951 κοῦντας
543 899 703 965 χώραν
742 921 792 949 τε
836 900 909 949 καὶ
954 901 1058 965 γῆν,
1103 900 1363 953 νουθεσίαις
1405 895 1764 966 ἀνατειχίζοντες
1804 897 1879 946 καὶ

305 984 406 1034 ταῖς
444 985 506 1034 εἰς
544 985 639 1032 πᾶν
678 982 832 1032 ὁτιοῦν
862 985 955 1031 τῶν
989 982 1196 1047 ἀρίστων
1232 982 1570 1046 παιδαγωγίαις
1608 976 1874 1046 ἀσφαλιζό-

305 1085 450 1126 μενοι.
516 1062 586 1114 ὅτι
631 1062 679 1114 δὲ
730 1063 927 1126 ἔμελλεν
971 1064 996 1113 ὁ
1040 1068 1134 1114 τῶν
1185 1064 1332 1129 ἁγίων
1382 1061 1520 1130 χορὸς
1564 1058 1880 1121 ἐπιβουλεύειν
1903 1081 1952 1107 10

306 1145 482 1212 τρόπον
507 1145 610 1196 τινὰ
642 1150 708 1214 τῷ
733 1149 930 1214 σατανᾷ,
957 1148 1032 1196 καὶ
1058 1150 1232 1210 νοητῶς
1257 1144 1398 1196 αὐτὸν
1424 1142 1628 1211 δήγμασι
1655 1145 1880 1203 δαπανᾶν,

307 1227 518 1297 διεσάφει
553 1230 628 1278 καὶ
662 1226 808 1278 πάλιν
834 1228 954 1281 Θεὸς
980 1227 1053 1278 διὰ
1080 1230 1238 1296 φωνῆς
1270 1228 1405 1292 ἁγίου
1430 1226 1584 1292 λέγων
1610 1226 1714 1291 περὶ
1740 1224 1882 1274 αὐτοῦ

80 1319 185 1350 Aba&
199 1319 231 1350 ‘1³-
309 1318 335 1340 “
363 1311 485 1361 Οὐαὶ
524 1311 549 1360 ὀ
588 1309 842 1374 πληθύνων
873 1311 1019 1379 ἑαυτῷ
1057 1308 1116 1360 τὰ
1153 1310 1235 1360 οὐκ
1274 1308 1387 1360 ὄντα
1425 1308 1579 1370 αὐτοῦ,
1606 1307 1690 1360 ἕως
1728 1306 1880 1366 τίνος;

307 1400 334 1422 “
361 1394 436 1443 καὶ
485 1392 704 1457 βαρύνων
745 1391 827 1442 τὸν
868 1390 1028 1442 κλοιὸν
1073 1393 1213 1442 αὑτοῦ
1251 1395 1504 1457 στιβαρῶς,
1550 1389 1620 1441 ὅτι
1659 1389 1884 1458 ἐξαίφνης

308 1482 334 1504 “
361 1473 713 1538 ἀναστήσονται
768 1477 810 1524 οἱ
866 1472 1110 1527 δάκνοντες
1167 1472 1306 1524 αὐτὸν
1365 1475 1440 1523 καὶ
1496 1471 1786 1540 ἐκνήψουσιν
1841 1473 1965 1521 0215-

308 1563 335 1587 ‘⁶
362 1557 609 1617 ἐπίβουλοί
654 1579 763 1619 σου,
816 1558 891 1607 καὶ
939 1556 1026 1624 ἔσῃ
1067 1559 1128 1609 εἷς
1170 1554 1434 1622 διαρπαγὴν
1482 1555 1649 1617 αὐτοῖς,
1699 1553 1770 1604 ὅτι
1819 1552 1884 1604 σὺ

259 1646 287 1687 d
310 1646 336 1669 “
362 1638 657 1693 ἐσκύλευσας
688 1638 797 1703 ε”θνη
831 1637 1009 1699 πολλὰ,
1035 1637 1364 1689 σκυλεύσουσί
1397 1661 1455 1688 σε
1485 1637 1654 1690 πάντες
1689 1630 1731 1687 οἳ
1766 1637 1881 1687 ὑπο-

310 1729 336 1751 “
361 1721 654 1785 λελειμμένοι
694 1720 841 1773 λαοί.”
901 1720 1078 1773 ἀκούεις
1110 1719 1180 1771 ὅτι
1205 1719 1656 1787 καταδηχθήσεσθαί
1681 1741 1730 1769 τε
1763 1721 1885 1787 φησὶ

309 1806 384 1854 καὶ
435 1802 852 1868 σκυλευθήσεσθαι
894 1801 977 1855 τὸν
1016 1803 1319 1867 πληθύνοντα
1363 1803 1510 1872 ἑαυτῷ
1552 1800 1611 1853 τὰ
1652 1803 1735 1852 οὐκ
1774 1800 1886 1852 ὅντα

308 1887 462 1948 αὑτοῦ,
503 1886 732 1948 τουτέστι,
782 1885 864 1937 τὸν
915 1890 1163 1946 σατανᾶν;
1228 1883 1324 1936 εἶτα
1373 1883 1480 1938 τοὺς
1530 1883 1887 1937 σκυλεύσαντας
1907 1905 1996 1932 20.

308 1966 448 2019 αὐτὸν
479 1967 692 2035 ὀνομάζει
723 1966 829 2022 τοὺς
862 1967 1294 2031 ὑπολελειμμένους,
1320 1966 1550 2030 τουτέστι,
1576 1965 1684 2021 τοὺς
1716 1967 1766 2017 ἐκ
1803 1971 1887 2018 τοῦ
1994 1965 1995 1973 ¹

306 2051 682 2114 καταλείμματος
713 2050 815 2114 ἤτοι
841 2049 948 2104 τοὺς
980 2050 1037 2119 ἐξ
1057 2050 1246 2110 Ἰακώβ.
1309 2050 1417 2100 ἀλλ’
1447 2052 1484 2099 εἱ
1517 2049 1598 2100 καί
1625 2072 1694 2103 τις
1719 2048 1884 2100 Ἀσσύ-

306 2157 388 2203 ριος
427 2131 581 2208 ἐπέλθῃ
621 2135 761 2202 φησί,
794 2132 1049 2196 τουτέστιν,
1081 2132 1197 2198 ἀνὴρ
1235 2132 1498 2201 ἑτερόφρων
1528 2134 1603 2182 καὶ
1640 2137 1884 2196 πεπλανη-

307 2214 455 2278 μένος,
473 2218 547 2266 καὶ
573 2215 657 2279 τὴν
683 2220 744 2270 εἷς
770 2215 878 2266 εὐθὺ
904 2215 1187 2266 διάττουσαν
1209 2215 1374 2266 πίστιν
1400 2216 1482 2265 οὐκ
1508 2214 1641 2281 ἔχων,
1662 2214 1888 2282 χωλεύων

309 2295 357 2347 δὲ
383 2295 545 2363 ὥσπερ
578 2301 653 2348 καὶ
688 2297 1006 2362 κεκλασμένος
1040 2296 1122 2348 τὸν
1149 2302 1270 2360 νοῦν,
1296 2298 1608 2348 ἀντανιστᾶσι
1638 2299 1714 2348 καὶ
1737 2297 1887 2367 τούτῳ
1907 2320 1955 2360 25
2015 2333 2021 2358 ς

309 2382 392 2443 τῆς
423 2381 642 2444 ἀληθείας
673 2380 758 2444 τὴν
784 2380 978 2444 δύναμιν
1005 2380 1078 2430 καὶ
1109 2382 1192 2444 τῆς
1218 2381 1265 2430 ἐν
1291 2380 1415 2448 αὐτῷ
1442 2378 1737 2446 σαθρότητος
1763 2383 1882 2431 δεικ-

360 2552 389 2575 Ι.
417 2539 467 2586 ἐν]
492 2546 528 2581 -1-
549 2543 595 2586 τῷ
616 2540 658 2574 Β.
848 2553 880 2583 4.
906 2540 988 2574 κατὰ
1006 2541 1119 2584 καιρὸν
1136 2539 1217 2574 A.b.
1407 2549 1439 2583 5.
1465 2544 1603 2585 γενικῶς
1621 2539 1662 2574 Β.
1681 2543 1836 2586 γεννικῶς
1853 2540 1888 2575 b.

308 2587 465 2633 γενναίως
483 2588 524 2621 Α.
545 2587 636 2621 Edd.
686 2587 864 2632 δαιμονίων
880 2587 962 2621 A.b.
1175 2587 1209 2621 8.
1236 2586 1333 2621 Haec
1350 2587 1538 2622 νουθεσίαις
1555 2587 1817 2633 ἀνατειχίζοντες
1834 2588 1889 2622 καὶ

309 2641 531 2669 accesserunt
548 2646 589 2668 ex
608 2635 652 2669 A.
819 2646 853 2680 9.
879 2635 966 2669 ἅπαν
984 2633 1076 2668 Edd.
1092 2634 1209 2668 invitis
1228 2634 1317 2668 A.B.
1477 2645 1531 2668 11.
1557 2638 1681 2678 νοητῶς
1698 2635 1741 2668 Α.
1759 2636 1889 2678 νοητοῖς

313 2681 404 2715 Edd.
765 2692 817 2716 12.
844 2682 1031 2725 διεσάφηκε
1049 2693 1111 2726 pro
1128 2681 1286 2726 διεσάφει
1305 2681 1358 2714 καὶ
1376 2679 1466 2726 (Sic)
1483 2681 1528 2715 A.
1579 2681 1702 2715 Statim
1719 2681 1826 2715 πάλαι
1842 2681 1888 2716 Α.

314 2739 366 2773 13.
391 2727 516 2774 ἑαυτῷ]
536 2728 624 2774 αὐτῷ
645 2727 735 2762 Edd.
840 2739 892 2771 14.
918 2728 1028 2772 πηλὸν
1045 2739 1108 2772 pro
1123 2728 1237 2762 κλοιὸν
1253 2727 1312 2762 ild.
1412 2737 1465 2772 15.
1491 2728 1544 2761 καὶ
1561 2734 1641 2762 ante
1657 2727 1708 2761 ὅτι
1727 2728 1889 2772 ἐξαιφνὴς

311 2781 443 2819 transp.
461 2775 522 2809 iid.
723 2784 776 2820 17.
802 2774 1071 2819 ε’πιλελειμμένοι
1088 2775 1132 2809 Α.
1334 2775 1386 2809 18.
1412 2773 1728 2820 καταδεχθὴσεσθαί
1745 2774 1825 2818 (Sic)
1843 2776 1888 2810 A.

313 2822 438 2855 Statim
456 2836 493 2855 τε
511 2827 735 2866 assumptum
752 2834 792 2855 ex
810 2823 852 2855 A.
1011 2833 1063 2866 19.
1088 2823 1193 2867 ἑαυτῷ
1211 2833 1281 2855 om.
1299 2821 1343 2856 A.
1498 2832 1554 2855 21.
1579 2820 1735 2855 τουτέστι
1752 2832 1822 2855 om.
1841 2822 1887 2855 A.

314 2867 411 2901 Haec
430 2869 465 2902 ἐκ
482 2871 541 2902 τοῦ
561 2871 679 2902 καταλ.
699 2871 770 2913 ἤτοι
787 2869 864 2904 τοὺς
881 2875 1101 2903 accesserunt
1118 2880 1159 2902 ex
1177 2868 1220 2902 A.
1404 2878 1459 2901 22.
1484 2866 1686 2913 Ἀσσύριος]
1709 2872 1746 2908 -Ι-
1768 2868 1888 2912 αἰσθη-

310 2915 365 2949 τὸς
383 2916 425 2948 Α.
522 2926 577 2960 23.
603 2916 693 2960 φησὶ
716 2915 754 2950 Β.
772 2916 844 2950 τισὶ
863 2915 954 2949 Edd.
1067 2924 1122 2959 25.
1148 2915 1368 2949 ἀντανιστᾶσι
1385 2915 1438 2948 καὶ
1454 2929 1486 2948 τ.
1503 2916 1562 2958 τῆς
1578 2915 1632 2949 ἀλ.
1651 2915 1710 2958 τὴν
1725 2914 1880 2960 δύναμιν]

311 2961 547 2995 ἀντανίσταται
564 2977 595 2995 τ.
613 2964 671 3006 τῆς
687 2962 786 3006 ἇληθ.
805 2962 823 3005 ἡ
843 2961 978 3006 δύναμις
996 2962 1039 2995 A.
1057 2964 1116 3005 τῆς
1131 2961 1187 2995 ἀλ.
1206 2962 1265 3005 τὴν
1281 2961 1347 2996 hoc
1365 2961 1486 2995 ordine
1505 2961 1546 2995 B.
1714 2961 1769 2995 26.
1791 2961 1887 2996 Haec

313 3008 365 3040 καὶ
381 3012 438 3050 τῆς
456 3008 490 3041 ἐν
508 3009 880 3054 αὐτῷ-ἆποσοβοῡσιν
897 3015 1117 3043 accesserunt
1134 3020 1175 3042 ex
1194 3009 1237 3043 Α.
