2021 3434
150 207 192 249 ii.
214 224 251 263 9.
552 211 625 251 IN
667 211 1054 252 MICHAEAM.
1115 210 1265 252 TOM.
1298 210 1335 251 Ι.
1644 208 1722 247 635

148 318 408 385 φιάσαντες
431 321 478 372 δὲ
503 320 665 389 ὥσπερ
696 325 780 385 τῆς
811 322 918 387 παρ’
947 323 1058 384 ἐμοῦ
1084 321 1331 389 φροντίδος
1354 321 1428 370 καὶ
1453 318 1726 382 ἐπικουρίας,

148 401 326 464 εὐπαθῆ
352 405 428 453 καὶ
460 404 691 454 εὐάλωτον
719 402 1094 455 ἀποτετελέκασι.
1146 401 1410 468 παρῄρηται
1444 399 1537 466 γὰρ
1575 400 1727 449 αὐτῶν

147 481 264 545 ἡεὶς
296 483 420 534 Θεὸν
455 485 601 548 ἐλπὶς,
632 492 769 536 τοῦτο
807 485 855 536 δὲ
893 484 949 550 ἦν
987 485 1139 537 αὐτοῖς
1168 489 1250 534 τοῦ
1284 481 1482 550 πολέμου
1521 480 1574 532 τὸ
1607 481 1724 531 σύν-

147 586 339 629 τριμμα.
430 564 593 633 ὥσπερ
645 566 738 633 γὰρ
794 572 889 620 τοῖς
942 565 1134 632 ἀλόγοις
1185 569 1279 616 τῶν
1328 563 1457 633 ζῴων
1507 561 1728 632 ἀσφαλὲς

104 647 324 715 5ἀμφίον
364 647 392 711 ἡ
440 644 560 715 δορα·
616 651 782 716 κομιδῇ
827 646 919 714 γὰρ
960 648 1153 702 εὐπαθὲς
1193 646 1247 697 τὸ
1293 645 1471 712 γυμνὸν
1509 646 1722 712 σαρκίον·

146 728 267 778 οὕτω
316 731 391 779 καὶ
438 730 548 794 ἡμῖν
590 732 743 783 αὐτοῖς
794 729 1013 797 ἀσφαλὲς
1063 730 1338 795 περίβλημα
1380 730 1454 778 καὶ
1506 725 1607 796 δοραὶ
1656 749 1727 780 τις

144 807 319 876 ὥσπερ,
355 813 438 874 τῆς
482 815 544 865 εἷς
583 810 707 862 Θεὸν
744 813 934 864 ἐλπίδος
973 813 1000 875 ἡ
1040 810 1246 874 δύναμις,
1284 808 1343 873 ἣν
1377 809 1502 876 ε’ίπερ
1542 809 1726 876 ἔχοιμεν

145 892 244 942 κατ’
272 893 433 943 οὐδένα
467 893 642 960 τρόπον
677 899 932 947 λυποῦντες
960 891 1099 955 Θεὸν,
1135 890 1599 957 κατευμεγεθήσομεν
1632 895 1726 941 τῶν
1744 897 1769 937 b

145 976 338 1042 ἐχθρῶν,
372 980 448 1028 καὶ
484 976 796 1044 περιεσόμεθα
831 976 914 1041 μὲν
951 976 1162 1039 πολέμου
1199 974 1374 1029 παντὸς
1411 981 1638 1040 σαρκικοῦ
1677 996 1727 1025 τε

999 1061 1013 1077 X

80 1079 128 1104 10
147 1059 220 1108 καὶ
258 1065 438 1122 νοητοῦ·
481 1060 804 1124 ἐπιβησόμεθα
850 1059 898 1110 δὲ
939 1081 1016 1109 και
1059 1065 1086 1087 ‘⁶
1105 1060 1217 1109 Ἐπὶ
1256 1057 1435 1108 ἀσπίδα
1471 1059 1545 1107 καὶ
1583 1062 1727 1118 βασι-
1788 1071 1910 1102 Psam-

38 1141 43 1143 ³
147 1146 174 1169 ‘⁶
199 1141 386 1199 λίσκον,
426 1144 501 1192 καὶ
540 1140 936 1205 καταπατήσομεν
974 1141 1143 1191 λέοντα
1186 1142 1261 1190 καὶ
1300 1139 1570 1205 δράκοντα,”
1609 1137 1727 1189 κατὰ
1791 1124 1839 1153 ¹3⁸

145 1221 199 1272 τὸ
249 1224 585 1290 γεγραμμένον·
652 1221 992 1292 ἀναμέλψομεν
1041 1222 1089 1273 δὲ
1136 1220 1408 1274 πεποιθότες
1460 1228 1487 1250 “
1510 1219 1652 1287 Κύριε
1702 1221 1727 1271 ὁ
1787 1229 1899 1302 11Ξῖ

146 1311 173 1333 “
197 1303 319 1358 Θεὸς
361 1310 455 1356 τῶν
497 1304 750 1370 δυνάμεων,
795 1303 1018 1372 μακάριος
1063 1304 1307 1371 ἅνθρωπος
1346 1304 1372 1353 ὁ
1411 1302 1611 1369 ἐλπίζων
1653 1304 1727 1354 ἐπὶ
1792 1285 1911 1355 ἷὲ·ᾘ11’

147 1393 172 1416 66
251 1387 265 1404 Ι
276 1386 302 1402 2,

197 1410 271 1438 σε.

80 1628 125 1666 15
145 1619 224 1661 Διὰ
261 1624 388 1663 τοῦτο
425 1621 652 1670 ἡΓούμενοι
693 1625 798 1662 λαοῦ
838 1636 917 1669 μου
961 1620 1337 1677 ἀποῤῥιφύσονται
1374 1619 1421 1659 ἐκ
1465 1619 1550 1659 τῶν
1590 1615 1766 1671 οἷ’κων9

212 1708 378 1761 τρυφῆς
425 1705 581 1756 αὐτῶν,
630 1705 697 1748 διὰ
747 1705 797 1746 τὰ
846 1704 1013 1761 ΠονΗρὰ
1062 1703 1380 1752 ἐπιτΗὸεύματα
1428 1703 1568 1744 αὐτῶν
1617 1701 1764 1746 ἐξω-ο

213 1796 386 1829 σθΗσαν.

217 1911 409 1977 Ἐπειδὴ
447 1912 554 1980 γὰρ,
588 1916 751 1981 φησὶν,
784 1916 825 1964 οἱ
859 1917 958 1966 ταῖς
989 1910 1272 1976 εἶσηγήσεσι
1307 1911 1382 1961 καὶ
1420 1913 1520 1963 ταῖς
1559 1913 1719 1960 νουθε-

144 1994 269 2049 σίαις
307 1998 508 2063 ὠφελεῖν
541 1995 784 2059 δυνάμενοι
821 1994 927 2048 τοὺς
966 1993 1336 2060 ὑπεζευγμένους,
1369 1994 1412 2042 οἱ
1444 1993 1726 2060 χειραγωγοὶ

77 2104 127 2129 20
146 2079 220 2129 καὶ
265 2079 470 2145 πατέρες,
515 2080 558 2129 οἱ
600 2077 812 2142 ποιμένες
858 2078 934 2127 καὶ
981 2074 1229 2127 ἐπιστάται
1269 2074 1355 2138 τὴν
1398 2072 1540 2139 δορὰν
1581 2074 1724 2123 αὐτοῦ

145 2157 389 2227 ἐξέδειραν,
425 2163 499 2211 καὶ
541 2160 798 2230 ἀφείλαντο
841 2157 925 2223 τὴν
967 2159 1135 2209 ἐλπίδα
1178 2156 1264 2221 τὴν
1299 2160 1360 2209 εἷς
1399 2153 1537 2217 Θεὸν,
1577 2155 1630 2205 δι’
1669 2154 1724 2218 ἧς
1786 2177 1891 2218 Supra
1907 2189 1935 2209 a.

144 2246 339 2296 εὔκολον
372 2244 429 2310 ἧν
461 2244 616 2297 πάντα
650 2244 990 2311 συντρίβεσθαι
1028 2242 1251 2305 πόλεμον,
1279 2240 1497 2308 ταύτῃτοι
1537 2239 1723 2293 δικαίως

144 2327 203 2378 τὰ
236 2327 351 2379 οἴκοι
387 2327 599 2392 μεθέντες
636 2326 806 2392 ἀγαθὰ,
839 2328 913 2376 καὶ
948 2329 1042 2376 τῶν
1073 2323 1143 2375 ὅτι
1179 2323 1393 2386 μάλιστα
1432 2319 1724 2391 φιλαιτοίτων

144 2411 453 2476 ἐστερημένοι,
495 2409 706 2478 τέρψεως
753 2431 801 2460 τε
846 2410 920 2459 καὶ
972 2406 1132 2476 τρυφῆς
1182 2402 1585 2468 ἀπωλισθηκότες,
1628 2409 1721 2464 βα-

77 2507 124 2545 25
145 2495 346 2542 διοῦνται
389 2491 506 2559 πρὸς
544 2490 751 2559 ἐχθροὺς,
795 2492 871 2541 καὶ
909 2487 1100 2555 πικροὺς
1140 2490 1221 2551 τῆς
1263 2487 1491 2556 ῥᾳθυμίας
1528 2487 1604 2536 καὶ
1641 2488 1723 2549 τῆς
1741 2498 1769 2538 d

14 2566 15 2570 ¹
144 2575 440 2641 φαυλότητος
483 2574 766 2625 ἀποτίσουσι
818 2570 1003 2637 λόγους.
1081 2569 1150 2620 ὅτι
1198 2568 1247 2620 δὲ
1291 2573 1373 2618 τοῦ
1423 2571 1588 2619 παθεῖν
1637 2568 1724 2634 οὐχ

144 2655 296 2721 ἕτερός
327 2679 396 2711 τις
426 2657 594 2718 αὐτοῖς,
622 2656 750 2706 αὐτοὶ
785 2654 832 2705 δὲ
868 2651 1056 2716 μᾶλλόν
1086 2656 1261 2720 σφισιν
1287 2651 1442 2704 αὐτοῖς
1466 2649 1722 2716 γεγόνασιν

194 2837 224 2861 1.
248 2826 305 2870 τῆς
323 2838 392 2861 om.
411 2827 455 2861 A.
699 2825 732 2859 6.
756 2825 951 2869 περίβλημα
968 2824 1011 2857 Α.
1031 2821 1201 2866 ἐπίβλημα
1220 2822 1312 2857 Edd.
1561 2833 1614 2856 ΙΙ.
1639 2823 1720 2856 κατὰ

144 2874 182 2908 τὸ
199 2874 429 2919 γεγραμμένον
446 2885 515 2907 om.
536 2873 577 2907 B.
863 2871 914 2904 16.
942 2871 1049 2904 αὐτῶν
1066 2869 1308 2913 ἐπιτηδεύματα
1325 2881 1388 2914 pro
1406 2868 1533 2911 ἐπιτηδ.
1552 2869 1659 2902 αὐτῶν
1675 2869 1718 2904 Α.

149 2932 201 2966 19.
226 2921 367 2965 ὑφελεῖν
385 2920 475 2954 Edd.
524 2921 578 2954 καὶ
595 2930 658 2963 pro
676 2919 708 2952 οἱ
726 2919 769 2952 Α.
959 2928 1013 2950 20.
1039 2917 1147 2950 αὐτῶν
1164 2916 1207 2950 Α.
1390 2927 1446 2949 21.
1472 2915 1658 2961 ἀφείλαντο
1675 2916 1720 2951 Α.

144 2967 330 3012 ἀφείλοντο
344 2967 435 3001 Edd.
449 2967 625 3012 ἀφεικότες
639 2977 701 3010 pro
713 2965 764 2999 καὶ
778 2964 893 3008 ἀφείλ.
909 2963 950 2999 B.
1003 2963 1125 2997 Statim
1140 2963 1199 3007 τὴν
1212 2962 1521 2997 ἐλπίδα-εὔκολον
1537 2961 1576 3005 ἧν
1591 2974 1659 2997 om.
1678 2964 1719 2997 A.

148 3025 201 3048 22.
219 3015 358 3049 εὔκολον
378 3014 418 3049 Β.
435 3014 583 3048 εὐκόλως
601 3011 692 3047 Edd.
789 3022 843 3056 23.
864 3011 917 3044 καὶ
934 3016 1156 3056 assumptum
1173 3022 1214 3044 ex
1231 3011 1275 3044 A.
1374 3021 1428 3052 24.
1446 3009 1600 3055 τέρψεών
1617 3010 1659 3044 Α.

898 3081 1024 3120 4Μ2
