2021 3434
293 210 347 248 633
692 211 739 251 Β.
783 210 1060 250 ΟΪΒΙΙᾹᾹ
1102 211 1484 252 ALEXANDR.
1734 211 1864 263 ii.15.

290 318 438 388 Ἀχωρ
494 317 703 389 οὒιιινοῖξοιι
755 321 916 371 σύνεσιν
966 321 1114 381 αὐτῆς.
1201 324 1274 372 καὶ
1327 320 1352 372 ὃ
1401 322 1623 382 βούλεται
1675 326 1865 387 δηλοῦν,

291 401 393 451 ἔστι
424 408 619 452 τοιοῦτο·
661 403 788 465 ἡμεῖς
827 405 868 452 οἱ
901 403 1262 457 πεπιστευκότες
1293 404 1598 455 ὑποτύπωσίν
1631 427 1735 455 τινα
1771 408 1866 455 τῶν

290 483 532 548 πρακτέων
569 483 627 534 τὰ
665 489 760 538 τοῖς
793 485 1001 552 ἀρχαίοις
1031 485 1370 550 συμβεβηκότα
1395 490 1629 538 ποιεῖσθαι
1654 484 1865 537 σπουδά-

290 564 453 629 ζοντες,
474 565 821 631 παραιτούμεθα
840 566 924 630 μὲν
944 569 1005 622 ὡς
1024 567 1220 634 ὀλέθρου
1239 568 1466 637 πρόξενον
1485 568 1538 619 τὸ
1558 567 1867 636 προσκρούειν

291 649 412 714 Θεῷ·
453 646 676 713 ζητοῦμεν
701 649 749 698 δὲ
774 654 965 712 μᾶλλον
999 652 1075 700 καὶ
1110 648 1184 701 διὰ
1218 651 1466 718 φροντίδος
1495 649 1787 715 πεποιήμεθα
1811 648 1864 700 τὸ
1885 665 1906 702 5

289 729 612 794 ἀποπεραίνειν
655 729 710 781 τὸ
755 731 954 782 ἁνδάνον
996 733 1134 802 αὐτῷ.
1221 733 1468 799 προτρέπει
1511 732 1605 799 γὰρ
1643 733 1763 797 ἡμᾶς
1805 735 1867 785 εἷς

66 812 176 883 13¹3?-
289 815 426 861 τοῦτο
465 813 540 861 καὶ
585 814 610 862 ὁ
650 814 933 882 σοφώτατος
973 818 1180 877 Παῦλος,
1217 816 1336 866 οὕτω
1374 814 1530 880 λέγων
1568 822 1595 844 “
1616 818 1781 866 Ταῦτα
1818 814 1867 865 δὲ

79 903 134 937 47
157 902 205 935 A·
249 899 316 935 ἃς(
340 898 541 948 τυπικῶς
579 896 854 956 συνέβαινεν
887 897 1089 951 ἐκείνοις·
1145 896 1330 966 ἐγράφη
1372 897 1419 948 δὲ
1462 896 1579 964 πρὸς
1619 897 1866 948 νουθεσίαν

289 981 315 1002 “
342 973 487 1039 ἡμῶν,
511 980 572 1030 εἷς
607 977 685 1031 οῦς
720 977 778 1028 τὰ
812 978 926 1043 τέλη
960 983 1055 1030 τῶν
1089 978 1267 1030 αἰώνων
1300 979 1630 1044 κατήντησεν.”
1694 977 1865 1046 τρόπος

288 1058 369 1107 οὖν
393 1058 483 1124 ἄρα
506 1061 829 1126 παιδαγωγίας
855 1065 917 1114 εἷς
943 1060 1125 1128 ἀρετὴν,
1150 1061 1203 1113 τὸ
1239 1065 1331 1113 δεῖν
1366 1062 1546 1114 οἴεσθαι
1577 1066 1782 1128 καθορᾶν
1807 1061 1865 1112 τὰ
1889 1086 1934 1111 10

286 1144 381 1194 τοῖς
408 1142 720 1208 ἀρχαιοτέροις
745 1143 1097 1208 συμβεβηκότα.

354 1221 469 1274 ΓΌτι
506 1225 660 1275 τοίνυν
702 1228 744 1276 οἱ
787 1226 987 1280 ἀπειθεῖς
1028 1229 1104 1277 καὶ
1140 1226 1330 1295 ἐξήνιοι,
1369 1230 1444 1278 καὶ
1483 1231 1577 1278 τῶν
1618 1225 1753 1277 θείων
1786 1227 1858 1276 ε’ν-

287 1304 543 1368 ταλμάτων
583 1311 947 1375 καταφρονηταὶ,
983 1312 1105 1376 δεινῇ
1146 1311 1220 1360 καὶ
1266 1310 1462 1379 ἀφύκτῳ
1501 1314 1864 1375 περιπεσοῦνται

288 1388 404 1454 δίκῃ,
449 1389 685 1454 κρίνοντος
728 1395 810 1441 τοῦ
854 1394 1085 1458 Χριστοῦ,
1136 1392 1453 1461 παραδείξειεν
1504 1390 1575 1454 ἂν,
1616 1393 1691 1442 καὶ
1731 1390 1864 1453 μάλα

286 1470 470 1538 ῥᾳδίως,
500 1472 562 1523 ὡς
598 1471 646 1522 ἔν
677 1495 732 1538 γε
765 1478 858 1527 τοῖς
893 1473 1066 1535 τύποις,
1094 1473 1154 1525 τὰ
1184 1476 1258 1525 ε’πὶ
1283 1473 1528 1544 τῲ”Αχαρ
1558 1472 1865 1539 πεπραγμένα
1887 1494 1932 1532 15
1979 1476 1991 1528 ,’

286 1551 405 1602 κατὰ
430 1552 628 1620 καιροὺς,
655 1553 704 1608 ὃς
738 1558 820 1619 τῆς
855 1556 978 1610 θείας
1010 1555 1259 1621 ἀλογήσας
1290 1559 1495 1621 ἐντολῆς,
1522 1558 1596 1607 καὶ
1623 1554 1865 1623 κεκλοφὼς

286 1636 335 1684 ἐκ
371 1640 454 1685 τοῦ
499 1636 807 1701 ἀναθήματος,
852 1638 1158 1704 τετιμώρηται
1205 1641 1401 1701 πανοικὶ,
1447 1638 1613 1703 ποινὴν
1656 1638 1858 1704 ἐπαρτή-

242 1728 269 1768 b
285 1739 460 1771 σαντος
485 1717 570 1782 τὴν
594 1719 802 1786 ἐσχάτην
825 1721 950 1789 αὐτῷ
974 1722 1135 1785 Ἰησοῦ
1162 1727 1244 1772 τοῦ
1270 1725 1422 1786 Ναυῆ,
1439 1721 1524 1786 τὴν
1549 1727 1630 1772 τοῦ
1649 1724 1864 1787 Χριστοῦ

284 1805 577 1865 πληροῦντος
615 1800 782 1852 εἰκόνα.
848 1803 1176 1869 ἐστρατήγησε
1221 1803 1315 1870 γὰρ
1359 1803 1475 1867 μετὰ
1522 1804 1750 1866 Μωυσέα,
1790 1826 1865 1854 και

285 1881 423 1935 αὐτὸς
450 1883 693 1944 διεβίβασε
719 1883 802 1935 τὸν
825 1884 1066 1951 Ἰορδάνην
1101 1884 1206 1939 τοὺς
1243 1885 1363 1940 υἱοὺς
1383 1886 1597 1954 Ἰσραὴλ,
1626 1888 1700 1937 καὶ
1726 1885 1863 1939 αὐτὸς
1886 1911 1934 1936 20

283 1964 438 2017 αὐτοῖς
475 1965 906 2032 κατεκληροδότησε
947 1970 1029 2032 τῆς
1072 1968 1354 2035 ἐπαγγελίας
1388 1967 1474 2033 τὴν
1515 1972 1619 2034 γῆν.
1685 1969 1777 2036 ἔχει
1816 1966 1864 2019 δὲ

286 2046 405 2096 οὕτω
430 2046 489 2097 τὰ
515 2048 587 2098 ἐπὶ
612 2052 678 2117 τῷ
696 2047 858 2116 ”Αχαρ
883 2050 1200 2116 γεγραμμένα.
1256 2051 1410 2115 ἐπειδὴ
1437 2050 1529 2117 γὰρ
1555 2051 1679 2102 ἑάλω
1700 2059 1863 2102 κεκλο-

64 2146 134 2175 J0s.
155 2146 208 2176 vii.
286 2127 402 2194 φὼς,
430 2131 504 2179 καὶ
531 2130 763 2196 ὡμολόγει
788 2130 873 2195 τὴν
893 2133 1136 2199 ἁμαρτίαν,
1162 2141 1188 2162 “
1208 2135 1301 2184 Καὶ
1321 2133 1478 2197 ἔλαβε,
1497 2136 1661 2203 φησιν,
1677 2135 1864 2199 Ἰησοῦς

66 2199 81 2209 ⁰
286 2216 313 2239 ‘⁶
336 2210 419 2261 τὸν
443 2209 606 2279 ’Άχαρ
641 2212 738 2264 υἱὸν
779 2213 912 2280 Ζαρὰ
952 2217 1028 2266 καὶ
1071 2214 1314 2281 ἀπήγαγεν
1348 2214 1488 2266 αὑτὸν
1530 2220 1592 2270 εἰς
1636 2216 1866 2285 φάραγγα

287 2299 313 2321 “
335 2292 510 2361 Ἀχὼρ,
539 2297 613 2345 καὶ
647 2294 753 2349 τοὺς
788 2295 910 2350 υἱοὺς
941 2298 1082 2348 αὐτοῦ
1117 2299 1191 2348 καὶ
1225 2299 1306 2351 τὰς
1339 2299 1596 2364 θυγατέρας
1622 2300 1763 2350 αὐτοῦ
1789 2322 1904 2350 και2
1887 2322 1933 2360 25

287 2381 314 2402 “
340 2375 446 2429 τοῦς
462 2376 674 2443 μόσχους
694 2380 834 2429 αὐτοῦ
853 2383 927 2429 καὶ
954 2379 1013 2430 τὰ
1039 2379 1261 2446 ὑποζύγια
1286 2381 1428 2431 αὐτοῦ
1454 2384 1529 2431 καὶ
1561 2379 1620 2431 τὰ
1645 2381 1865 2447 πρόβατα

288 2545 315 2567 “
341 2541 494 2603 αὐτοῦ,
530 2544 602 2592 καὶ
642 2548 734 2597 πᾶς
772 2545 796 2594 ὁ
838 2543 953 2598 λαὸς
991 2546 1086 2606 μετ’
1124 2546 1278 2608 αὐτοῦ,
1315 2547 1389 2596 καὶ
1428 2545 1662 2612 ἀνήγαγεν
1699 2545 1865 2601 αὐτους

289 2625 401 2673 έςεἰς
425 2621 717 2692 Ἐμεκαχώρ.
786 2629 862 2677 καὶ
887 2625 1011 2678 εἶπεν
1036 2628 1221 2692 Ἰησοῦς
1260 2631 1352 2698 τῴ’
1352 2626 1503 2696 Ἀχαρ
1529 2629 1639 2679 Τί
1625 2628 1695 2680 ότι
1734 2627 1859 2680 ὠλό-

289 2709 316 2730 “
342 2707 594 2768 θρευσας
569 2712 721 2770 ημᾶς·
710 2750 722 2770 ,
766 2710 1102 2778 ἐξολοθρεύσαι
1128 2734 1185 2762 σε
1209 2711 1380 2777 Κύριος
1406 2710 1527 2762 καθα
1546 2734 1621 2761 και
1640 2710 1860 2777 σήμερον.
1884 2739 1933 2774 30

304 2787 415 2835 ίκαι
440 2787 792 2853 ἐλιθοβόλησαν
817 2791 957 2843 αὐτὸν
983 2793 1131 2847 λιθοις
1153 2798 1245 2847 πᾶς
1267 2792 1483 2861 Ἰσραὴλ,
1501 2816 1575 2844 και
1595 2793 1864 2858 ἐπεστησαν

336 2971 365 2994 2.
385 2975 536 2994 τοιουτου
551 2961 640 2996 Edd.
756 2976 808 2999 12.
828 2966 957 3003 ἀπιθεῖς
976 2967 1066 3002 Edd.
1085 2973 1198 3002 ante
1187 2968 1320 3014 Migne.
1371 2968 1583 3013 ἐνταλμάτων
1600 2971 1745 3006 accessit
1761 2983 1803 3006 ex
1819 2971 1860 3006 B.

289 3018 305 3040 2
311 3018 343 3051 3.
362 3007 546 3053 ὡμολόγει]
567 3009 767 3055 ὡμολόγησε
788 3013 878 3047 Edd.

1966 1770 1972 1908 3

1963 1901 1974 2122 3

1962 2144 1966 2175 3

1959 2113 1967 2292 3

1957 2293 1963 2424 3

251 2462 316 2509 ‹⁷:“
341 2458 482 2509 αὑτοῦ
526 2462 601 2511 καὶ
642 2459 728 2524 τὴν
775 2460 956 2525 σκηνὴν
999 2464 1140 2513 αὐτοῦ
1183 2465 1257 2513 καὶ
1297 2462 1452 2514 πάντα
1493 2462 1551 2514 τὰ
1594 2463 1866 2532 ὑπάρχοντα
1954 2426 1962 2581 ‘3

1950 2583 1958 2717 3

1948 2764 1954 2795 33

1945 2945 1950 2979 3

1942 3086 1947 3132 3

1940 3133 1946 3167 3

1939 3181 1946 3242 3

1937 3254 1944 3335 ΙΙ
1966 3266 1967 3271 ,

1935 3341 1942 3434 3
