2021 3434
133 238 188 279 iii.
218 252 251 280 1.
602 239 676 278 IN
716 239 954 279 OSEAM.
1016 238 1167 279 TOM.
1210 238 1270 279 ΙΙ.
1660 236 1710 274 81

132 355 158 378 ιι
253 348 265 363 ἱ
510 346 523 363 N
601 348 623 366 'l
814 352 826 367 x
872 351 882 365 Q
1013 349 1024 366 Ι
1273 347 1286 362 Χ
1515 343 1528 358 s
1700 345 1713 361 N

181 371 299 415 προς
336 352 560 415 θερισμον
589 352 692 414 ηδη·
753 373 828 401 και
863 373 888 400 ο
922 349 1112 416 θεριζων
1148 353 1323 413 μισθον
1361 350 1609 409 λαμβάνει,
1639 366 1716 394 και

132 439 159 461 “
181 430 376 497 συνάγει
401 431 582 497 καρπον
607 435 669 485 εἰς
695 430 814 497 ζωὴν
834 431 1063 482 αἱώνιον·”
1126 433 1201 481 καὶ
1232 430 1290 481 αὖ
1328 431 1376 480 ἐν
1411 427 1593 493 ἑτέρως’
1646 432 1672 454 “
1689 426 1714 476 ὁ

1694 513 1713 523 ρ.

132 520 158 543 “
183 511 266 576 μὲν
291 512 514 580 θερισμὸς
543 513 707 577 πολὺς,
734 517 777 565 οἱ
802 514 849 565 δὲ
875 513 1066 580 ἐργάται
1092 513 1259 578 ὀλίγοι·
1301 511 1490 575 δεήθητε
1522 509 1603 559 οῦν
1630 531 1714 559 του

1771 443 1935 474 SMatth.

1773 488 1817 519 ix.
1834 496 1886 527 37,
1904 488 1934 518 8.

131 602 159 625 ‘⁶
189 596 364 662 Κυρίου
383 600 465 646 τοῦ
488 598 731 662 θερισμοῦ,
762 596 837 646 ἵνα
861 594 1042 664 ἐκβάλῃ
1067 594 1268 661 ἐργάτας
1291 598 1352 648 εἰς
1379 592 1461 644 τὸν
1487 589 1714 658 θερισμὸν
1731 605 1758 645 b

133 685 159 708 ‘⁶
185 678 369 731 αὐτοῦ.”
436 679 601 729 οὐκοῦν
626 679 845 731 καθέντος
870 678 979 742 ἡμῖν
1013 678 1096 729 τὸν
1135 676 1301 742 νοητὸν
1340 673 1471 727 ὑετὸν
1502 678 1585 724 τοῦ
1613 676 1716 724 Σω-

135 1343 162 1365 “
187 1334 450 1400 λελάληκεν
489 1336 513 1385 ὁ
548 1338 680 1388 Θεός·
720 1340 886 1385 τοῦτον
929 1332 975 1385 δὲ
1010 1357 1091 1384 ουκ
1127 1333 1316 1396 οἴδαμεν
1355 1331 1498 1384 πόθεν
1535 1332 1679 1383 ἐστίν.

64 707 85 743 5

132 762 270 826 τῆρος
305 760 437 824 ἡμῶν
461 761 624 824 Ἰησοῦ
656 763 883 826 Χριστοῦ,
920 757 1179 825 γεγόναμεν
1212 765 1239 788 “
1254 761 1317 824 γῆ
1352 754 1567 821 θελητή,”
1597 753 1717 806 κατὰ
1777 767 1857 835 ngas
1876 768 1921 799 iii-

131 839 218 907 τὴν
259 848 342 893 τοῦ
384 841 633 910 προφήτου
675 841 851 911 φωνήν.
922 842 1107 908 ἔσπειρε
1154 839 1246 907 γὰρ
1284 841 1406 904 ἡμᾶς
1447 839 1606 906 ἑαυτῷ,
1644 860 1717 888 κε-
1779 822 1816 843 I*

131 922 394 991 χρημάτικέ
412 947 460 975 τε
484 931 510 953 “
528 928 653 975 Θεοῦ
676 924 928 991 γεώργιον”
958 925 982 974 ὁ
1007 921 1223 989 Ἰσραήλ.
1288 921 1474 985 ἐλεήσει
1505 918 1599 986 γὰρ
1629 918 1717 984 τὴν
1778 934 1890 984 gCor-

134 1007 239 1057 Οὐκ
269 1007 541 1071 ἠλεημένην,
566 1008 642 1057 καὶ
676 1005 758 1057 τόν
792 1029 905 1057 ποτε
933 1006 1008 1057 Οὐ
1034 1004 1153 1056 λαὸν
1187 1002 1410 1068 ὀνομάσει
1440 1000 1575 1054 λαόν.
1640 1003 1717 1052 καὶ
1777 989 1822 1008 m'
1843 988 1872 1018 9-

69 1123 115 1149 10
134 1087 272 1143 αὐτὸς
305 1086 352 1139 δὲ
382 1091 464 1153 τῆς
502 1089 699 1156 ἀρχαίας
732 1087 1015 1153 καταλήγων
1047 1086 1246 1151 πλάνης,
1279 1084 1361 1137 τὸν
1401 1087 1557 1149 ἀληθῆ
1590 1083 1716 1135 Θεὸν

132 1170 455 1236 ἐπιγνώσεται,
504 1195 581 1222 και
626 1172 705 1241 ἐρεῖ
745 1172 857 1226 Θεᾶς
897 1195 982 1239 μου
1024 1169 1065 1221 εἶ
1098 1168 1166 1232 σὺ,
1205 1169 1353 1220 καίτοι
1393 1166 1544 1219 πάλαι
1587 1170 1717 1229 βοῶν

133 1253 244 1322 ἐξ’
218 1253 476 1320 αμετρήτου
511 1253 902 1322 φρενοβλαβειας,
939 1259 965 1282 “
984 1253 1151 1315 Ημεῖς
1186 1250 1429 1314 οἵδαμεν“
1405 1273 1476 1301 οτι
1516 1253 1722 1300 Μωυσεῖ
1778 1266 1810 1296 S
1825 1265 1923 1295 --Joan

1687 1331 1712 1347 „
1778 1309 1820 1341 ix
1844 1319 1893 1349 2·9

135 1417 300 1468 οὐκοῦν
325 1416 641 1483 ἀγνοήσαντες
665 1415 747 1467 τὸν
761 1415 894 1477 Υὶόν,
914 1415 1016 1466 οὐδὲ
1043 1413 1185 1466 αὐτὸν
1210 1411 1390 1482 ᾔδεσαν
1409 1413 1492 1465 τὸν
1511 1414 1714 1481 Πατέρα·
1735 1441 1756 1467 0

1136 1496 1148 1512 Ι

70 1536 115 1574 15
137 1501 211 1550 καὶ
249 1498 537 1567 μαρτυρήσει
577 1499 732 1565 λέγων
771 1497 909 1553 αὐτὸς
948 1499 973 1549 ὁ
1014 1501 1181 1564 Σωτηρ
1207 1500 1310 1547 “Ei
1343 1496 1420 1559 ἐμὲ
1450 1495 1610 1564 ᾔδειτε,
1643 1502 1718 1549 καὶ

72 1953 119 1978 20

137 1589 164 1611 “
190 1580 273 1632 τὸν
307 1581 497 1648 Πατέρα
535 1605 625 1646 μου
668 1581 725 1632 ἂν
768 1579 964 1649 ᾔδειτε.”
1029 1578 1184 1645 ἐπειδὴ
1230 1577 1277 1629 δὲ
1315 1579 1563 1644 κέκληνται
1599 1578 1720 1645 πρὸς

136 1664 402 1730 ἐπίγνωσιν,
439 1667 512 1715 καὶ
551 1663 891 1729 ὡμολογήκασι
922 1661 1006 1714 τὸν
1031 1661 1164 1725 Υίόν,
1191 1660 1426 1713 τεθεάνται
1461 1660 1630 1713 λοιπὸν
1661 1662 1717 1712 δι’

135 1747 277 1797 αὐτοῦ
311 1769 361 1797 τε
396 1749 471 1797 καὶ
509 1749 556 1797 ἐν
591 1748 716 1816 αὐτῷ
746 1744 830 1795 τὸν
856 1745 1063 1811 Πατέρα.
1130 1744 1304 1809 ἀληθὲς
1343 1743 1453 1810 γὰρ,
1487 1743 1557 1795 ὅτι
1596 1743 1719 1795 καθά

137 1834 288 1898 φησιν
313 1829 338 1879 ὁ
364 1827 519 1897 σοφὸς
545 1829 764 1892 Ἰωάννης
789 1835 816 1857 “
833 1829 896 1878 εΟ
923 1826 1202 1895 ἀρνούμενος
1227 1825 1309 1878 τὸν
1335 1825 1468 1890 Υὶόν,
1494 1825 1598 1878 οὐδὲ
1633 1824 1719 1877 τόν

139 1918 166 1940 “
192 1911 382 1978 Πατέρα
415 1912 525 1980 ἔχει·
568 1913 593 1962 ὁ
624 1910 671 1962 δὲ
706 1911 955 1976 ὁμολογῶν
989 1908 1073 1961 τὸν
1105 1908 1238 1971 Υἱόν,
1265 1911 1494 1974 ὁμολογεῖ
1522 1912 1597 1960 καὶ
1635 1906 1719 1960 τὸν

139 2001 167 2024 “
195 1993 426 2061 Πατερα.”

144 2191 217 2232 Καὶ
256 2187 349 2233 εἶπε
386 2192 532 2249 Κύριος
568 2192 675 2249 Πρὸς
712 2193 762 2240 με
785 2190 877 2232 Ἔτι
912 2191 1142 2247 πορεύθΗτι
1181 2189 1249 2229 καί
1290 2189 1509 2236 ἀΓαΠΗσον
1544 2184 1717 2234 Γυναῖκα

206 2275 439 2322 ἀΓαΠώσαν
473 2276 639 2333 πονΗρὰ
676 2277 744 2316 καὶ
780 2274 1019 2331 μοιχαλίδα,
1058 2274 1200 2315 καθὼς
1238 2273 1380 2331 ἀΓαΠᾷ
1417 2272 1440 2313 ὀ
1479 2272 1589 2313 Θεὸς
1621 2272 1720 2313 τοὺς

208 2356 321 2399 υἱοὺς
347 2359 535 2415 Ἰσραήλ,
575 2359 644 2400 καὶ
677 2359 797 2400 αὐτοὶ
837 2359 1151 2409 ἀποβλέπουσιν
1194 2356 1263 2397 ἐπὶ
1303 2356 1425 2397 Θεοὺε
1466 2354 1719 2412 ἀλλοτρίους

211 2443 278 2483 καὶ
304 2446 470 2498 φιλοῦσι
496 2445 695 2492 Πέμματα
721 2443 826 2492 μετὰ
855 2442 1091 2499 οταφίδων.

217 2561 283 2611 Τι’
303 2560 357 2611 τὸ
391 2564 549 2628 χρῆμα
580 2562 740 2623 πάλιν,
765 2561 793 2625 ἢ
821 2563 869 2611 τί
901 2559 953 2611 τὸ
990 2559 1263 2624 μυστήριον,
1292 2560 1544 2620 ἀναμαθεῖν
1571 2560 1718 2625 ἀναγ-

143 2648 286 2694 καῖον.
373 2645 466 2693 δεῖν
515 2642 608 2709 γὰρ
670 2640 794 2707 οἶμαι
858 2643 914 2693 τὰ
967 2642 1118 2693 τοιάδε
1179 2646 1594 2707 πολυπραγμονεῖν
1645 2643 1718 2692 καὶ

196 2829 224 2852 Ι.
250 2818 335 2863 πρὸς
351 2817 513 2861 θερισμὸν
530 2817 590 2860 ἤδη
608 2815 674 2850 hoc
693 2815 813 2849 ordine
833 2815 878 2849 D.
931 2815 1027 2849 Haec
1045 2829 1097 2849 και
1116 2815 1254 2859 συνάγει
1271 2829 1300 2848 κ.
1320 2815 1365 2850 εἷς
1383 2815 1468 2859 ζωὴν
1483 2815 1616 2849 αι’ὡνιον
1632 2821 1666 2849 et
1682 2815 1724 2849 αὐ

145 2865 181 2899 ἐν
197 2865 334 2909 ἕτεροις·
362 2866 379 2897 ὁ
396 2864 456 2908 μὲν
472 2870 691 2898 accesserunt
708 2875 749 2896 ex
769 2862 809 2896 B.
817 2863 861 2896 D.
1024 2861 1056 2895 6.
1086 2861 1206 2895 Haec’
1211 2864 1313 2905 Ιησοῦ
1331 2864 1482 2907 Χριστοῦ
1501 2869 1723 2897 accesserunt

146 2924 186 2945 ex
207 2912 252 2946 D.
486 2921 517 2956 7.
543 2908 763 2966 κεχρημάτικε
780 2908 832 2954 τε]
852 2909 904 2943 καὶ
922 2909 1141 2954 κεχρημάτικε
1158 2910 1197 2943 τὸ
1216 2908 1307 2943 Edd.
1538 2920 1590 2943 10.
1618 2908 1720 2954 Θεὸν]

147 2959 315 3002 δεσπότην
334 2958 379 2992 D.
588 2966 639 3001 17.
666 2955 706 2990 δι
726 2957 844 2989 ἑαυτοῦ
861 2971 897 2990 τε
916 2955 1004 2999 (sic)
1026 2955 1058 2989 D
1294 2967 1346 3001 19.
1373 2956 1485 3000 σοφὸς
1501 2962 1723 3000 assumptum

147 3017 187 3038 ex
210 3006 254 3039 D.
502 3015 554 3039 20.
583 3018 633 3037 και
652 3005 669 3036 ὁ
689 3015 750 3048 pro
768 3005 785 3036 ὁ
803 3003 838 3036 δε
860 3003 904 3037 D.
955 3004 1007 3036 καὶ
1025 3014 1094 3037 om.
1117 3002 1160 3036 D.
1403 3014 1456 3048 23.
1483 3003 1666 3048 μοιχαλίδα
1687 3002 1723 3037 l.

147 3052 306 3096 μοιχαλὶν
327 3052 366 3086 B.
388 3051 476 3085 Edd.

209 3123 297 3149 ΥΟΕ.
326 3124 350 3149 1.
919 3121 948 3147 M.

1780 1517 1831 1547 Ib.
1849 1517 1915 1547 viii.

1785 1572 1832 1601 ¹9·

1785 1840 1824 1868 18
1840 1838 1940 1870 Joan.

1781 1883 1813 1914 ii.
1835 1892 1884 1921 23.

1737 1999 1763 2039 d

1740 2199 1839 2249 Κεφ.
1862 2193 1913 2247 γ’.

1737 2668 1758 2694 Θ
