2021 3434
69 1362 84 1382 2
103 1353 196 1384 Esdr.

66 1397 106 1427 iv.
125 1406 217 1436 7-10.

295 174 378 214 348
683 176 732 216 B.
776 175 1052 216 CYRILLI
1094 176 1471 217 ALEXANDR.
1692 176 1746 216 iii.
1770 188 1861 229 1-3.

295 289 322 312 c:
348 283 529 349 ἡμερῶν
561 286 814 350 Σαρσάθου
844 286 1083 346 βασιλέως
1107 284 1289 351 Ἀσοὺρ
1321 291 1404 337 τοῦ
1438 285 1708 350 ἐνέγκαντος
1745 285 1864 348 ἡμᾶς

295 371 320 393 “
347 363 450 414 ὦδε.
518 368 590 416 καὶ
630 365 726 418 εἶπε
763 365 880 433 πρὸς
925 366 1088 420 αὐτοὺς
1133 366 1414 433 Ζοροβάβελ
1455 370 1530 418 καὶ
1564 368 1751 431 Ἰησοῦς
1788 369 1864 417 καὶ

294 451 321 473 “
347 449 388 495 οἱ
431 446 705 499 κατάλοιποι
750 453 843 499 τῶν
882 448 1123 516 ἀρχόντων
1159 453 1252 499 τῶν
1294 453 1503 514 πατριῶν
1545 453 1627 499 τοῦ
1664 446 1866 513 Ἰσραήλ

294 533 320 555 “
346 528 452 594 Οὐχ
492 529 595 591 ὑμῖν
623 532 697 580 καὶ
736 531 844 594 ἡμῖν
873 536 956 581 τοῦ
987 533 1289 594 οἰκοδομῆσαι
1329 528 1454 582 οἶκον
1491 534 1556 600 τῷ
1587 533 1695 599 Θεῷ
1718 529 1864 593 ἡμῶν,

255 626 275 650 C
293 615 319 636 ‘⁶
347 608 416 658 ὅτι
442 610 569 673 ἡμεῖς
594 612 721 662 αὐτοὶ
749 613 822 663 ἐπὶ
856 612 910 663 τὸ
945 612 1057 663 αὐτὸ
1091 612 1458 677 οἰκοδομήσομεν
1487 612 1643 682 Κυρίῳ
1669 616 1735 681 τῳ
1758 615 1865 681 Θεῷ
1883 623 1905 662 5

290 698 318 719 “
341 691 485 754 ἡμῶν,
511 695 572 746 ὡς
609 695 864 745 ἐνετείλατο
897 695 1006 758 ἡμῖν
1033 698 1186 761 Κῦρος
1214 696 1239 745 ὁ
1264 693 1494 756 βασιλεὺς
1521 698 1738 761 Περσῶν.
1790 697 1865 745 καὶ

290 780 316 801 “
341 771 397 837 ἧν
437 774 461 824 ὁ
500 774 615 829 λαὸς
651 779 734 840 τῆς
771 779 858 841 γῆς
896 776 1074 827 ἐκλύων
1109 776 1191 830 τὰς
1229 782 1385 844 χεῖρας
1421 782 1504 828 τοῦ
1542 781 1661 827 λαοῦ
1697 776 1863 838 Ἰούδα,

290 862 317 883 “
342 858 416 906 καὶ
450 857 706 924 ἐνεπόδιζον
743 858 906 912 αὐτοὺς
941 864 1024 909 τοῦ
1062 861 1330 922 οἰκοδομεῖν,
1356 861 1431 910 καὶ
1466 858 1769 922 μισθούμενοι
1794 860 1862 910 ἐπ’

291 944 317 965 “
342 936 519 1001 αὐτοὺς,
566 939 896 1004 βουλευόμενοι
945 946 1027 991 τοῦ
1080 939 1386 991 διασκεδάσαι
1436 937 1618 1003 βουλὴν
1664 940 1862 991 αὐτῶν.”

291 1020 401 1069 ἀλλ’
447 1021 754 1081 ἐπεβούλευον
790 1021 887 1085 μὲν,
925 1021 1161 1088 ἄπρακτος
1201 1021 1248 1073 δὲ
1294 1023 1370 1073 καὶ
1413 1022 1592 1075 τούτοις
1630 1022 1657 1085 ἡ
1696 1023 1862 1089 ἐπιχεί-
1884 1044 1932 1068 10

289 1124 426 1166 ρησις
453 1101 524 1166 ἧν.
590 1103 660 1154 ὅτι
696 1103 742 1154 δὲ
775 1107 857 1167 τῆς
884 1105 1112 1170 λαθραίου
1135 1103 1303 1155 λοιπὸν
1329 1104 1590 1169 ἀτονούσης
1611 1105 1863 1168 ἐπιβουλῆς

289 1182 370 1233 τὸν
395 1185 603 1247 πολέμου
637 1186 778 1248 νόμον
812 1185 960 1249 ἠέσαν
984 1186 1343 1252 στρατευόμενοι
1367 1185 1537 1240 πάντες
1565 1190 1607 1237 οἱ
1640 1187 1862 1251 περίοικοι

244 1276 269 1315 d
289 1269 382 1315 τῶν
409 1267 568 1329 ἐθνῶν,
594 1266 792 1331 ἥλωσάν
822 1290 871 1317 τε
905 1269 980 1318 καὶ
1014 1267 1302 1330 πεπτώκασι,
1330 1270 1574 1319 κάντεῦθεν
1599 1266 1657 1319 ἂν
1682 1268 1860 1331 μάθοις.

286 1347 457 1416 γράφει
495 1348 588 1414 γὰρ
626 1348 711 1399 ὦδε
744 1348 890 1400 πάλιν
924 1351 999 1400 καὶ
1037 1351 1084 1400 ἐν
1121 1353 1187 1418 τῷ
1226 1349 1420 1419 δευτέρῳ
1454 1351 1644 1420 βιβλίῳ.
1712 1357 1739 1378 “
1768 1353 1861 1401 Καὶ

288 1436 313 1458 “
338 1429 517 1493 ἐγένετο
542 1433 603 1484 ὡς
628 1432 829 1495 ἤκουσεν
854 1431 1135 1491 Ἀναβαλὰτ
1166 1437 1240 1482 καὶ
1265 1433 1455 1493 Τωβίας
1486 1434 1559 1482 καὶ
1594 1435 1634 1482 οἱ
1652 1430 1861 1497 ’Ἄραβες
1882 1449 1927 1488 15

287 1518 313 1540 ‘⁶
339 1516 413 1562 καὶ
452 1516 493 1563 οὶ
527 1513 807 1576 Ἀμμανῖται
847 1512 916 1563 ὅτι
951 1514 1094 1577 ἀνέβη
1129 1514 1156 1577 ἡ
1195 1514 1291 1582 φυὴ
1329 1518 1423 1567 τοῖς
1458 1515 1660 1580 τείχεσιν
1689 1514 1857 1580 Ἱερου-

285 1601 312 1622 “
338 1594 518 1658 σαλὴμ,
563 1597 637 1646 καὶ
689 1595 759 1646 ὅτι
799 1595 1004 1664 ἤρξαντο
1049 1599 1095 1646 αἱ
1139 1598 1402 1664 διασφαγαὶ
1446 1594 1860 1664 ἀναφράσσεσθαι,

287 1683 313 1704 “
337 1676 540 1743 πονηρὸν
576 1679 729 1731 αὐτοῖς
762 1677 911 1746 ἐφάνη
950 1676 1154 1746 σφόδρα.
1218 1680 1293 1728 καὶ
1338 1677 1648 1745 συνήχθησαν
1692 1678 1860 1733 πάντες

286 1765 312 1787 “
338 1761 411 1810 ἐπὶ
448 1759 501 1810 τὸ
541 1759 652 1810 αὐτὸ
691 1760 898 1829 ἐξελθεῖν
932 1761 1007 1810 καὶ
1043 1760 1410 1828 παρατάξασθαι
1448 1762 1495 1810 ἐν
1527 1759 1856 1826 Ἰερουσαλήμ.

246 1848 311 1881 ‘³⁴‘
337 1844 411 1892 καὶ
447 1841 564 1907 πρὸς
612 1842 785 1909 Κύριον
823 1841 906 1893 τὸν·
946 1841 1069 1893 Θεὸν
1107 1843 1255 1906 ἡμῶν,
1297 1845 1433 1911 φησὶ,
1472 1841 1927 1911 προσηυξάμεθα,20

284 1930 310 1952 “
336 1926 410 1974 καὶ
446 1923 715 1988 ἐστήσαμεν
748 1925 1061 1993 προφύλακας
1095 1923 1163 1976 ἐπ’
1191 1924 1356 1978 αὐτοὺς
1392 1925 1564 1991 ἡμέρας
1594 1926 1669 1975 καὶ
1697 1925 1858 1979 νυκτὸς

282 2014 310 2035 “
335 2006 427 2057 ἀπὸ
471 2007 732 2073 προσώπου
777 2008 944 2057 αὐτῶν.
1014 2009 1090 2058 καὶ
1134 2005 1258 2058 εἶπεν
1298 2007 1476 2061 Ἰούδας
1528 2007 1786 2072 Συνετρίβη
1828 2007 1857 2071 ἡ

282 2096 308 2118 “
334 2088 470 2156 ἰσχὺς
503 2093 597 2140 τῶν
634 2091 824 2157 ἐχθρῶν,
851 2092 925 2139 καὶ
959 2088 1101 2156 ὄχλος
1138 2088 1329 2143 πολύς.”
1394 2093 1467 2140 καὶ
1498 2090 1748 2155 σεσίγηται
1773 2088 1856 2152 μὲν

280 2173 328 2221 ἐν
353 2171 531 2224 τούτοις
569 2171 644 2231 τῆς
682 2168 894 2224 >camisos
928 2171 956 2234 ἡ
993 2171 1168 2235 μνήμη·
1212 2172 1340 2239 φερει
1366 2171 1414 2222 δὲ
1440 2176 1578 2222 τοῦτο
1615 2169 1761 2222 πάλιν
1794 2175 1857 2225 εἰς

279 2253 399 2317 ἡμᾶς
437 2254 461 2303 ὁ
499 2256 582 2317 τῆς
614 2253 918 2319 παραδόσεως
956 2251 1116 2319 λόγος.
1184 2254 1435 2322 ἀξιόχρεως
1466 2252 1514 2304 δὲ
1544 2256 1606 2307 εἷς
1639 2252 1801 2304 πίστιν
1825 2254 1854 2318 ἡ
1874 2272 1921 2311 25

279 2335 542 2403 προφητεία
573 2338 647 2386 καὶ
681 2335 820 2386 αὐτὸν
854 2336 963 2400 ἡμῖν
999 2334 1081 2386 τὸν
1118 2341 1200 2387 τοῦ
1238 2335 1447 2399 πολέμου
1477 2340 1631 2403 χῶρον
1663 2358 1854 2387 κατονο-

279 2417 508 2484 μάζουσα.
563 2440 761 2482 ταυτησι
798 2419 880 2481 τῆς
915 2418 1122 2484 ἱστορίας
1159 2417 1430 2482 μεμνῆσθαί
1457 2422 1625 2485 φαμεν,
1653 2417 1854 2487 συνάξειν

279 2500 480 2565 λε’γοντα
504 2501 658 2551 πάντα
682 2497 741 2551 r&
768 2498 850 2559 ἔθνη
877 2504 937 2554 εἷς
970 2524 1038 2559 την
1072 2497 1267 2551 κοιλάδα
1292 2524 1362 2551 του
1387 2498 1640 2569 Ἰωσαφάτ.
1706 2501 1853 2563 δῆλον

280 2581 327 2632 δε
367 2581 436 2632 ὅτι
487 2605 569 2632 ουκ
617 2582 789 2632 ἄκοντα
837 2583 946 2651 ἄξει,
997 2583 1107 2632 ἀλλ’
1159 2581 1230 2633 ὅτι
1266 2581 1535 2646 βουλόμενα
1587 2582 1740 2632 ἐλθεῖν
1797 2582 1851 2632 οὐ

279 2664 499 2715 κωλύσει.
567 2663 926 2733 διακριθήσεσθαι
969 2663 1018 2714 δὲ
1061 2662 1178 2730 πρὸς
1222 2670 1368 2715 ταῦτα
1412 2665 1517 2730 περὶ
1558 2665 1630 2715 τοῦ
1670 2661 1848 2732 Ἰσραὴλ
1867 2684 1918 2720 3ο

329 2774 358 2796 Ι.
384 2769 451 2807 Σαρ
455 2764 562 2799 σάθου
583 2764 625 2798 Β.
642 2763 752 2809 ’Ao-ap
754 2764 836 2798 αδὰν
853 2764 946 2799 Aub.
966 2763 1065 2809 (Vat.
1070 2764 1086 2810 )
1104 2764 1394 2816 Σαρσάθου-ὧδε
1419 2776 1488 2798 om.
1508 2763 1610 2798 Pont.
1658 2762 1785 2808 Ἀσοὺρ
1804 2763 1847 2798 Β.

280 2809 394 2849 (Alex.
401 2809 435 2852 )'
439 2812 580 2862 Ασσοὺρ
598 2811 692 2845 Aub.
710 2811 805 2855 (Vat.
811 2812 823 2855 )
1047 2822 1078 2852 2,
1096 2823 1130 2856 3.
1156 2813 1208 2846 καὶ
1224 2813 1402 2846 εἰπε-τοῦ
1417 2810 1575 2857 Ἰσραήλ]
1595 2811 1626 2844 οἱ
1643 2810 1679 2844 δὲ
1697 2811 1773 2854 περὶ
1789 2811 1848 2845 τὸν

280 2858 475 2898 Ζοροβάβελ
493 2855 586 2891 εἷπον
603 2857 693 2892 Edd.
835 2869 868 2903 9.
893 2858 1149 2904 βουλευόμενοι]
1170 2857 1390 2897 ἐβουλευοντο
1407 2858 1466 2892 iid.
1611 2869 1663 2900 14.
1682 2858 1735 2892 καὶ
1750 2857 1846 2902 prius

280 2909 497 2946 assumptum
515 2916 556 2938 ex
575 2904 617 2938 B.
840 2914 892 2950 15.
922 2907 1065 2948 ἤκουσεν
1081 2905 1255 2946 ἀναβαλὰτ
1273 2905 1314 2939 Β.
1333 2904 1550 2950 (ἀναβαλλατ
1566 2914 1622 2949 55.
1642 2905 1690 2938 Sic
1708 2914 1845 2949 quoque

281 2947 368 2981 Cod.
389 2949 479 2983 Frid.
484 2950 592 2994 -g.Au
610 2951 646 2984 in
663 2963 696 2985 v.
716 2962 744 2985 Ι.
748 2951 796 2995 )’
782 2966 905 2995 ηκουσε
922 2953 1122 2992 Σαναβαλὰτ
1140 2951 1231 2986 Edd.
1244 2951 1349 2995 (Cod.
1366 2951 1457 2986 Frid.
1462 2952 1589 2996 --Aug)
1638 2949 1782 2995 ἅῤῥαβες
1800 2949 1843 2984 Β.

286 3005 336 3038 17.
364 2963 666 3042 ἅναφράσσεσθαι]
687 3002 720 3037 -1-
737 3012 788 3031 και
810 2998 899 3032 Edd.
919 2998 988 3031 inv.
1012 2998 1049 3032 Β.
1070 2998 1145 3042 (44.
1165 2999 1228 3043 al.)
