2021 3434
92 671 148 704 29
170 669 219 702 A.
282 654 413 702 οτοΐς
446 650 654 716 ἀρχαίοις
694 648 822 700 ε”θεσι
855 648 1041 713 τιμήσει
1077 648 1213 711 Θεόν,
1247 649 1522 710 βουθυσίαις
1560 645 1617 711 δὴ
1656 645 1779 711 λέγω
1818 646 1892 694 καὶ

252 1210 293 1233 ΙΙ

272 1369 298 1408 b

283 2064 304 2091 C

310 215 370 255 40
705 218 753 257 B.
797 216 1072 256 CYRILLI
1114 214 1494 256 ALEXANDR.
1770 211 1793 251 i.
1824 223 1885 250 11.

311 321 417 374 τότε
456 325 531 374 καὶ
570 323 705 377 αὐτὸς
746 325 770 373 ὁ
806 322 1080 386 ἀπόβλητος
1105 321 1308 388 Ἰσραὴλ
1339 326 1400 375 εἰς
1440 320 1560 374 υἱοὺς
1584 318 1883 387 παραδεχθή-

312 427 446 455 σεται
473 409 609 467 Θεοῦ,
637 405 781 455 καίτοι
819 405 1072 471 διατρίβων
1107 405 1155 454 ἐν
1189 403 1349 456 τόποις
1375 403 1572 468 ἔνθαπερ
1608 401 1666 453 ἂν
1697 398 1785 452 εἶεν
1816 401 1890 450 καὶ

314 488 601 551 εὑρίσκοιντο
637 484 796 553 τυχόν·
844 485 898 536 τὸ
933 485 1026 551 γὰρ
1064 485 1323 551 ἀναγκάζον
1358 483 1488 535 οὐδὲν
1526 483 1792 544 ἀναβαίνειν
1829 483 1892 533 εἷς

315 567 641 634 Ἰεροσόλυμα,
669 570 744 617 καὶ
781 567 863 618 τὸν
901 569 949 618 ἐν
987 568 1135 620 λίθοις
1173 567 1238 617 ε”τι
1276 567 1474 633 ζητῆσαι
1501 564 1628 616 ναόν·
1677 564 1748 615 ὅτι
1778 561 1893 627 μηδὲ

317 729 572 797 προβάτων
607 735 835 798 σφαγαῖς·
877 733 986 782 ἀλλ’
1020 732 1044 781 ὁ
1080 734 1162 794 τῆς
1198 731 1415 796 λατρείας
1441 731 1593 783 αὐτοῖς
1620 728 1754 779 ἔσται
1779 725 1888 793 τρό-

315 835 403 865 πος
439 813 601 866 πίστις
635 814 663 877 ἡ
700 818 760 866 εἷς
800 812 1028 880 Χριστὸν,
1066 815 1139 863 καὶ
1181 811 1240 862 τὰ
1280 813 1422 863 αὑτοῦ
1462 812 1780 873 θεσπίσματα,
1819 810 1894 859 καὶ

316 894 550 960 ἁγιασμὸς
585 897 609 946 ὁ
643 897 690 947 ἐν
719 896 973 959 Πνεύματι,
1000 899 1074 946 καὶ
1106 895 1134 959 ἡ
1167 894 1241 946 διὰ
1278 899 1361 945 τοῦ
1397 895 1530 960 ἁγίου
1564 893 1895 956 βαπτίσματος

316 977 635 1043 ἀναγέννησις,
687 981 769 1042 τῆς
818 978 1050 1030 υἱοθεσίας
1102 981 1415 1043 περιποιοῦσα
1465 975 1553 1041 τὴν
1605 975 1751 1044 δόξαν
1800 978 1897 1028 τοῖς·

316 1060 456 1121 αὐτῆς
485 1060 631 1128 ἀξίοις
657 1063 732 1110 καὶ
756 1059 1053 1124 κεκλημένοις
1081 1062 1143 1112 εἷς
1167 1063 1305 1109 τοῦτο
1331 1057 1460 1124 παρὰ
1486 1058 1674 1124 Κυρίου.

321 1196 395 1237 Καὶ
430 1199 763 1253 συναχθήσονται
801 1196 838 1238 οἱ
877 1196 1119 1238 υἷοὶἺούὸα
1159 1198 1225 1238 καί
1264 1196 1301 1238 οἶ
1339 1195 1616 1253 υἷοίἸσραι“ιλ
1653 1196 1895 1246 ἐπιτοαυτὸ,

387 1285 454 1321 καὶ
482 1283 683 1323 Θιίσονται
709 1279 877 1322 ἑαυτοῖς
905 1281 1037 1338 ἀρχὴν
1064 1281 1174 1331 μίαν,
1204 1281 1271 1321 Καὶ
1298 1281 1584 1330 ἀναβήσονται
1619 1281 1665 1321 ἐκ
1700 1285 1775 1321 τιῖε
1810 1283 1896 1330 Γιῖε,

385 1367 449 1407 ὅτι
476 1367 636 1414 μεΓαλΗ
667 1366 688 1406 ἡ
720 1366 858 1422 ἡμέρα
885 1366 1182 1422 τοῡἼεσράελ.

396 1464 489 1512 Καὶ
509 1466 648 1511 τοῦτο
668 1465 729 1514 εἷς
747 1460 892 1527 πέρας
912 1459 1166 1525 ἐκβεβηκὸς
1187 1460 1446 1526 εὑρήσομεν
1466 1463 1712 1525 ἱστορικῶς
1735 1482 1784 1509 τε
1805 1456 1901 1521 ἅμα

319 1544 395 1593 καὶ
428 1547 762 1606 πνευματικῶς.
812 1542 938 1607 ἦσαν
976 1543 1060 1605 μὲν
1098 1541 1191 1608 γὰρ
1229 1544 1277 1592 ἐν
1312 1547 1407 1595 τοῖς
1443 1543 1584 1608 ὁρίοις
1616 1545 1822 1608 Περσῶν
1852 1563 1901 1591 τε

321 1627 396 1676 καὶ
430 1624 613 1689 Μήδων
647 1625 693 1675 οἵ
733 1647 782 1675 τε
820 1627 869 1676 ἐκ
907 1627 988 1687 τῆς
1029 1624 1291 1690 Σαμαρείας
1330 1625 1605 1690 δορίληπτοι
1642 1622 1901 1689 γεγονότες,

322 1707 578 1769 τουτέστιν,
614 1708 638 1757 ὁ
665 1705 881 1772 Ἰσραὴλ,
916 1709 990 1756 καὶ
1031 1707 1162 1756 αὐτοὶ
1198 1705 1246 1756 δὲ
1282 1705 1399 1771 πρὸς
1438 1705 1617 1760 τούτοις
1656 1709 1699 1756 οἱ
1733 1707 1781 1756 ἐκ
1820 1707 1903 1768 τῆς

321 1788 651 1855 Ἰερουσαλὴμ,
702 1789 944 1839 τουτέστιν
987 1787 1167 1842 Ἰούδας
1218 1790 1294 1838 καὶ
1344 1788 1578 1850 Βενιαμίν.
1649 1786 1804 1852 ἐπειδὴ
1855 1786 1903 1839 δὲ

326 1874 483 1936 Κῦρος
521 1872 546 1921 ὁ
588 1871 857 1933 Καμβύσου
893 1869 979 1934 τὴν
1018 1874 1288 1932 Βαβυλῶνα
1322 1870 1458 1932 ἑλὼν,
1490 1873 1566 1921 καὶ
1603 1870 1658 1921 τὸ
1697 1874 1903 1937 Περσῶν

323 1952 492 2018 κράτος
529 1957 590 2006 εἷς
624 1952 788 2003 ἑαυτὸν
822 1951 1142 2016 μεταστήσας,
1167 1954 1306 2017 ἀνῆκε
1344 1956 1426 2016 τῆς
1463 1953 1794 2020 αἰχμαλωσίας
1823 1951 1904 2003 τόν

322 2058 372 2085 τε
397 2034 600 2101 Ἰσραὴλ
625 2037 700 2085 καὶ
731 2033 813 2085 τὸν
837 2033 1033 2097 Ἰούδαν,
1061 2034 1176 2085 οἴκοι
1209 2058 1259 2086 τε
1290 2034 1403 2085 ἰέναι
1435 2035 1758 2102 προσ-τέταχεν
1788 2035 1905 2099 ὁμοῦ

325 2121 418 2171 τοῖς
444 2117 636 2168 σκεύεσι
660 2121 754 2170 τοῖς
778 2119 925 2182 ἱεροῖς,
952 2117 1177 2185 ἀφίκοντο
1201 2116 1284 2180 μὲν
1315 2121 1378 2171 εἷς·
1401 2114 1729 2183 Ἱεροσόλυμα,
1757 2139 1906 2185 κατῳ-

324 2199 539 2263 κή[κ]ασι
577 2198 624 2249 δὲ
665 2196 834 2250 λοιπὸν
870 2199 953 2249 οὐκ
987 2198 1053 2249 ε”τι
1088 2199 1383 2266 διῃρημένως,
1420 2197 1542 2249 καθὰ
1576 2200 1651 2249 καὶ
1692 2197 1785 2263 πρὸ
1823 2200 1906 2262 τῆς

325 2281 668 2348 αἰχμαλωσίας·
709 2282 813 2332 οὔτε
846 2279 940 2344 μὴν
975 2281 1115 2335 ἰδίους
1153 2281 1342 2331 ἕκαστοι
1379 2280 1612 2341 βασιλέας
1650 2278 1901 2347 ἐσχήκασι·

327 2365 486 2428 διῆγον
518 2362 567 2414 δὲ
599 2362 770 2416 πάντες
796 2364 844 2414 ἐν
869 2363 1111 2431 ὁμοψυχίᾳ
1145 2361 1263 2413 κατὰ
1294 2361 1442 2426 μόνην
1471 2360 1556 2426 τὴν
1576 2362 1904 2428 Ἰερουσαλὴμ,
1954 2407 1963 2419 ,

328 2444 584 2508 ἡγουμένου
620 2444 674 2496 τὸ
712 2443 925 2510 τηνικάδε
962 2444 1247 2511 Ζοροβάβελ
1280 2450 1363 2495 τοῦ
1391 2443 1656 2509 Σαλαθιὴλ,
1685 2443 1735 2499 ὃς
1769 2442 1827 2508 ἧν
1857 2445 1907 2495 ἐκ

330 2526 668 2594 φυλῆςἸούδα,
690 2529 764 2578 καὶ
791 2526 1280 2594 ὶερατεύοντοςἸησοῦ
1306 2531 1388 2577 τοῦ
1406 2525 1625 2578 Ἰωσεδὲκ
1648 2532 1731 2578 τοῦ
1758 2527 1907 2592 ἱερέως
1969 2562 1973 2570 =

380 2650 409 2673 Ι.
426 2640 741 2685 παραδεχθήσονται
760 2641 806 2675 D.
1028 2653 1061 2683 4.
1088 2640 1123 2674 ἐν
1138 2639 1263 2685 λίθοις]
1284 2639 1417 2674 ἐκλίθον
1436 2640 1481 2674 D.
1502 2639 1627 2674 Statim
1644 2639 1841 2692 ἐπιζητῆσαι
1860 2639 1906 2673 D.
1970 2639 1971 2642 ¹

329 2695 363 2730 5.
390 2685 447 2730 δὴ]
467 2687 502 2719 δὲ
521 2687 612 2720 Edd.
734 2689 767 2722 6.
797 2688 894 2722 ἔσται
911 2688 1023 2723 αὐτοῖς
1039 2689 1177 2721 inverso
1195 2687 1316 2721 ordine
1334 2687 1381 2721 D.
1501 2697 1532 2732 7.
1556 2686 1575 2731 ἡ
1593 2694 1737 2721 accessu:
1753 2698 1794 2720 ex
1814 2686 1907 2721 B.D.
2015 2719 2019 2727 ,

332 2744 365 2777 9.
381 2734 450 2767 τοῖς
468 2733 567 2776 αὐτῆς
583 2734 688 2778 ἀξίοις
702 2734 744 2768 Β.
779 2737 849 2770 τοῖς
863 2736 952 2768 ἑλεῖν
965 2735 1072 2778 ἀξίοις
1084 2734 1130 2768 D.
1168 2736 1238 2769 τοῖς
1256 2735 1367 2768 αὐτοῖς
1383 2732 1490 2779 ἁγίοις
1508 2734 1599 2768 Edd.
1644 2732 1767 2767 Statim
1785 2733 1838 2766 καὶ
1852 2744 1908 2766 ac-

333 2779 435 2812 cessit
453 2790 494 2812 ex
510 2779 601 2813 B.D.
702 2792 754 2814 10.
771 2784 863 2827 παρὰ
881 2780 1021 2826 Κυρίου]
1040 2782 1131 2826 παρὰ
1148 2783 1299 2826 Χριστοῦ
1313 2781 1359 2814 D.
1458 2792 1471 2814 1
1483 2791 1511 2814 1.
1530 2782 1561 2814 οἱ
1576 2780 1672 2825 prius
1686 2786 1907 2825 assumptum

333 2837 374 2858 ex
394 2824 435 2858 B.
453 2825 497 2858 D.
519 2825 555 2858 F.
575 2825 714 2870 (Alex.)
733 2839 801 2862 om.
823 2828 913 2862 Edd.
930 2828 1052 2873 (Vat.)
1162 2839 1215 2862 12.
1239 2826 1418 2872 θήσονται]
1436 2832 1473 2868 -1-
1494 2828 1529 2860 ἐν
1546 2827 1582 2861 F.
1691 2838 1744 2871 13.
1768 2826 1907 2870 ἷεσράελ
1966 2830 1975 2850 ,¹

335 2871 376 2904 B.
396 2871 481 2904 XII.
500 2871 639 2915 ἷεσραέλ
659 2873 704 2906 D.
958 2886 1011 2918 14.
1040 2877 1139 2910 τοῦτο
1159 2875 1204 2910 εἷς
1225 2874 1272 2908 D.
1295 2874 1425 2910 τούτοις
1443 2873 1534 2908 Edd.
1551 2873 1619 2919 ἅμα
1636 2873 1781 2907 accessit
1797 2885 1839 2906 ex
1857 2872 1904 2907 D.
1966 2884 1968 2911 ζ

337 2928 389 2959 15.
417 2915 536 2962 ὁρίοις]
557 2918 651 2962 ὄρεσι
672 2919 716 2952 D.
766 2936 802 2954 τε
823 2933 892 2955 om.
909 2922 954 2956 D.
1079 2922 1130 2956 16.
1158 2921 1362 2966 δορύληπτοι
1382 2920 1474 2955 Edd.
1597 2931 1650 2954 22.
1676 2918 1904 2964 κατῳκήκασι]
1966 2921 1968 2935 ³

336 2965 393 2997 διο
410 2965 554 2998 correxi.
574 2965 790 3011 κιιτῳκὴσοσι
810 2968 901 3002 Edd.
1139 2971 1191 3002 26.
1218 2969 1256 3002 τὸ
1274 2980 1343 3002 om.
1358 2967 1403 3001 D.
1652 2976 1706 3011 27.
1734 2967 1829 3000 Haec
1846 2968 1905 3001 τοῦ

334 3010 445 3055 ἱερέως
463 3018 680 3046 accesserunt
698 3024 739 3046 ex
760 3013 800 3047 B.
817 3014 862 3048 D.
1703 3015 1706 3017 v
