<?xml version="1.0" encoding="UTF-8"?>
<!DOCTYPE html PUBLIC "-//W3C//DTD XHTML 1.0 Transitional//EN"
    "http://www.w3.org/TR/xhtml1/DTD/xhtml1-transitional.dtd">
<html xmlns="http://www.w3.org/1999/xhtml" xml:lang="en" lang="en">
 <head>
  <title>
</title>
<meta http-equiv="Content-Type" content="text/html;charset=utf-8" />
  <meta name='ocr-system' content='tesseract 3.04.00' />
  <meta name='ocr-capabilities' content='ocr_page ocr_carea ocr_par ocr_line ocrx_word'/>
</head>
<body>
  <div class='ocr_page' id='page_1' title='image "./operacyrilli01cyriuoft/operacyrilli01cyriuoft_0221.png"; bbox 0 0 2021 3434; ppageno 0'>
   <div class='ocr_carea' id='block_1_1' title="bbox 132 207 1699 261">
    <p class='ocr_par' dir='ltr' id='par_1_1' title="bbox 132 207 1699 261">
     <span class='ocr_line' id='line_1_1' title="bbox 132 207 1699 261; baseline 0 -12"><span class='ocrx_word' id='word_1_1' title='bbox 132 207 217 250; x_wconf 87' lang='lat' dir='ltr'>viii.</span> <span class='ocrx_word' id='word_1_2' title='bbox 244 222 306 261; x_wconf 86' lang='lat'>14.</span> <span class='ocrx_word' id='word_1_3' title='bbox 560 210 633 250; x_wconf 93' lang='lat' dir='ltr'>IN</span> <span class='ocrx_word' id='word_1_4' title='bbox 674 210 915 251; x_wconf 84' lang='lat' dir='ltr'>OSEAM.</span> <span class='ocrx_word' id='word_1_5' title='bbox 976 209 1128 250; x_wconf 82' lang='lat' dir='ltr'><strong>TOM.</strong></span> <span class='ocrx_word' id='word_1_6' title='bbox 1171 210 1224 250; x_wconf 90' lang='lat' dir='ltr'>V.</span> <span class='ocrx_word' id='word_1_7' title='bbox 1622 211 1699 249; x_wconf 81' lang='lat'>181</span> 
     </span>
    </p>
   </div>
   <div class='ocr_carea' id='block_1_2' title="bbox 71 317 1758 2613">
    <p class='ocr_par' dir='ltr' id='par_1_2' title="bbox 71 317 1758 2613">
     <span class='ocr_line' id='line_1_2' title="bbox 133 317 1705 390; baseline 0.001 -20"><span class='ocrx_word' id='word_1_8' title='bbox 133 322 357 384; x_wconf 87' lang='grc' dir='ltr'>δείματος,</span> <span class='ocrx_word' id='word_1_9' title='bbox 396 322 498 373; x_wconf 87' lang='grc' dir='ltr'>δέον</span> <span class='ocrx_word' id='word_1_10' title='bbox 547 323 712 377; x_wconf 77' lang='grc' dir='ltr'>αὐτοὺς</span> <span class='ocrx_word' id='word_1_11' title='bbox 751 321 858 377; x_wconf 86' lang='grc' dir='ltr'>τούς</span> <span class='ocrx_word' id='word_1_12' title='bbox 900 345 948 373; x_wconf 92' lang='grc' dir='ltr'>τε</span> <span class='ocrx_word' id='word_1_13' title='bbox 990 323 1038 373; x_wconf 85' lang='grc' dir='ltr'>ἐν</span> <span class='ocrx_word' id='word_1_14' title='bbox 1079 325 1136 389; x_wconf 84' lang='grc' dir='ltr'>τῇ</span> <span class='ocrx_word' id='word_1_15' title='bbox 1183 322 1434 390; x_wconf 79' lang='grc' dir='ltr'><em>Σαμαρείᾳ,</em></span> <span class='ocrx_word' id='word_1_16' title='bbox 1475 322 1549 371; x_wconf 79' lang='grc' dir='ltr'>καὶ</span> <span class='ocrx_word' id='word_1_17' title='bbox 1598 317 1705 372; x_wconf 74' lang='grc' dir='ltr'>τοὺς</span> 
     </span>
     <span class='ocr_line' id='line_1_3' title="bbox 131 401 1706 475; baseline 0 -20"><span class='ocrx_word' id='word_1_18' title='bbox 131 405 473 465; x_wconf 82' lang='grc' dir='ltr'>βασιλεύοντας</span> <span class='ocrx_word' id='word_1_19' title='bbox 503 407 552 458; x_wconf 84' lang='grc' dir='ltr'>ἐκ</span> <span class='ocrx_word' id='word_1_20' title='bbox 585 409 740 475; x_wconf 81' lang='grc' dir='ltr'>φυλῆς</span> <span class='ocrx_word' id='word_1_21' title='bbox 763 405 930 469; x_wconf 84' lang='grc' dir='ltr'>Ἰούδα,</span> <span class='ocrx_word' id='word_1_22' title='bbox 954 405 1038 471; x_wconf 85' lang='grc' dir='ltr'>τὴν</span> <span class='ocrx_word' id='word_1_23' title='bbox 1063 403 1191 472; x_wconf 81' lang='grc' dir='ltr'>παρὰ</span> <span class='ocrx_word' id='word_1_24' title='bbox 1217 408 1341 455; x_wconf 83' lang='grc' dir='ltr'>Θεοῦ</span> <span class='ocrx_word' id='word_1_25' title='bbox 1367 409 1447 454; x_wconf 83' lang='grc' dir='ltr'>τοῦ</span> <span class='ocrx_word' id='word_1_26' title='bbox 1474 401 1706 468; x_wconf 74' lang='grc' dir='ltr'>σώζοντος</span> 
     </span>
     <span class='ocr_line' id='line_1_4' title="bbox 132 483 1705 555; baseline -0.003 -17"><span class='ocrx_word' id='word_1_27' title='bbox 132 489 395 555; x_wconf 82' lang='grc' dir='ltr'>ἐπικουρίαν</span> <span class='ocrx_word' id='word_1_28' title='bbox 440 488 600 555; x_wconf 70' lang='grc' dir='ltr'>ζητεῖν,</span> <span class='ocrx_word' id='word_1_29' title='bbox 645 493 708 543; x_wconf 77' lang='grc' dir='ltr'>εἰς</span> <span class='ocrx_word' id='word_1_30' title='bbox 756 487 975 542; x_wconf 84' lang='grc' dir='ltr'>ἐκτόπους</span> <span class='ocrx_word' id='word_1_31' title='bbox 1024 490 1098 539; x_wconf 85' lang='grc' dir='ltr'>καὶ</span> <span class='ocrx_word' id='word_1_32' title='bbox 1147 489 1402 555; x_wconf 80' lang='grc' dir='ltr'>ἀνωφελεῖς</span> <span class='ocrx_word' id='word_1_33' title='bbox 1451 483 1705 552; x_wconf 79' lang='grc' dir='ltr'>ἐτράποντο</span> 
     </span>
     <span class='ocr_line' id='line_1_5' title="bbox 132 568 1700 637; baseline -0.003 -17"><span class='ocrx_word' id='word_1_34' title='bbox 132 570 322 635; x_wconf 79' lang='grc' dir='ltr'>γνώμας</span> <span class='ocrx_word' id='word_1_35' title='bbox 345 572 433 633; x_wconf 77' lang='grc' dir='ltr'>καὶ,</span> <span class='ocrx_word' id='word_1_36' title='bbox 471 575 571 624; x_wconf 88' lang='grc' dir='ltr'>ταῖς</span> <span class='ocrx_word' id='word_1_37' title='bbox 606 570 935 637; x_wconf 87' lang='grc' dir='ltr'>μεταγνώσεσι</span> <span class='ocrx_word' id='word_1_38' title='bbox 973 569 1238 636; x_wconf 82' lang='grc' dir='ltr'>θεραπεύειν</span> <span class='ocrx_word' id='word_1_39' title='bbox 1272 568 1554 637; x_wconf 81' lang='grc' dir='ltr'>ὀφείλοντες,</span> <span class='ocrx_word' id='word_1_40' title='bbox 1589 590 1700 618; x_wconf 89' lang='grc' dir='ltr'>κατ-</span> 
     </span>
     <span class='ocr_line' id='line_1_6' title="bbox 92 649 1703 722; baseline -0.004 -16"><span class='ocrx_word' id='word_1_41' title='bbox 92 667 113 706; x_wconf 88' lang='grc'>5</span> <span class='ocrx_word' id='word_1_42' title='bbox 133 651 338 719; x_wconf 68' lang='grc' dir='ltr'>ηρέθιζὶψ</span> <span class='ocrx_word' id='word_1_43' title='bbox 379 654 451 722; x_wconf 86' lang='grc' dir='ltr'>ἐφ’</span> <span class='ocrx_word' id='word_1_44' title='bbox 488 655 664 706; x_wconf 82' lang='grc' dir='ltr'>ἑαυτοῖς</span> <span class='ocrx_word' id='word_1_45' title='bbox 696 654 770 703; x_wconf 76' lang='grc' dir='ltr'>καὶ</span> <span class='ocrx_word' id='word_1_46' title='bbox 812 652 877 703; x_wconf 79' lang='grc' dir='ltr'>ε”τι</span> <span class='ocrx_word' id='word_1_47' title='bbox 916 651 1131 718; x_wconf 73' lang='grc' dir='ltr'>μειζόνως</span> <span class='ocrx_word' id='word_1_48' title='bbox 1172 649 1254 702; x_wconf 79' lang='grc' dir='ltr'>τὸν</span> <span class='ocrx_word' id='word_1_49' title='bbox 1292 655 1386 701; x_wconf 89' lang='grc' dir='ltr'>τῶν</span> <span class='ocrx_word' id='word_1_50' title='bbox 1424 649 1550 701; x_wconf 78' lang='grc' dir='ltr'>ὅλων</span> <span class='ocrx_word' id='word_1_51' title='bbox 1588 672 1703 715; x_wconf 92' lang='grc' dir='ltr'>κρα-</span> 
     </span>
     <span class='ocr_line' id='line_1_7' title="bbox 133 733 1706 805; baseline -0.003 -20"><span class='ocrx_word' id='word_1_52' title='bbox 133 740 304 785; x_wconf 82' lang='grc' dir='ltr'>τοῦντα</span> <span class='ocrx_word' id='word_1_53' title='bbox 333 735 471 787; x_wconf 90' lang='grc' dir='ltr'>Θεόν.</span> <span class='ocrx_word' id='word_1_54' title='bbox 535 736 560 786; x_wconf 86' lang='grc' dir='ltr'>ὁ</span> <span class='ocrx_word' id='word_1_55' title='bbox 595 734 679 798; x_wconf 80' lang='grc' dir='ltr'>μὲν</span> <span class='ocrx_word' id='word_1_56' title='bbox 715 734 808 801; x_wconf 80' lang='grc' dir='ltr'>γὰρ</span> <span class='ocrx_word' id='word_1_57' title='bbox 833 734 1028 805; x_wconf 61' lang='grc' dir='ltr'>Ἰσραὴλ,</span> <span class='ocrx_word' id='word_1_58' title='bbox 1054 733 1296 784; x_wconf 80' lang='grc' dir='ltr'>τουτέστιν</span> <span class='ocrx_word' id='word_1_59' title='bbox 1334 737 1380 784; x_wconf 80' lang='grc' dir='ltr'>αἱ</span> <span class='ocrx_word' id='word_1_60' title='bbox 1411 733 1520 783; x_wconf 91' lang='grc' dir='ltr'>δέκα</span> <span class='ocrx_word' id='word_1_61' title='bbox 1558 734 1706 800; x_wconf 77' lang='grc' dir='ltr'>φυλαὶ</span> 
     </span>
     <span class='ocr_line' id='line_1_8' title="bbox 134 815 1707 883; baseline -0.001 -16"><span class='ocrx_word' id='word_1_62' title='bbox 134 819 210 867; x_wconf 77' lang='grc' dir='ltr'>καὶ</span> <span class='ocrx_word' id='word_1_63' title='bbox 245 820 286 867; x_wconf 77' lang='grc' dir='ltr'>οἱ</span> <span class='ocrx_word' id='word_1_64' title='bbox 322 816 499 868; x_wconf 90' lang='grc' dir='ltr'>τούτων</span> <span class='ocrx_word' id='word_1_65' title='bbox 533 816 784 882; x_wconf 77' lang='grc' dir='ltr'>ἀνημμένοι</span> <span class='ocrx_word' id='word_1_66' title='bbox 820 815 874 868; x_wconf 82' lang='grc' dir='ltr'>τὸ</span> <span class='ocrx_word' id='word_1_67' title='bbox 912 815 1094 883; x_wconf 78' lang='grc' dir='ltr'>κράτος,</span> <span class='ocrx_word' id='word_1_68' title='bbox 1136 818 1198 868; x_wconf 85' lang='grc' dir='ltr'>ὡς</span> <span class='ocrx_word' id='word_1_69' title='bbox 1236 815 1575 879; x_wconf 87' lang='grc' dir='ltr'>λελυπημένοις</span> <span class='ocrx_word' id='word_1_70' title='bbox 1612 818 1707 866; x_wconf 83' lang='grc' dir='ltr'>τοῖς</span> 
     </span>
     <span class='ocr_line' id='line_1_9' title="bbox 135 895 1708 965; baseline 0 -16"><span class='ocrx_word' id='word_1_71' title='bbox 135 900 354 963; x_wconf 83' lang='grc' dir='ltr'>δαίμοσιν</span> <span class='ocrx_word' id='word_1_72' title='bbox 391 899 537 965; x_wconf 73' lang='grc' dir='ltr'>ἤγουν</span> <span class='ocrx_word' id='word_1_73' title='bbox 570 902 845 963; x_wconf 83' lang='grc' dir='ltr'>ἀποστῆσαι</span> <span class='ocrx_word' id='word_1_74' title='bbox 883 897 1146 963; x_wconf 77' lang='grc' dir='ltr'>δυναμένοις</span> <span class='ocrx_word' id='word_1_75' title='bbox 1183 896 1268 962; x_wconf 84' lang='grc' dir='ltr'>τὴν</span> <span class='ocrx_word' id='word_1_76' title='bbox 1305 895 1501 960; x_wconf 84' lang='grc' dir='ltr'>ἅλωσιν,</span> <span class='ocrx_word' id='word_1_77' title='bbox 1526 895 1708 949; x_wconf 78' lang='grc' dir='ltr'>καὶτὰς</span> 
     </span>
     <span class='ocr_line' id='line_1_10' title="bbox 134 978 1749 1050; baseline -0.004 -18"><span class='ocrx_word' id='word_1_78' title='bbox 134 986 228 1032; x_wconf 89' lang='grc' dir='ltr'>τῶν</span> <span class='ocrx_word' id='word_1_79' title='bbox 265 983 500 1045; x_wconf 89' lang='grc' dir='ltr'>πολεμίων</span> <span class='ocrx_word' id='word_1_80' title='bbox 544 981 803 1050; x_wconf 79' lang='grc' dir='ltr'>ἀνατρέψαι</span> <span class='ocrx_word' id='word_1_81' title='bbox 844 981 1114 1049; x_wconf 82' lang='grc' dir='ltr'>φάλαγγας,</span> <span class='ocrx_word' id='word_1_82' title='bbox 1156 982 1231 1031; x_wconf 78' lang='grc' dir='ltr'>καὶ</span> <span class='ocrx_word' id='word_1_83' title='bbox 1268 980 1486 1032; x_wconf 87' lang='grc' dir='ltr'>πλειόνας</span> <span class='ocrx_word' id='word_1_84' title='bbox 1524 978 1589 1029; x_wconf 75' lang='grc' dir='ltr'>ε”τι</span> <span class='ocrx_word' id='word_1_85' title='bbox 1626 978 1749 1032; x_wconf 79' lang='grc' dir='ltr'>τὰςο</span> 
     </span>
     <span class='ocr_line' id='line_1_11' title="bbox 71 1060 1704 1130; baseline -0.002 -15"><span class='ocrx_word' id='word_1_86' title='bbox 71 1086 116 1110; x_wconf 91' lang='lat'>10</span> <span class='ocrx_word' id='word_1_87' title='bbox 137 1065 380 1130; x_wconf 84' lang='grc' dir='ltr'>θεραπείας</span> <span class='ocrx_word' id='word_1_88' title='bbox 416 1067 681 1130; x_wconf 83' lang='grc' dir='ltr'>προσῆγον·</span> <span class='ocrx_word' id='word_1_89' title='bbox 737 1061 1141 1128; x_wconf 87' lang='grc' dir='ltr'>ἐκμειλισσόμενοι</span> <span class='ocrx_word' id='word_1_90' title='bbox 1180 1062 1227 1113; x_wconf 81' lang='grc' dir='ltr'>δὲ</span> <span class='ocrx_word' id='word_1_91' title='bbox 1265 1060 1439 1128; x_wconf 79' lang='grc' dir='ltr'>ὥσπερ,</span> <span class='ocrx_word' id='word_1_92' title='bbox 1475 1063 1551 1112; x_wconf 78' lang='grc' dir='ltr'>καὶ</span> <span class='ocrx_word' id='word_1_93' title='bbox 1589 1065 1704 1111; x_wconf 92' lang='grc' dir='ltr'>καθ-</span> 
     </span>
     <span class='ocr_line' id='line_1_12' title="bbox 137 1143 1708 1217; baseline -0.002 -21"><span class='ocrx_word' id='word_1_94' title='bbox 137 1145 348 1200; x_wconf 82' lang='grc' dir='ltr'>ιστάντες</span> <span class='ocrx_word' id='word_1_95' title='bbox 382 1147 593 1210; x_wconf 83' lang='grc' dir='ltr'>εὐμενεῖς,</span> <span class='ocrx_word' id='word_1_96' title='bbox 618 1144 859 1217; x_wconf 62' lang='grc' dir='ltr'>ῷκοὸἕμουν</span> <span class='ocrx_word' id='word_1_97' title='bbox 892 1144 1056 1215; x_wconf 70' lang='grc' dir='ltr'>τεμένη,</span> <span class='ocrx_word' id='word_1_98' title='bbox 1084 1147 1159 1195; x_wconf 78' lang='grc' dir='ltr'>καὶ</span> <span class='ocrx_word' id='word_1_99' title='bbox 1192 1143 1380 1207; x_wconf 76' lang='grc' dir='ltr'>βωμοὺς</span> <span class='ocrx_word' id='word_1_100' title='bbox 1416 1144 1464 1195; x_wconf 76' lang='grc' dir='ltr'>δὲ</span> <span class='ocrx_word' id='word_1_101' title='bbox 1497 1144 1708 1194; x_wconf 87' lang='grc' dir='ltr'>ἐναπετί-</span> 
     </span>
     <span class='ocr_line' id='line_1_13' title="bbox 137 1222 1713 1292; baseline 0.001 -14"><span class='ocrx_word' id='word_1_102' title='bbox 137 1231 284 1291; x_wconf 90' lang='grc' dir='ltr'>θεντο,</span> <span class='ocrx_word' id='word_1_103' title='bbox 325 1230 400 1279; x_wconf 79' lang='grc' dir='ltr'>καὶ</span> <span class='ocrx_word' id='word_1_104' title='bbox 449 1227 668 1280; x_wconf 82' lang='grc' dir='ltr'>πλείοσιν</span> <span class='ocrx_word' id='word_1_105' title='bbox 708 1229 774 1279; x_wconf 72' lang='grc' dir='ltr'>ε”τι</span> <span class='ocrx_word' id='word_1_106' title='bbox 818 1229 1001 1281; x_wconf 84' lang='grc' dir='ltr'>θυσίαις</span> <span class='ocrx_word' id='word_1_107' title='bbox 1051 1228 1236 1291; x_wconf 81' lang='grc' dir='ltr'>ἐτίμων·</span> <span class='ocrx_word' id='word_1_108' title='bbox 1293 1228 1318 1277; x_wconf 84' lang='grc' dir='ltr'>ὁ</span> <span class='ocrx_word' id='word_1_109' title='bbox 1361 1227 1416 1277; x_wconf 90' lang='grc' dir='ltr'>δέ</span> <span class='ocrx_word' id='word_1_110' title='bbox 1450 1249 1504 1292; x_wconf 91' lang='grc' dir='ltr'>γε</span> <span class='ocrx_word' id='word_1_111' title='bbox 1545 1222 1713 1280; x_wconf 54' lang='grc' dir='ltr'>Ἰούδας</span> 
     </span>
     <span class='ocr_line' id='line_1_14' title="bbox 137 1309 1711 1377; baseline -0.001 -17"><span class='ocrx_word' id='word_1_112' title='bbox 137 1311 427 1377; x_wconf 75' lang='grc' dir='ltr'>ὀχυρωτερας</span> <span class='ocrx_word' id='word_1_113' title='bbox 461 1311 591 1362; x_wconf 77' lang='grc' dir='ltr'>ἐποίει</span> <span class='ocrx_word' id='word_1_114' title='bbox 625 1309 708 1364; x_wconf 79' lang='grc' dir='ltr'>τὰς</span> <span class='ocrx_word' id='word_1_115' title='bbox 742 1311 904 1362; x_wconf 81' lang='grc' dir='ltr'>ἑαυτοῦ</span> <span class='ocrx_word' id='word_1_116' title='bbox 939 1311 1107 1372; x_wconf 75' lang='grc' dir='ltr'>πόλεις,</span> <span class='ocrx_word' id='word_1_117' title='bbox 1135 1309 1282 1362; x_wconf 82' lang='grc' dir='ltr'>λίθοις</span> <span class='ocrx_word' id='word_1_118' title='bbox 1308 1314 1496 1369; x_wconf 83' lang='grc' dir='ltr'>μᾶλλον</span> <span class='ocrx_word' id='word_1_119' title='bbox 1522 1310 1711 1375; x_wconf 88' lang='grc' dir='ltr'>ἐπιθαρ-</span> 
     </span>
     <span class='ocr_line' id='line_1_15' title="bbox 136 1389 1714 1463; baseline -0.001 -21"><span class='ocrx_word' id='word_1_120' title='bbox 136 1391 308 1456; x_wconf 81' lang='grc' dir='ltr'>σήσας,</span> <span class='ocrx_word' id='word_1_121' title='bbox 340 1393 393 1443; x_wconf 83' lang='grc' dir='ltr'>οὐ</span> <span class='ocrx_word' id='word_1_122' title='bbox 423 1396 543 1463; x_wconf 72' lang='grc' dir='ltr'>Θεῷ,</span> <span class='ocrx_word' id='word_1_123' title='bbox 571 1394 717 1443; x_wconf 89' lang='grc' dir='ltr'>καίτοι</span> <span class='ocrx_word' id='word_1_124' title='bbox 744 1392 931 1458; x_wconf 88' lang='grc' dir='ltr'>λέγοντι</span> <span class='ocrx_word' id='word_1_125' title='bbox 956 1396 1127 1461; x_wconf 80' lang='grc' dir='ltr'>σαφῶς</span> <span class='ocrx_word' id='word_1_126' title='bbox 1151 1394 1254 1458; x_wconf 75' lang='grc' dir='ltr'>περὶ</span> <span class='ocrx_word' id='word_1_127' title='bbox 1280 1395 1361 1456; x_wconf 83' lang='grc' dir='ltr'>τῆς</span> <span class='ocrx_word' id='word_1_128' title='bbox 1386 1389 1714 1458; x_wconf 83' lang='grc' dir='ltr'>Ἰερουσαλὴμ,</span> 
     </span>
     <span class='ocr_line' id='line_1_16' title="bbox 72 1473 1712 1543; baseline -0.001 -18"><span class='ocrx_word' id='word_1_129' title='bbox 72 1497 118 1535; x_wconf 92' lang='lat'>15</span> <span class='ocrx_word' id='word_1_130' title='bbox 139 1474 209 1525; x_wconf 80' lang='grc' dir='ltr'>ὅτι</span> <span class='ocrx_word' id='word_1_131' title='bbox 235 1482 260 1504; x_wconf 81' lang='grc'>“</span> <span class='ocrx_word' id='word_1_132' title='bbox 275 1473 404 1540; x_wconf 82' lang='grc' dir='ltr'>Ἐγὼ</span> <span class='ocrx_word' id='word_1_133' title='bbox 424 1475 590 1539; x_wconf 78' lang='grc' dir='ltr'>ἔσομαι</span> <span class='ocrx_word' id='word_1_134' title='bbox 617 1476 750 1543; x_wconf 80' lang='grc' dir='ltr'>αὐτῇ,</span> <span class='ocrx_word' id='word_1_135' title='bbox 776 1475 899 1541; x_wconf 89' lang='grc' dir='ltr'>λέγει</span> <span class='ocrx_word' id='word_1_136' title='bbox 925 1474 1110 1542; x_wconf 86' lang='grc' dir='ltr'>Κύριος,</span> <span class='ocrx_word' id='word_1_137' title='bbox 1130 1478 1281 1542; x_wconf 81' lang='grc' dir='ltr'>τεῖχος</span> <span class='ocrx_word' id='word_1_138' title='bbox 1305 1473 1451 1541; x_wconf 83' lang='grc' dir='ltr'>πυρὸς</span> <span class='ocrx_word' id='word_1_139' title='bbox 1475 1473 1712 1534; x_wconf 86' lang='grc' dir='ltr'>κυκλόθεν,</span> 
     </span>
     <span class='ocr_line' id='line_1_17' title="bbox 139 1555 1714 1627; baseline -0.001 -19"><span class='ocrx_word' id='word_1_140' title='bbox 139 1564 165 1587; x_wconf 80' lang='grc'><strong>“</strong></span> <span class='ocrx_word' id='word_1_141' title='bbox 191 1558 267 1608; x_wconf 78' lang='grc' dir='ltr'>καὶ</span> <span class='ocrx_word' id='word_1_142' title='bbox 308 1561 369 1611; x_wconf 80' lang='grc' dir='ltr'>εἷς</span> <span class='ocrx_word' id='word_1_143' title='bbox 411 1556 554 1626; x_wconf 74' lang='grc' dir='ltr'>δόξαν</span> <span class='ocrx_word' id='word_1_144' title='bbox 599 1558 766 1620; x_wconf 67' lang='grc' dir='ltr'>ε”ο-ομαι</span> <span class='ocrx_word' id='word_1_145' title='bbox 804 1559 851 1608; x_wconf 84' lang='grc' dir='ltr'>ἐν</span> <span class='ocrx_word' id='word_1_146' title='bbox 894 1557 1025 1627; x_wconf 79' lang='grc' dir='ltr'>μέσῳ</span> <span class='ocrx_word' id='word_1_147' title='bbox 1068 1558 1249 1621; x_wconf 81' lang='grc' dir='ltr'>αὐτῆς.”</span> <span class='ocrx_word' id='word_1_148' title='bbox 1319 1557 1429 1607; x_wconf 82' lang='grc' dir='ltr'>ἀλλ’</span> <span class='ocrx_word' id='word_1_149' title='bbox 1463 1557 1593 1607; x_wconf 71' lang='grc' dir='ltr'>οὐδὲν</span> <span class='ocrx_word' id='word_1_150' title='bbox 1630 1555 1714 1620; x_wconf 77' lang='grc' dir='ltr'>μὲν</span> 
     </span>
     <span class='ocr_line' id='line_1_18' title="bbox 137 1637 1758 1710; baseline -0.001 -20"><span class='ocrx_word' id='word_1_151' title='bbox 137 1637 291 1703; x_wconf 74' lang='grc' dir='ltr'>ὤνησε</span> <span class='ocrx_word' id='word_1_152' title='bbox 328 1639 382 1690; x_wconf 85' lang='grc' dir='ltr'>τὸ</span> <span class='ocrx_word' id='word_1_153' title='bbox 421 1643 580 1707; x_wconf 83' lang='grc' dir='ltr'>χρῆμα</span> <span class='ocrx_word' id='word_1_154' title='bbox 613 1639 694 1690; x_wconf 82' lang='grc' dir='ltr'>τὸν</span> <span class='ocrx_word' id='word_1_155' title='bbox 718 1639 938 1707; x_wconf 79' lang='grc' dir='ltr'>Ἰσραήλ’</span> <span class='ocrx_word' id='word_1_156' title='bbox 989 1642 1071 1710; x_wconf 67' lang='grc' dir='ltr'>πῦρ</span> <span class='ocrx_word' id='word_1_157' title='bbox 1105 1639 1151 1691; x_wconf 76' lang='grc' dir='ltr'>δὲ</span> <span class='ocrx_word' id='word_1_158' title='bbox 1182 1643 1282 1694; x_wconf 68' lang='grc' dir='ltr'>ταῖς</span> <span class='ocrx_word' id='word_1_159' title='bbox 1312 1642 1493 1691; x_wconf 75' lang='grc' dir='ltr'>πόλεσιν</span> <span class='ocrx_word' id='word_1_160' title='bbox 1528 1637 1709 1706; x_wconf 83' lang='grc' dir='ltr'>ἐπαφή-</span> <span class='ocrx_word' id='word_1_161' title='bbox 1731 1648 1758 1689; x_wconf 81' lang='lat' dir='ltr'><strong>d</strong></span> 
     </span>
     <span class='ocr_line' id='line_1_19' title="bbox 137 1721 1713 1788; baseline 0 -16"><span class='ocrx_word' id='word_1_162' title='bbox 137 1744 239 1772; x_wconf 91' lang='grc' dir='ltr'>σειν</span> <span class='ocrx_word' id='word_1_163' title='bbox 272 1726 372 1776; x_wconf 84' lang='grc' dir='ltr'>ταῖς</span> <span class='ocrx_word' id='word_1_164' title='bbox 397 1723 566 1785; x_wconf 81' lang='grc' dir='ltr'>Ἰούδα,</span> <span class='ocrx_word' id='word_1_165' title='bbox 596 1721 765 1773; x_wconf 83' lang='grc' dir='ltr'>λοιπὸν</span> <span class='ocrx_word' id='word_1_166' title='bbox 800 1723 1034 1787; x_wconf 87' lang='grc' dir='ltr'>ἐπηπείλει</span> <span class='ocrx_word' id='word_1_167' title='bbox 1069 1724 1093 1773; x_wconf 88' lang='grc' dir='ltr'>ὁ</span> <span class='ocrx_word' id='word_1_168' title='bbox 1121 1722 1255 1786; x_wconf 86' lang='grc' dir='ltr'>Θεός,</span> <span class='ocrx_word' id='word_1_169' title='bbox 1287 1721 1713 1788; x_wconf 78' lang='grc' dir='ltr'>καταπιμπράντων</span> 
     </span>
     <span class='ocr_line' id='line_1_20' title="bbox 138 1803 1714 1870; baseline 0.002 -16"><span class='ocrx_word' id='word_1_170' title='bbox 138 1803 277 1858; x_wconf 78' lang='grc' dir='ltr'>αὐτὰς</span> <span class='ocrx_word' id='word_1_171' title='bbox 321 1804 537 1869; x_wconf 88' lang='grc' dir='ltr'>δηλονότι</span> <span class='ocrx_word' id='word_1_172' title='bbox 574 1809 667 1856; x_wconf 90' lang='grc' dir='ltr'>τῶν</span> <span class='ocrx_word' id='word_1_173' title='bbox 706 1806 1038 1867; x_wconf 80' lang='grc' dir='ltr'>Βαβυλωνίων,</span> <span class='ocrx_word' id='word_1_174' title='bbox 1072 1805 1114 1856; x_wconf 76' lang='grc' dir='ltr'>οἳ</span> <span class='ocrx_word' id='word_1_175' title='bbox 1148 1808 1231 1869; x_wconf 81' lang='grc' dir='ltr'>τῆς</span> <span class='ocrx_word' id='word_1_176' title='bbox 1269 1809 1330 1859; x_wconf 80' lang='grc' dir='ltr'>εἷς</span> <span class='ocrx_word' id='word_1_177' title='bbox 1368 1804 1534 1858; x_wconf 75' lang='grc' dir='ltr'>αὐτοὺς</span> <span class='ocrx_word' id='word_1_178' title='bbox 1571 1805 1714 1870; x_wconf 75' lang='grc' dir='ltr'>ὀργῆς</span> 
     </span>
     <span class='ocr_line' id='line_1_21' title="bbox 72 1885 1714 1954; baseline 0.001 -19"><span class='ocrx_word' id='word_1_179' title='bbox 72 1910 119 1934; x_wconf 86' lang='lat'>20</span> <span class='ocrx_word' id='word_1_180' title='bbox 139 1885 394 1952; x_wconf 87' lang='grc' dir='ltr'>γεγόνασιν</span> <span class='ocrx_word' id='word_1_181' title='bbox 425 1888 662 1954; x_wconf 83' lang='grc' dir='ltr'>ὑπουργοί.</span> <span class='ocrx_word' id='word_1_182' title='bbox 725 1888 953 1939; x_wconf 82' lang='grc' dir='ltr'>διασώσει</span> <span class='ocrx_word' id='word_1_183' title='bbox 987 1887 1043 1952; x_wconf 85' lang='grc' dir='ltr'>δὴ</span> <span class='ocrx_word' id='word_1_184' title='bbox 1079 1888 1160 1939; x_wconf 72' lang='grc' dir='ltr'>οὖν</span> <span class='ocrx_word' id='word_1_185' title='bbox 1196 1892 1438 1940; x_wconf 83' lang='grc' dir='ltr'>παντελῶς</span> <span class='ocrx_word' id='word_1_186' title='bbox 1472 1887 1602 1938; x_wconf 76' lang='grc' dir='ltr'>οὐδὲν</span> <span class='ocrx_word' id='word_1_187' title='bbox 1632 1886 1714 1937; x_wconf 83' lang='grc' dir='ltr'>τὸν</span> 
     </span>
     <span class='ocr_line' id='line_1_22' title="bbox 139 1969 1707 2038; baseline -0.001 -19"><span class='ocrx_word' id='word_1_188' title='bbox 139 1972 247 2038; x_wconf 67' lang='grc' dir='ltr'>Θεῷ</span> <span class='ocrx_word' id='word_1_189' title='bbox 271 1969 644 2036; x_wconf 82' lang='grc' dir='ltr'>προσκρούοντα·</span> <span class='ocrx_word' id='word_1_190' title='bbox 687 1972 762 2021; x_wconf 74' lang='grc' dir='ltr'>καὶ</span> <span class='ocrx_word' id='word_1_191' title='bbox 788 1970 925 2036; x_wconf 73' lang='grc' dir='ltr'>ζημία</span> <span class='ocrx_word' id='word_1_192' title='bbox 956 1969 1040 2034; x_wconf 76' lang='grc' dir='ltr'>μὲν</span> <span class='ocrx_word' id='word_1_193' title='bbox 1076 1969 1461 2036; x_wconf 82' lang='grc' dir='ltr'>ὁμολογουμένως</span> <span class='ocrx_word' id='word_1_194' title='bbox 1486 1971 1559 2020; x_wconf 71' lang='grc' dir='ltr'>καὶ</span> <span class='ocrx_word' id='word_1_195' title='bbox 1586 1971 1707 2033; x_wconf 86' lang='grc' dir='ltr'>ἀμα-</span> 
     </span>
     <span class='ocr_line' id='line_1_23' title="bbox 139 2049 1712 2117; baseline -0.001 -15"><span class='ocrx_word' id='word_1_196' title='bbox 139 2051 240 2104; x_wconf 89' lang='grc' dir='ltr'>θίας</span> <span class='ocrx_word' id='word_1_197' title='bbox 264 2050 479 2117; x_wconf 79' lang='grc' dir='ltr'>ε”γκλημα</span> <span class='ocrx_word' id='word_1_198' title='bbox 499 2050 680 2116; x_wconf 82' lang='grc' dir='ltr'>λοιπὸν,</span> <span class='ocrx_word' id='word_1_199' title='bbox 701 2057 889 2116; x_wconf 84' lang='grc' dir='ltr'>μᾶλλον</span> <span class='ocrx_word' id='word_1_200' title='bbox 915 2052 962 2103; x_wconf 77' lang='grc' dir='ltr'>δὲ</span> <span class='ocrx_word' id='word_1_201' title='bbox 986 2053 1266 2113; x_wconf 84' lang='grc' dir='ltr'>δυσσεβείας</span> <span class='ocrx_word' id='word_1_202' title='bbox 1291 2055 1372 2116; x_wconf 83' lang='grc' dir='ltr'>τῆς</span> <span class='ocrx_word' id='word_1_203' title='bbox 1398 2051 1632 2114; x_wconf 78' lang='grc' dir='ltr'>α’νωτοῖτω,</span> <span class='ocrx_word' id='word_1_204' title='bbox 1658 2049 1712 2102; x_wconf 81' lang='grc' dir='ltr'>τὸ</span> 
     </span>
     <span class='ocr_line' id='line_1_24' title="bbox 138 2133 1713 2202; baseline 0.001 -19"><span class='ocrx_word' id='word_1_205' title='bbox 138 2137 237 2186; x_wconf 90' lang='grc' dir='ltr'>ταῖς</span> <span class='ocrx_word' id='word_1_206' title='bbox 264 2137 357 2184; x_wconf 90' lang='grc' dir='ltr'>τῶν</span> <span class='ocrx_word' id='word_1_207' title='bbox 382 2135 631 2198; x_wconf 90' lang='grc' dir='ltr'>δαιμονίων</span> <span class='ocrx_word' id='word_1_208' title='bbox 655 2136 974 2202; x_wconf 84' lang='grc' dir='ltr'>ἐπιθαρσῆσαι</span> <span class='ocrx_word' id='word_1_209' title='bbox 1000 2134 1239 2199; x_wconf 78' lang='grc' dir='ltr'>δυνάμεσι·</span> <span class='ocrx_word' id='word_1_210' title='bbox 1279 2138 1402 2186; x_wconf 83' lang='grc' dir='ltr'>Θεοῦ</span> <span class='ocrx_word' id='word_1_211' title='bbox 1429 2133 1477 2185; x_wconf 76' lang='grc' dir='ltr'>δὲ</span> <span class='ocrx_word' id='word_1_212' title='bbox 1503 2140 1713 2197; x_wconf 85' lang='grc' dir='ltr'>λελυπη-</span> 
     </span>
     <span class='ocr_line' id='line_1_25' title="bbox 138 2215 1714 2283; baseline 0 -17"><span class='ocrx_word' id='word_1_213' title='bbox 138 2215 276 2279; x_wconf 89' lang='grc' dir='ltr'>μένου</span> <span class='ocrx_word' id='word_1_214' title='bbox 313 2218 387 2266; x_wconf 80' lang='grc' dir='ltr'>καὶ</span> <span class='ocrx_word' id='word_1_215' title='bbox 422 2216 761 2283; x_wconf 80' lang='grc' dir='ltr'>παραλύοντος,</span> <span class='ocrx_word' id='word_1_216' title='bbox 790 2216 920 2268; x_wconf 75' lang='grc' dir='ltr'>οὐδὲν</span> <span class='ocrx_word' id='word_1_217' title='bbox 953 2217 1094 2282; x_wconf 78' lang='grc' dir='ltr'>ἧττον</span> <span class='ocrx_word' id='word_1_218' title='bbox 1128 2216 1303 2280; x_wconf 77' lang='grc' dir='ltr'>ἀμαθὲς</span> <span class='ocrx_word' id='word_1_219' title='bbox 1332 2215 1385 2267; x_wconf 80' lang='grc' dir='ltr'>τὸ</span> <span class='ocrx_word' id='word_1_220' title='bbox 1416 2215 1591 2281; x_wconf 85' lang='grc' dir='ltr'>γηίνοις</span> <span class='ocrx_word' id='word_1_221' title='bbox 1617 2217 1714 2267; x_wconf 85' lang='grc' dir='ltr'>ἐπι-</span> 
     </span>
     <span class='ocr_line' id='line_1_26' title="bbox 73 2296 1715 2365; baseline 0.002 -18"><span class='ocrx_word' id='word_1_222' title='bbox 73 2320 120 2358; x_wconf 88' lang='lat'>25</span> <span class='ocrx_word' id='word_1_223' title='bbox 140 2296 401 2365; x_wconf 85' lang='grc' dir='ltr'>κουρήμασι</span> <span class='ocrx_word' id='word_1_224' title='bbox 445 2298 779 2365; x_wconf 75' lang='grc' dir='ltr'>διαπαίζεσθαι.</span> <span class='ocrx_word' id='word_1_225' title='bbox 844 2302 916 2350; x_wconf 90' lang='grc' dir='ltr'>δεῖ</span> <span class='ocrx_word' id='word_1_226' title='bbox 952 2301 997 2351; x_wconf 76' lang='grc' dir='ltr'>δὲ</span> <span class='ocrx_word' id='word_1_227' title='bbox 1037 2299 1093 2365; x_wconf 88' lang='grc' dir='ltr'>δὴ</span> <span class='ocrx_word' id='word_1_228' title='bbox 1137 2304 1327 2363; x_wconf 81' lang='grc' dir='ltr'>μᾶλλον</span> <span class='ocrx_word' id='word_1_229' title='bbox 1363 2300 1515 2365; x_wconf 82' lang='grc' dir='ltr'>εὐχαῖς</span> <span class='ocrx_word' id='word_1_230' title='bbox 1552 2321 1601 2348; x_wconf 91' lang='grc' dir='ltr'>τε</span> <span class='ocrx_word' id='word_1_231' title='bbox 1639 2301 1715 2350; x_wconf 79' lang='grc' dir='ltr'>καὶ</span> 
     </span>
     <span class='ocr_line' id='line_1_27' title="bbox 139 2379 1710 2449; baseline 0 -19"><span class='ocrx_word' id='word_1_232' title='bbox 139 2380 494 2446; x_wconf 87' lang='grc' dir='ltr'>μεταγνώσεσιν</span> <span class='ocrx_word' id='word_1_233' title='bbox 532 2381 878 2449; x_wconf 87' lang='grc' dir='ltr'>ἀποκρούεσθαι</span> <span class='ocrx_word' id='word_1_234' title='bbox 916 2382 1001 2446; x_wconf 87' lang='grc' dir='ltr'>τὴν</span> <span class='ocrx_word' id='word_1_235' title='bbox 1039 2382 1196 2448; x_wconf 86' lang='grc' dir='ltr'>ὀργήν·</span> <span class='ocrx_word' id='word_1_236' title='bbox 1238 2382 1339 2432; x_wconf 76' lang='grc' dir='ltr'>ἔστι</span> <span class='ocrx_word' id='word_1_237' title='bbox 1376 2379 1469 2446; x_wconf 77' lang='grc' dir='ltr'>γὰρ</span> <span class='ocrx_word' id='word_1_238' title='bbox 1495 2387 1522 2409; x_wconf 82' lang='grc'><strong>“</strong></span> <span class='ocrx_word' id='word_1_239' title='bbox 1542 2381 1710 2448; x_wconf 78' lang='grc' dir='ltr'>οἰκτίρ-</span> 
     </span>
     <span class='ocr_line' id='line_1_28' title="bbox 140 2463 1710 2531; baseline 0.002 -17"><span class='ocrx_word' id='word_1_240' title='bbox 140 2470 168 2492; x_wconf 85' lang='grc'><strong>“</strong></span> <span class='ocrx_word' id='word_1_241' title='bbox 191 2487 294 2528; x_wconf 91' lang='grc' dir='ltr'>μων</span> <span class='ocrx_word' id='word_1_242' title='bbox 331 2467 406 2516; x_wconf 83' lang='grc' dir='ltr'>καὶ</span> <span class='ocrx_word' id='word_1_243' title='bbox 443 2465 619 2531; x_wconf 82' lang='grc' dir='ltr'>ἀγαθὸς</span> <span class='ocrx_word' id='word_1_244' title='bbox 657 2468 732 2517; x_wconf 77' lang='grc' dir='ltr'>καὶ</span> <span class='ocrx_word' id='word_1_245' title='bbox 770 2470 1008 2529; x_wconf 82' lang='grc' dir='ltr'>μετανοῶν</span> <span class='ocrx_word' id='word_1_246' title='bbox 1042 2467 1115 2517; x_wconf 84' lang='grc' dir='ltr'>ἐπὶ</span> <span class='ocrx_word' id='word_1_247' title='bbox 1153 2470 1252 2519; x_wconf 83' lang='grc' dir='ltr'>ταῖς</span> <span class='ocrx_word' id='word_1_248' title='bbox 1278 2466 1479 2518; x_wconf 87' lang='grc' dir='ltr'>κακίαις”</span> <span class='ocrx_word' id='word_1_249' title='bbox 1509 2463 1627 2515; x_wconf 81' lang='grc' dir='ltr'>κατὰ</span> <span class='ocrx_word' id='word_1_250' title='bbox 1657 2464 1710 2517; x_wconf 80' lang='grc' dir='ltr'>τὸ</span> 
     </span>
     <span class='ocr_line' id='line_1_29' title="bbox 139 2547 479 2613; baseline 0.009 -18"><span class='ocrx_word' id='word_1_251' title='bbox 139 2547 479 2613; x_wconf 85' lang='grc' dir='ltr'>γεγραμμένον.</span> 
     </span>
    </p>
   </div>
   <div class='ocr_carea' id='block_1_3' title="bbox 141 2690 1714 2976">
    <p class='ocr_par' dir='ltr' id='par_1_3' title="bbox 141 2690 1714 2976">
     <span class='ocr_line' id='line_1_30' title="bbox 191 2690 1712 2739; baseline 0.003 -15"><span class='ocrx_word' id='word_1_252' title='bbox 191 2702 220 2724; x_wconf 96' lang='lat'>1.</span> <span class='ocrx_word' id='word_1_253' title='bbox 246 2690 381 2736; x_wconf 82' lang='grc' dir='ltr'>αὐτοὺς]</span> <span class='ocrx_word' id='word_1_254' title='bbox 402 2692 515 2727; x_wconf 82' lang='grc' dir='ltr'>αὐταῖς</span> <span class='ocrx_word' id='word_1_255' title='bbox 533 2693 611 2736; x_wconf 85' lang='lat' dir='ltr'>(sic)</span> <span class='ocrx_word' id='word_1_256' title='bbox 632 2691 678 2727; x_wconf 90' lang='lat' dir='ltr'>D.</span> <span class='ocrx_word' id='word_1_257' title='bbox 727 2694 766 2735; x_wconf 85' lang='grc' dir='ltr'>τῇ</span> <span class='ocrx_word' id='word_1_258' title='bbox 785 2698 1005 2737; x_wconf 81' lang='lat' dir='ltr'><strong>assumptum</strong></span> <span class='ocrx_word' id='word_1_259' title='bbox 1023 2705 1064 2727; x_wconf 86' lang='lat' dir='ltr'>ex</span> <span class='ocrx_word' id='word_1_260' title='bbox 1082 2693 1129 2726; x_wconf 88' lang='lat' dir='ltr'>D.</span> <span class='ocrx_word' id='word_1_261' title='bbox 1358 2704 1389 2726; x_wconf 90' lang='lat'>2.</span> <span class='ocrx_word' id='word_1_262' title='bbox 1415 2695 1473 2727; x_wconf 87' lang='grc' dir='ltr'>τοῦ</span> <span class='ocrx_word' id='word_1_263' title='bbox 1491 2702 1712 2739; x_wconf 84' lang='lat' dir='ltr'><strong>assumptum</strong></span> 
     </span>
     <span class='ocr_line' id='line_1_31' title="bbox 141 2737 1712 2785; baseline 0.003 -14"><span class='ocrx_word' id='word_1_264' title='bbox 141 2749 182 2771; x_wconf 86' lang='lat' dir='ltr'>ex</span> <span class='ocrx_word' id='word_1_265' title='bbox 201 2737 292 2772; x_wconf 88' lang='lat' dir='ltr'><strong>B.D.</strong></span> <span class='ocrx_word' id='word_1_266' title='bbox 616 2750 648 2783; x_wconf 84' lang='lat'>3.</span> <span class='ocrx_word' id='word_1_267' title='bbox 675 2739 704 2772; x_wconf 86' lang='grc' dir='ltr'>εἷ</span> <span class='ocrx_word' id='word_1_268' title='bbox 721 2750 783 2782; x_wconf 87' lang='lat' dir='ltr'>pro</span> <span class='ocrx_word' id='word_1_269' title='bbox 800 2739 845 2774; x_wconf 85' lang='grc' dir='ltr'>εἷς</span> <span class='ocrx_word' id='word_1_270' title='bbox 863 2739 955 2773; x_wconf 84' lang='lat' dir='ltr'>Edd.</span> <span class='ocrx_word' id='word_1_271' title='bbox 1298 2748 1329 2784; x_wconf 86' lang='lat'>7.</span> <span class='ocrx_word' id='word_1_272' title='bbox 1356 2739 1453 2774; x_wconf 80' lang='lat' dir='ltr'>Haec</span> <span class='ocrx_word' id='word_1_273' title='bbox 1470 2742 1539 2776; x_wconf 84' lang='grc' dir='ltr'>τοῖς</span> <span class='ocrx_word' id='word_1_274' title='bbox 1555 2741 1712 2785; x_wconf 82' lang='grc' dir='ltr'>δαίμοσιν</span> 
     </span>
     <span class='ocr_line' id='line_1_32' title="bbox 141 2784 1710 2834; baseline 0.004 -17"><span class='ocrx_word' id='word_1_275' title='bbox 141 2786 243 2828; x_wconf 76' lang='grc' dir='ltr'>ἤγουν</span> <span class='ocrx_word' id='word_1_276' title='bbox 259 2784 452 2827; x_wconf 82' lang='grc' dir='ltr'>ἀποστῆσαι</span> <span class='ocrx_word' id='word_1_277' title='bbox 469 2785 661 2828; x_wconf 78' lang='grc' dir='ltr'>δυναμένοις</span> <span class='ocrx_word' id='word_1_278' title='bbox 677 2792 896 2819; x_wconf 84' lang='lat' dir='ltr'>accesserunt</span> <span class='ocrx_word' id='word_1_279' title='bbox 912 2798 953 2819; x_wconf 83' lang='lat' dir='ltr'>ex</span> <span class='ocrx_word' id='word_1_280' title='bbox 975 2786 1066 2820; x_wconf 87' lang='lat' dir='ltr'><strong>B.D.</strong></span> <span class='ocrx_word' id='word_1_281' title='bbox 1398 2798 1432 2831; x_wconf 89' lang='lat'>9.</span> <span class='ocrx_word' id='word_1_282' title='bbox 1457 2787 1644 2834; x_wconf 79' lang='grc' dir='ltr'>ἀνατρέψαι</span> <span class='ocrx_word' id='word_1_283' title='bbox 1665 2789 1710 2824; x_wconf 86' lang='lat' dir='ltr'>D.</span> 
     </span>
     <span class='ocr_line' id='line_1_33' title="bbox 142 2830 1711 2879; baseline 0.004 -16"><span class='ocrx_word' id='word_1_284' title='bbox 142 2830 338 2874; x_wconf 81' lang='grc' dir='ltr'>ἀνατρέπειν</span> <span class='ocrx_word' id='word_1_285' title='bbox 355 2830 447 2865; x_wconf 87' lang='lat' dir='ltr'><strong>Edd.</strong></span> <span class='ocrx_word' id='word_1_286' title='bbox 618 2843 670 2866; x_wconf 90' lang='lat'>10.</span> <span class='ocrx_word' id='word_1_287' title='bbox 696 2831 976 2876; x_wconf 83' lang='grc' dir='ltr'>ἐκμελισσόμενοι</span> <span class='ocrx_word' id='word_1_288' title='bbox 993 2832 1051 2868; x_wconf 80' lang='lat' dir='ltr'><strong>iid.</strong></span> <span class='ocrx_word' id='word_1_289' title='bbox 1234 2844 1287 2867; x_wconf 88' lang='grc' dir='ltr'>ΙΙ.</span> <span class='ocrx_word' id='word_1_290' title='bbox 1313 2832 1348 2867; x_wconf 81' lang='grc' dir='ltr'>δέ</span> <span class='ocrx_word' id='word_1_291' title='bbox 1367 2840 1586 2879; x_wconf 83' lang='lat' dir='ltr'><strong>assumptum</strong></span> <span class='ocrx_word' id='word_1_292' title='bbox 1604 2847 1645 2869; x_wconf 87' lang='lat' dir='ltr'>ex</span> <span class='ocrx_word' id='word_1_293' title='bbox 1664 2835 1711 2870; x_wconf 91' lang='lat' dir='ltr'>D.</span> 
     </span>
     <span class='ocr_line' id='line_1_34' title="bbox 146 2876 1712 2925; baseline 0.004 -16"><span class='ocrx_word' id='word_1_294' title='bbox 146 2887 199 2920; x_wconf 88' lang='lat'>13.</span> <span class='ocrx_word' id='word_1_295' title='bbox 226 2876 473 2922; x_wconf 82' lang='grc' dir='ltr'>ἐπιθαρσήσας]</span> <span class='ocrx_word' id='word_1_296' title='bbox 492 2882 527 2918; x_wconf 68' lang='grc'>-1-</span> <span class='ocrx_word' id='word_1_297' title='bbox 543 2878 596 2911; x_wconf 84' lang='grc' dir='ltr'>καὶ</span> <span class='ocrx_word' id='word_1_298' title='bbox 613 2877 705 2912; x_wconf 85' lang='lat' dir='ltr'><strong>Edd.</strong></span> <span class='ocrx_word' id='word_1_299' title='bbox 723 2878 832 2912; x_wconf 86' lang='lat' dir='ltr'>invito</span> <span class='ocrx_word' id='word_1_300' title='bbox 850 2879 897 2914; x_wconf 92' lang='lat' dir='ltr'>D.</span> <span class='ocrx_word' id='word_1_301' title='bbox 1106 2879 1158 2914; x_wconf 89' lang='lat'>18.</span> <span class='ocrx_word' id='word_1_302' title='bbox 1185 2880 1203 2912; x_wconf 89' lang='grc' dir='ltr'>ὁ</span> <span class='ocrx_word' id='word_1_303' title='bbox 1221 2886 1441 2925; x_wconf 80' lang='lat' dir='ltr'><strong>assumptum</strong></span> <span class='ocrx_word' id='word_1_304' title='bbox 1458 2893 1500 2915; x_wconf 82' lang='lat' dir='ltr'>ex</span> <span class='ocrx_word' id='word_1_305' title='bbox 1518 2882 1564 2916; x_wconf 90' lang='lat' dir='ltr'>D.</span> <span class='ocrx_word' id='word_1_306' title='bbox 1614 2897 1712 2916; x_wconf 84' lang='grc' dir='ltr'>κατα-</span> 
     </span>
     <span class='ocr_line' id='line_1_35' title="bbox 141 2922 1714 2976; baseline 0.005 -20"><span class='ocrx_word' id='word_1_307' title='bbox 141 2924 356 2966; x_wconf 85' lang='grc' dir='ltr'>πιμπρόντων</span> <span class='ocrx_word' id='word_1_308' title='bbox 375 2922 486 2968; x_wconf 80' lang='lat' dir='ltr'>[legas</span> <span class='ocrx_word' id='word_1_309' title='bbox 504 2923 824 2970; x_wconf 86' lang='grc' dir='ltr'>καταπιμπρώντων]</span> <span class='ocrx_word' id='word_1_310' title='bbox 843 2925 889 2961; x_wconf 88' lang='lat' dir='ltr'>D.</span> <span class='ocrx_word' id='word_1_311' title='bbox 1090 2937 1144 2962; x_wconf 83' lang='lat'>20.</span> <span class='ocrx_word' id='word_1_312' title='bbox 1177 2925 1273 2962; x_wconf 85' lang='lat' dir='ltr'>Haec</span> <span class='ocrx_word' id='word_1_313' title='bbox 1291 2927 1453 2963; x_wconf 86' lang='grc' dir='ltr'>διασώσει</span> <span class='ocrx_word' id='word_1_314' title='bbox 1471 2928 1510 2973; x_wconf 87' lang='grc' dir='ltr'>δὴ</span> <span class='ocrx_word' id='word_1_315' title='bbox 1528 2928 1585 2964; x_wconf 71' lang='grc' dir='ltr'>οὖν</span> <span class='ocrx_word' id='word_1_316' title='bbox 1602 2941 1714 2976; x_wconf 81' lang='lat' dir='ltr'>usque</span> 
     </span>
    </p>
   </div>
   <div class='ocr_carea' id='block_1_4' title="bbox 142 2969 761 3006">
    <p class='ocr_par' dir='ltr' id='par_1_4' title="bbox 142 2969 761 3006">
     <span class='ocr_line' id='line_1_36' title="bbox 142 2969 761 3006; baseline 0.006 -3"><span class='ocrx_word' id='word_1_317' title='bbox 142 2969 186 3003; x_wconf 73' lang='lat' dir='ltr'>ad</span> <span class='ocrx_word' id='word_1_318' title='bbox 204 2969 264 3005; x_wconf 86' lang='lat' dir='ltr'>fin.</span> <span class='ocrx_word' id='word_1_319' title='bbox 283 2969 403 3005; x_wconf 79' lang='lat' dir='ltr'>scholii</span> <span class='ocrx_word' id='word_1_320' title='bbox 421 2977 638 3006; x_wconf 80' lang='lat' dir='ltr'>accesserunt</span> <span class='ocrx_word' id='word_1_321' title='bbox 655 2984 696 3006; x_wconf 83' lang='lat' dir='ltr'>ex</span> <span class='ocrx_word' id='word_1_322' title='bbox 716 2971 761 3006; x_wconf 94' lang='lat' dir='ltr'>D.</span> 
     </span>
    </p>
   </div>
   <div class='ocr_carea' id='block_1_5' title="bbox 1775 1494 1872 1524">
    <p class='ocr_par' dir='ltr' id='par_1_5' title="bbox 1775 1494 1872 1524">
     <span class='ocr_line' id='line_1_37' title="bbox 1775 1494 1872 1524; baseline 0 0"><span class='ocrx_word' id='word_1_323' title='bbox 1775 1494 1872 1524; x_wconf 74' lang='lat' dir='ltr'>Zach.</span> 
     </span>
    </p>
   </div>
   <div class='ocr_carea' id='block_1_6' title="bbox 1774 1539 1857 1578">
    <p class='ocr_par' dir='ltr' id='par_1_6' title="bbox 1774 1539 1857 1578">
     <span class='ocr_line' id='line_1_38' title="bbox 1774 1539 1857 1578; baseline 0.012 -10"><span class='ocrx_word' id='word_1_324' title='bbox 1774 1539 1806 1569; x_wconf 89' lang='lat' dir='ltr'>ii.</span> <span class='ocrx_word' id='word_1_325' title='bbox 1827 1549 1857 1578; x_wconf 85' lang='lat'>5.</span> 
     </span>
    </p>
   </div>
   <div class='ocr_carea' id='block_1_7' title="bbox 1772 2397 1897 2482">
    <p class='ocr_par' dir='ltr' id='par_1_7' title="bbox 1772 2397 1897 2482">
     <span class='ocr_line' id='line_1_39' title="bbox 1772 2397 1897 2429; baseline 0 -1"><span class='ocrx_word' id='word_1_326' title='bbox 1772 2397 1848 2428; x_wconf 81' lang='lat' dir='ltr'>Joel</span> <span class='ocrx_word' id='word_1_327' title='bbox 1863 2397 1897 2429; x_wconf 86' lang='lat' dir='ltr'>ii.</span> 
     </span>
     <span class='ocr_line' id='line_1_40' title="bbox 1778 2452 1823 2482; baseline 0.022 -10"><span class='ocrx_word' id='word_1_328' title='bbox 1778 2452 1823 2482; x_wconf 70' lang='lat'>15.</span> 
     </span>
    </p>
   </div>
  </div>
 </body>
</html>
