2021 3434
138 165 191 206 vi.
218 166 339 207 8-10.
594 169 669 209 IN
710 169 905 209 AMOS.
966 166 1116 206 TOM.
1161 164 1247 204 ΙΙΙ.
1618 158 1700 196 489

137 273 219 324 τὸν
254 275 414 335 θυμὸν,
445 280 519 328 καὶ
555 277 649 328 οἷον
687 275 1059 342 ἀνασειράζοντες
1094 268 1389 337 ἐπιτρέχοντα
1426 287 1521 317 τισι
1560 263 1618 315 τὰ
1656 265 1703 313 ἐκ

137 356 259 410 θείας
287 358 430 423 ὀργῆς
455 359 693 423 κινήματα.

142 590 216 632 Καὶ
250 592 392 648 ὲὲαρώ
429 593 552 634 Πόλιν
587 593 658 635 σὺν
691 596 817 635 Πᾶσιν
858 589 942 633 τοῖο
981 591 1240 632 κατοικοῦσιν
1279 585 1424 627 αὐτήν.
1485 581 1551 623 καὶ
1589 581 1748 624 ἔσται9

205 675 279 716 ἐὰν
306 676 623 731 ὑπολειφθώοιν
656 676 756 717 δέκα
791 675 943 732 ἄνδρες
969 675 1012 715 ἐν
1040 672 1149 731 οἰκία
1175 674 1247 729 μιᾷ
1276 669 1344 710 καὶ
1378 668 1706 713 ἀποθανοῦνται,

96 761 119 798 5
208 759 276 799 καὶ
317 760 704 815 ὑπολειφθήσονται
748 757 784 799 οἱ
826 759 1088 808 κατάλοιποι,
1133 755 1199 796 καὶ
1240 754 1449 803 λήψονται
1486 747 1523 790 οἰ
1561 744 1708 788 οἰκεῖοι
1732 754 1778 778 10

207 842 347 883 αὐτῶν
376 844 443 883 καὶ
479 844 772 899 Παραβιώνται
809 846 881 883 τοῦ
916 843 1127 888 ὲξενὲΓκαι
1164 839 1215 879 τα
1252 838 1354 879 ὀστᾶ
1392 833 1533 875 αὐτῶν
1560 832 1605 873 ὲκ
1635 834 1708 872 τοῦ

207 922 340 976 οἴκου,
378 925 445 966 καὶ
483 923 570 982 ἐρεῖ
609 923 696 966 τοῖς
736 925 1019 980 ΠροεστΗκόσι
1052 927 1126 964 τῆς
1168 919 1304 961 οἰκίας
1348 916 1392 958 Εἰ
1431 917 1493 957 ἔτι
1530 914 1707 970 ὑπάρχει

208 1008 322 1064 Παρὰ
367 1009 457 1061 σοι,
497 1008 563 1049 καί
607 1006 693 1065 ἐρεῖ
729 1007 815 1049 Οὐκ
857 1007 929 1048 ἔτι·
973 1006 1040 1046 καὶ
1082 1001 1168 1061 ἐρεῖ
1207 1001 1321 1052 Σίι-α,
1359 1002 1501 1041 ἕνεκεν
1542 1001 1614 1039 τοῦ
1652 995 1756 1044 w'ud

209 1092 415 1140 ὀνομάσαι
442 1092 488 1132 τὸ
514 1091 648 1139 ὄνομα
678 1089 839 1147 Κυρίου.

78 1232 123 1256 10
218 1208 408 1272 Ἐπειδὴ
433 1207 525 1274 γὰρ
551 1208 778 1270 μεμίσηκε
805 1206 887 1269 μὲν
914 1206 1066 1255 αὐτῶν
1097 1203 1179 1256 τὰς
1205 1200 1379 1269 χώρας,
1412 1193 1712 1260 καταμυσάτ-

143 1314 267 1342 τεται
306 1291 353 1341 δὲ
392 1293 467 1341 καὶ
504 1295 666 1340 πᾶσαν
703 1288 787 1353 τὴν
823 1290 957 1354 ὕβριν
984 1285 1168 1347 Ἰακὼβ,
1193 1285 1293 1349 ἤτοι
1330 1281 1415 1346 τὴν
1440 1278 1713 1346 ἀλαζονείαν

144 1375 309 1436 αὐτῶν,
335 1371 617 1438 αὐτάνδρους
650 1370 732 1424 τὰς
766 1371 873 1436 παρ’
902 1370 1055 1422 αὐτοῖς
1095 1365 1369 1418 διολωλέναι
1403 1363 1565 1416 πόλεις
1602 1359 1713 1411 ταύ-

143 1456 276 1524 τῃτοί
316 1460 454 1524 φησι.
519 1454 572 1505 τὸ
617 1453 664 1505 δὲ
706 1453 830 1505 ὅπως
877 1453 1052 1502 ἕκαστα
1101 1454 1194 1503 τοῖς
1244 1448 1389 1498 ἐκείνα
1437 1451 1713 1507 πεπλημμε«

145 1537 317 1604 ληκόσι
342 1537 654 1601 συμβήσεται,
683 1534 959 1602 διερμηνεύει
993 1537 1187 1586 λεπτῶς.
1252 1528 1387 1599 ἐξαιρεῖ
1419 1527 1525 1594 γὰρ,
1552 1525 1716 1594 φησὶν,

81 1620 201 1686 ι5ἢν
246 1618 301 1671 ἂν
344 1619 588 1682 βούλωμαι
627 1623 768 1680 πόλιν,
811 1620 884 1667 καὶ
923 1614 1018 1666 οἷον
1056 1617 1103 1665 ἐκ
1143 1612 1291 1678 με’σου
1333 1608 1589 1674 ποιήσομαι
1630 1610 1716 1661 τοῖς

150 1705 377 1755 κατοίκοις
405 1703 536 1765 ὁμοῦ.
583 1699 668 1751 κᾶν
691 1704 727 1751 εἰ
753 1700 931 1765 γε’νοιτο
958 1696 1100 1764 τυχὸν
1126 1693 1238 1747 δέκα
1263 1692 1387 1745 τινας
1412 1696 1505 1742 τῶν
1530 1692 1578 1741 ἐκ
1605 1691 1717 1757 μιᾶς

147 1784 294 1836 ὄντων
321 1787 461 1838 οἰκίας
497 1783 734 1849 διαδράναι
769 1781 851 1843 μὲν
877 1784 970 1831 τῶν
993 1779 1230 1841 πολεμίων
1254 1775 1307 1827 τὸ
1334 1775 1484 1844 ξίφος,
1512 1775 1716 1824 εἰσδῦναι
1734 1797 1755 1823 e

149 1866 197 1918 δὲ
233 1871 294 1920 εἰς
330 1864 503 1933 μυχοὺς
539 1867 613 1916 καὶ
652 1868 713 1918 εἷς
751 1863 809 1914 τὰ
848 1863 1057 1928 ἐσώτερα
1087 1863 1168 1924 τῆς
1207 1859 1368 1921 οἰκίας,
1403 1854 1718 1923 τεθνήξονται,

149 1947 345 2002 δεδιότες
369 1946 491 2015 τάχα
521 1969 611 1998 που
643 1944 729 1997 κᾶν
763 1951 875 2012 γοῦν
900 1943 1142 2012 προκύψαι
1165 1939 1321 2007 βραχὺ
1346 1943 1439 1990 τῶν
1464 1939 1512 1988 ἐν
1538 1936 1603 1990 οἷς
1630 1936 1720 1986 εἶσὶ

84 2052 132 2077 20
150 2035 328 2099 μυχῶν.

225 2112 498 2181 Διαδέξεται
523 2110 675 2161 τοίνυν
699 2109 783 2174 τὴν
807 2116 888 2160 τοῦ
914 2110 1130 2160 παίοντας
1157 2111 1300 2173 χεῖρα,
1328 2105 1491 2172 φησὶν,
1519 2103 1543 2152 ὁ
1568 2099 1717 2163 λιμὸς,

153 2197 227 2247 καὶ
265 2198 506 2246 ἀποκτενεῖ
537 2191 642 2245 τοῦς
676 2192 1022 2258 κεκρυμμένους.
1087 2185 1510 2255 ἀποκεχωρηκότων
1541 2182 1588 2234 δὲ
1626 2187 1720 2233 τῶν

151 2280 330 2346 ἐχθρῶν
363 2276 536 2345 ἥξουσί
563 2297 679 2328 τινες
713 2279 805 2324 τῶν
842 2274 898 2341 ἐξ
930 2271 1120 2335 αἵματός
1158 2293 1206 2321 τε
1245 2271 1319 2320 καὶ
1358 2265 1475 2318 κατὰ
1512 2265 1722 2315 διάθεσιν

154 2364 335 2422 οἰκείων,
388 2365 464 2410 καὶ
516 2356 826 2425 παραβιεῦντσιι
887 2356 957 2406 τοῦ
1016 2354 1244 2423 ἐξενεγκεῖν
1288 2350 1348 2401 τι),
1405 2351 1514 2401 ὀστᾶ
1572 2346 1719 2398 αὐτῶν.

87 2457 135 2496 25
154 2444 256 2494 τίνα
305 2441 352 2493 δὲ
404 2439 771 2500 καταβιάσονται
821 2436 879 2488 τὰ
927 2441 1020 2487 τῶν
1064 2434 1325 2486 τεθνεώτων
1368 2431 1759 2496 συναγείροντεςιι
1787 2449 1865 2483 319
1889 2447 1935 2481 A.

205 2612 234 2635 Ι.
260 2614 330 2634 τισι
347 2602 565 2642 assumptum
584 2608 624 2629 ex
641 2595 731 2628 A.B.
888 2605 920 2638 3.
946 2594 1158 2626 κατοικοῦσιν
1174 2588 1275 2633 αὐτήν
1292 2589 1334 2622 Β.
1352 2589 1561 2622 κατοικοῦσιν
1577 2587 1659 2630 αὐτῇ
1677 2586 1722 2620 Α.

155 2648 190 2682 ἐν
208 2647 289 2690 αὐτῇ
307 2657 369 2690 pro
387 2659 458 2678 κατ.
476 2642 577 2686 αὐτήν
596 2642 632 2676 F.
652 2641 742 2676 Edd.
763 2639 868 2684 (Co.)
1171 2650 1203 2679 4.
1230 2636 1308 2670 δέκα
1325 2646 1394 2669 orn.
1414 2633 1504 2668 Edd.
1524 2632 1621 2676 (CO.)
1669 2633 1720 2666 κα“

154 2694 396 2729 ἀποθανοῦνται
413 2703 483 2725 om.
500 2691 543 2724 A.
684 2698 717 2733 5.
743 2687 826 2721 οἴκοι
844 2698 906 2731 pro
923 2685 1036 2719 οἰκεῖοι
1055 2684 1142 2728 (Sic)
1161 2684 1204 2717 A.
1346 2681 1379 2715 6.
1395 2681 1664 2726 παραβιάσονται
1677 2680 1721 2713 A.

158 2752 190 2786 7.
217 2740 245 2774 εἰ
262 2751 331 2773 om.
350 2740 393 2772 A.
880 2733 912 2767 8.
939 2732 1046 2766 ἕνεκεν
1062 2731 1150 2765 ΑΒ.
1170 2729 1244 2774 (26.
1263 2728 1326 2773 al.)
1344 2728 1387 2762 cf.
1401 2728 1500 2761 infra.
1518 2726 1610 2760 ἕνεκα
1628 2725 1720 2761 Edd.

156 2800 190 2834 9.
216 2784 336 2830 ὄνομα]
359 2789 395 2825 -1-
416 2786 475 2818 τοῦ
491 2782 551 2816 iid.
571 2781 686 2816 invitis
704 2780 793 2815 A.B.
813 2779 922 2824 (A.V.
942 2778 1024 2823 διο.)
1224 2787 1275 2810 10.
1301 2775 1611 2817 καταμυσσάττεται
1630 2772 1720 2807 Edd.

157 2833 435 2878 καταμισάττεται
453 2829 541 2875 (Sic)
559 2829 602 2862 A.
1082 2835 1134 2858 12.
1160 2822 1358 2857 διολωλέναι
1377 2821 1419 2855 Β.
1438 2819 1610 2855 διολλύναι
1628 2819 1719 2854 Edd.

161 2892 214 2926 13.
241 2880 371 2914 ἐκείνων
388 2878 430 2912 Α.
752 2883 804 2918 15.
828 2872 995 2917 βούλομαι
1013 2870 1106 2905 Aub.
1427 2877 1479 2913 17.
1506 2871 1570 2901 τῶν
1587 2878 1657 2901 om.
1675 2867 1719 2900 A.

159 2939 214 2963 21.
239 2927 337 2970 λιμὸς
354 2925 444 2959 Α.Β.
462 2923 579 2967 λοιμὸς
598 2921 686 2956 Edd.
1104 2928 1157 2959 24.
1182 2916 1450 2962 παραβιάσονται
1469 2914 1523 2958 (ut
1541 2913 1659 2959 supra)
1676 2913 1720 2949 A.

159 2984 213 3020 25.
239 2974 310 3008 τίνα
329 2974 371 3006 Α.
391 2970 482 3006 Edd.
501 2970 590 3006 τίνας
609 2969 650 3004 Β.

216 3045 306 3073 voL.
329 3045 357 3071 ι.
888 3039 911 3080 3
935 3038 960 3065 n
