2021 3434
3 0 15 54 κ’

129 224 183 263 iv.
204 236 242 277 3,
265 237 304 274 4.
578 222 649 262 IN
692 221 936 263 OSEAM.
997 220 1147 262 TOM.
1193 219 1280 261 ΙΙΙ.
1658 219 1711 257 95

129 333 181 385 τὸ
217 337 396 401 σχῆμα,
434 336 508 384 καὶ
546 337 721 401 ἀτερπῆ
765 334 957 402 φορέσει
992 333 1077 397 τὴν
1116 332 1245 400 ὄψιν,
1280 329 1468 382 πόλεων
1506 327 1590 390 μὲν
1628 328 1713 389 ἐμ-

24 430 25 435 ’
72 446 76 450 ·
129 418 487 483 πεπρησμένων,
520 417 657 468 οἴκων
690 416 737 467 δὲ
777 414 1236 479 κατασεσεισμένων,
1270 416 1346 465 καὶ
1384 414 1544 479 ἀγρῶν
1584 411 1712 461 ε”κκε-

7 578 10 589 ι

7 596 11 621 ἰ
25 614 27 621 .

3 681 17 770 ξ

24 919 27 932 ι’

4 944 9 948 ,
24 938 27 945 ι

24 961 25 968 1

24 980 27 989 ι

2 839 17 981 3.

0 1026 28 1191 ἢ

4 1419 28 1504 ³3

131 499 386 563 κομμένων·
433 500 840 551 συνδιακείσονται
874 498 923 550 δὲ
957 502 1016 566 τῇ
1051 501 1114 565 γῇ
1152 498 1228 548 καὶ
1262 500 1304 547 οἱ
1343 493 1564 556 κάτοικοι,
1601 515 1718 544 συν-

131 580 479 649 ολοφυρόμενοί
507 604 557 633 τε
597 583 672 632 καὶ
713 579 1094 646 συνοιμώζοντες.
1161 576 1459 642 πενθήσουσι
1502 575 1597 642 γὰρ
1642 576 1718 625 καὶ

90 679 111 714 5
131 664 275 726 αὐτοὶ,
309 664 567 726 τουτέστιν,
603 662 794 727 ἁπάσης
839 662 1056 726 εὐθυμίας
1097 663 1173 712 καὶ
1214 660 1453 725 εὐημερίας
1497 656 1719 710 ἀποτάτω

131 745 424 812 γενήσονται.
490 747 607 799 τίνες
640 745 688 797 δὲ
724 749 766 796 οὶ
800 744 1005 796 κάτοικοι
1023 771 1033 806 3
1075 746 1212 810 θῆρες
1243 765 1293 794 τε
1325 743 1400 792 καὶ
1432 739 1616 807 ἑρπετὰ,
1643 741 1721 791 καὶ

129 827 247 894 πρὸς
288 851 343 894 γε
386 829 565 882 τούτοις
603 827 662 879 τὰ
707 827 998 891 διιπτάμενα.
1066 828 1142 877 καὶ
1177 827 1230 876 οὐ
1269 823 1419 888 δήπου
1458 828 1719 886 νομιοῦμεν,

130 911 223 976 ε’ίγε
257 911 476 975 συνίεμεν
510 911 675 977 ὀρθῶς,
715 910 786 961 ὅτι
825 914 983 976 θηρῶν
1020 908 1210 975 ἀγρίων,
1249 906 1398 973 ἤγουν
1435 906 1655 972 ἑρπετῶν,
1688 903 1757 969 ἦε

130 997 321 1058 πτηνῶν
359 995 384 1044 ὁ
422 991 714 1061 προφητικὸς
749 993 858 1057 ἡμῖν
897 992 1212 1058 κατακέκραγε
1239 987 1400 1054 λόγος·
1444 988 1603 1045 εὔηθες
1628 986 1721 1053 γὰρ

67 1100 113 1124 10
131 1080 386 1138 παντελῶς,
405 1077 479 1126 καὶ
506 1075 762 1129 ἀσυνεσίας
780 1074 986 1138 ε”μπλεον
1009 1073 1063 1125 τὸ
1089 1076 1199 1142 τῇδε
1229 1076 1359 1123 νοεῖν·
1412 1069 1603 1133 οἰόμεθα
1628 1067 1722 1135 γὰρ

130 1163 335 1222 μᾶλλον,
360 1157 479 1224 ὀρθὰ
504 1162 695 1225 φρονεῖν
726 1156 989 1224 ἐγνωκότες,
1016 1161 1112 1210 τοῖς
1138 1155 1307 1222 ἀρτίως
1333 1154 1443 1218 ἡμῖν
1470 1151 1723 1218 εἰρημένοις

131 1238 239 1294 τοὺς
269 1245 363 1292 τῶν
388 1239 627 1292 Ἰουδαίων
657 1240 991 1310 ἐξομοιοῦσθαι
1029 1237 1246 1306 τρόπους.
1303 1238 1379 1288 καὶ
1418 1234 1495 1286 διὰ
1519 1233 1604 1298 μὲν
1628 1238 1723 1285 τῶν

133 1321 269 1392 θηρίων
313 1322 420 1377 τοὺς
477 1322 828 1378 δυνατωτάτους
871 1325 946 1374 καὶ
989 1324 1286 1385 ἐκδειματοῦν
1335 1318 1516 1386 ἑτέρους
1556 1320 1724 1371 ἱκανῶς

133 1407 338 1474 ἔχοντας,
387 1403 493 1459 τοὺς
542 1406 731 1471 ἀγρίους
781 1407 857 1456 καὶ
909 1402 1279 1465 ἐπελευστικοῦς,
1333 1402 1409 1452 καὶ
1460 1403 1724 1466 μιαιφονεῖν

68 1507 113 1544 15
134 1488 364 1551 εἰωθότας,
401 1490 475 1539 καὶ
511 1487 638 1540 πολὺ
670 1489 779 1538 λίαν
818 1487 1010 1556 ε”χοντας
1047 1486 1101 1537 τὸ
1140 1485 1371 1552 ἀνήμερον
1410 1481 1723 1551 ὑπεμφήνειεν

133 1570 191 1622 ἂν
216 1573 240 1622 ὁ
265 1569 425 1637 λόγος·
468 1570 543 1622 διὰ
570 1569 624 1620 δέ
643 1593 698 1635 γε
732 1574 826 1621 τῶν
857 1568 1038 1639 ἑρπετῶν
1063 1567 1171 1622 τοὺς
1198 1568 1350 1634 ἄκρως
1376 1564 1722 1635 ἐξησκημένους
1739 1594 1762 1618 a

132 1653 187 1704 τὸ
225 1652 395 1720 πικρὸν
433 1655 482 1704 ἐν
516 1652 724 1719 τρόποις,
751 1654 826 1703 καὶ
865 1656 927 1706 εἰς
965 1651 1107 1721 λῆξιν
1143 1653 1227 1715 τῆς
1265 1649 1381 1714 ὅλης
1409 1649 1498 1713 ἤδη
1525 1647 1723 1712 ἥκοντας

132 1739 372 1802 πονηρίας.
437 1736 558 1786 οὕτω
590 1735 683 1801 γάρ
718 1758 810 1787 που
845 1737 920 1786 καὶ
948 1735 973 1785 ὁ
999 1732 1155 1802 σοφὸς
1179 1731 1399 1797 Ἰωάννης
1422 1729 1508 1795 τὴν
1532 1732 1720 1796 μοχθη-

132 1818 335 1885 ροτάτην
375 1822 470 1869 τῶν
515 1818 792 1884 Φαρισαίων
830 1819 906 1868 καὶ
946 1816 1261 1883 γραμματέων
1304 1814 1480 1881 ἤλεγχε
1518 1810 1722 1876 πληθὺν,

144 1903 154 1918 ’
284 1906 304 1915 Α
520 1902 534 1918 Χ
617 1900 628 1915 Ι
807 1899 829 1916 'l
1087 1898 1099 1914 Ι
1281 1899 1291 1913 ’
1410 1900 1430 1910 Λ
1483 1894 1507 1910 ’9
1617 1893 1629 1908 Χ
1716 1892 1730 1909 Ι

27 1956 31 1970 1
67 1927 114 1951 20
132 1907 336 1962 επιβοων
373 1923 423 1953 τε
461 1924 537 1952 και
568 1907 725 1966 λεγων
757 1904 931 1969 66οφεις
961 1921 1230 1965 γεννηματα
1269 1900 1479 1966 εχιδνων·
1560 1896 1637 1944 δια
1674 1895 1723 1944 δε

133 2007 187 2050 γε
223 1988 318 2036 τῶν
356 1982 554 2035 πετεινῶν
589 1983 638 2033 εὖ
675 1980 809 2047 μάλα
849 1980 1073 2046 συνήσεις
1110 1980 1219 2035 τοὺς
1257 1979 1449 2044 ἑτοίμως
1490 1979 1716 2040 ἀνεπτοη-

132 2068 296 2130 μένους
329 2069 391 2120 εἰς
427 2064 702 2117 ἀπόστασιν
739 2064 825 2128 τὴν
862 2063 956 2116 ἀπὸ
989 2068 1128 2127 Θεοῦ,
1160 2063 1236 2115 εἴτ’
1267 2063 1349 2114 οῦν
1379 2059 1465 2125 τὴν
1490 2057 1724 2125 ἐπάρατον

134 2154 390 2202 νοσοῦντας
435 2148 712 2216 ὑπεροψίαν,
755 2149 832 2198 καὶ
876 2147 973 2199 ἅνω
1016 2170 1110 2198 που
1155 2146 1387 2214 φέρεσθαι
1432 2144 1508 2193 καὶ
1553 2138 1722 2209 ὑψηλὰ

134 2236 323 2301 φρονεῖν
372 2228 606 2285 εἰωθότας.
694 2230 809 2281 ε”οικε
865 2230 913 2281 δὲ
969 2231 1045 2281 καὶ
1100 2228 1259 2292 ἰχθύας
1310 2228 1566 2278 ἀποκαλεῖν
1614 2221 1722 2277 τοῦς

29 2306 32 2384 ἰ
68 2336 114 2374 25
133 2313 450 2384 συρφετώδεις
499 2315 576 2364 καὶ
626 2313 887 2379 ἀγελαίους,
932 2312 1039 2366 τοὺς
1081 2316 1182 2364 ταῖς
1222 2315 1306 2361 τοῦ
1350 2309 1457 2370 βίου
1500 2305 1765 2376 φροντίσιῑ)

133 2397 554 2463 βεβαπτισμένους,
590 2401 665 2449 καὶ
700 2397 990 2466 ὑποβρύχιον
1027 2394 1194 2462 ὥσπερ
1229 2394 1422 2462 ἔχοντας
1461 2396 1583 2453 νοῦν,
1615 2388 1724 2444 τοὺς

134 2484 350 2553 ἀφώνους
385 2484 461 2533 καὶ
498 2481 845 2548 ἀλογωτάτους·
889 2480 1198 2550 ἀφωνότατον
1222 2478 1315 2545 γὰρ
1349 2481 1443 2528 τῶν
1469 2474 1644 2543 ἰχθύων
1668 2473 1723 2526 τὸ

133 2568 307 2634 χρῆμα.
372 2565 448 2615 καὶ
479 2565 580 2615 καθ’
609 2562 764 2630 ἕτερον
803 2563 851 2615 δὲ
885 2561 1076 2629 τρόπον,
1100 2560 1207 2615 τοὺς
1247 2559 1344 2611 οἷον
1382 2558 1725 2612 καταπίνοντας

135 2648 242 2702 τοὺς
276 2645 658 2712 ἀσθενεστέρους’
701 2645 1048 2714 ἀλληλοφαγία
1085 2643 1179 2710 γὰρ
1213 2641 1429 2706 μάλιστα
1461 2639 1592 2707 παρὰ
1628 2645 1724 2694 τοῖς

32 2730 33 2734 “
70 2751 119 2787 3ο
138 2734 299 2800 ἰχθῦσι
333 2728 584 2792 τετίμηται.
650 2725 843 2787 πενθήσει
887 2726 1043 2778 τοίνυν
1086 2727 1238 2794 φησὶν
1279 2727 1301 2785 ἦ
1336 2723 1395 2790 γῆ
1439 2726 1527 2779 τοῖς
1571 2746 1724 2775 καιτοι-

189 2864 219 2888 1.
243 2854 283 2898 τῇ
302 2851 385 2897 ὅψει
404 2851 450 2885 D.
648 2860 681 2894 3.
709 2848 997 2892 συνδισθὴσονται
1015 2848 1095 2891 (Sic)
1113 2859 1176 2892 pro
1194 2846 1484 2882 συνδιακείσονται
1502 2846 1550 2882 D.
1597 2845 1724 2881 Statim

138 2900 175 2935 δὲ
193 2905 417 2945 assumptum
434 2909 476 2931 ex
496 2897 591 2931 B.D.
772 2907 825 2940 13.
851 2895 1098 2940 δυνατωτέρους
1116 2895 1163 2928 D.
1353 2905 1405 2937 14.
1431 2894 1656 2929 ἐπελευστικὰ
1675 2893 1724 2928 D.

144 2957 196 2993 17.
223 2947 257 2982 ἐν
273 2947 412 2991 τρόποις
430 2944 477 2978 D.
495 2944 542 2980 εἰς
558 2944 704 2988 τρόπους
722 2941 814 2976 Edd.
1108 2952 1161 2986 19.
1186 2943 1393 2986 γραμματεῖς
1410 2941 1463 2975 καὶ
1479 2942 1565 2987 φαρ.
1583 2941 1724 2974 inverso

141 2993 261 3028 ordine
280 2993 326 3027 D.
376 2991 537 3036 πονηρίαν
555 3002 618 3036 pro
634 2989 767 3032 πληθὺν
785 2989 832 3023 D.
944 2999 1000 3033 23.
1026 2990 1209 3024 νοσοῦντας
1226 3000 1297 3023 om.
1318 2988 1364 3023 D.
1471 2999 1526 3030 24.
1552 2987 1724 3032 οἰομένους

143 3052 203 3085 pro
220 3040 378 3074 εἰωθότας
398 3038 444 3072 D.
590 3038 645 3071 28.
673 3035 854 3081 ἕτερον-ἢ
873 3035 944 3070 καθ’
965 3036 1024 3078 (68
1043 3037 1089 3079 e.)
1108 3047 1177 3070 om.
1200 3035 1245 3070 D.

1807 1584 1861 1619 67
1882 1583 1932 1619 A.

1783 1909 1944 1959 {Mamm

1783 1963 1828 1983 111.
1848 1963 1875 1993 7.

1784 1997 1831 2028 Cf.
1845 1997 1938 2028 xxiii.
