<?xml version="1.0" encoding="UTF-8"?>
<!DOCTYPE html PUBLIC "-//W3C//DTD XHTML 1.0 Transitional//EN"
    "http://www.w3.org/TR/xhtml1/DTD/xhtml1-transitional.dtd">
<html xmlns="http://www.w3.org/1999/xhtml" xml:lang="en" lang="en">
 <head>
  <title>
</title>
<meta http-equiv="Content-Type" content="text/html;charset=utf-8" />
  <meta name='ocr-system' content='tesseract 3.04.00' />
  <meta name='ocr-capabilities' content='ocr_page ocr_carea ocr_par ocr_line ocrx_word'/>
</head>
<body>
  <div class='ocr_page' id='page_1' title='image "./operacyrilli01cyriuoft_0763.png"; bbox 0 0 2021 3434; ppageno 0'>
   <div class='ocr_carea' id='block_1_1' title="bbox 0 364 4 927">
    <p class='ocr_par' dir='ltr' id='par_1_1' title="bbox 0 364 4 927">
     <span class='ocr_line' id='line_1_1' title="bbox 0 364 4 927; baseline 0 0"><span class='ocrx_word' id='word_1_1' title='bbox 0 364 4 927; x_wconf 95' lang='lat' dir='ltr'> </span> 
     </span>
    </p>
   </div>
   <div class='ocr_carea' id='block_1_2' title="bbox 137 203 1707 257">
    <p class='ocr_par' dir='ltr' id='par_1_2' title="bbox 137 203 1707 257">
     <span class='ocr_line' id='line_1_2' title="bbox 137 203 1707 257; baseline 0.003 -13"><span class='ocrx_word' id='word_1_2' title='bbox 137 203 208 245; x_wconf 87' lang='lat' dir='ltr'><strong>vii.</strong></span> <span class='ocrx_word' id='word_1_3' title='bbox 229 217 270 257; x_wconf 90' lang='lat'><strong>4.</strong></span> <span class='ocrx_word' id='word_1_4' title='bbox 513 207 587 248; x_wconf 95' lang='lat' dir='ltr'>IN</span> <span class='ocrx_word' id='word_1_5' title='bbox 633 207 1013 249; x_wconf 90' lang='lat' dir='ltr'><strong>MICHAEAM.</strong></span> <span class='ocrx_word' id='word_1_6' title='bbox 1073 208 1226 250; x_wconf 85' lang='lat' dir='ltr'><strong>TOM.</strong></span> <span class='ocrx_word' id='word_1_7' title='bbox 1259 208 1346 249; x_wconf 91' lang='lat' dir='ltr'><strong>III.</strong></span> <span class='ocrx_word' id='word_1_8' title='bbox 1626 209 1707 250; x_wconf 83' lang='lat'>713</span> 
     </span>
    </p>
   </div>
   <div class='ocr_carea' id='block_1_3' title="bbox 133 312 1711 629">
    <p class='ocr_par' dir='ltr' id='par_1_3' title="bbox 133 312 1711 629">
     <span class='ocr_line' id='line_1_3' title="bbox 133 312 1711 384; baseline 0.004 -21"><span class='ocrx_word' id='word_1_9' title='bbox 133 312 250 376; x_wconf 81' lang='grc' dir='ltr'>μηδὲ</span> <span class='ocrx_word' id='word_1_10' title='bbox 289 319 523 367; x_wconf 90' lang='grc' dir='ltr'>ποιεῖσθαι</span> <span class='ocrx_word' id='word_1_11' title='bbox 562 318 666 383; x_wconf 78' lang='grc' dir='ltr'>περὶ</span> <span class='ocrx_word' id='word_1_12' title='bbox 705 323 906 380; x_wconf 85' lang='grc' dir='ltr'>πολλοῦ,</span> <span class='ocrx_word' id='word_1_13' title='bbox 945 321 1260 384; x_wconf 90' lang='grc' dir='ltr'>προσκεῖσθαι</span> <span class='ocrx_word' id='word_1_14' title='bbox 1300 315 1350 368; x_wconf 82' lang='grc' dir='ltr'>δὲ</span> <span class='ocrx_word' id='word_1_15' title='bbox 1387 320 1577 380; x_wconf 79' lang='grc' dir='ltr'>μᾶλλον</span> <span class='ocrx_word' id='word_1_16' title='bbox 1614 320 1711 370; x_wconf 89' lang='grc' dir='ltr'>τοῖς</span> 
     </span>
     <span class='ocr_line' id='line_1_4' title="bbox 134 396 1709 466; baseline 0.003 -22"><span class='ocrx_word' id='word_1_17' title='bbox 134 396 306 446; x_wconf 80' lang='grc' dir='ltr'>ἀδικεῖν</span> <span class='ocrx_word' id='word_1_18' title='bbox 337 397 538 461; x_wconf 79' lang='grc' dir='ltr'>εἰωθόσι,</span> <span class='ocrx_word' id='word_1_19' title='bbox 573 401 648 449; x_wconf 82' lang='grc' dir='ltr'>καὶ</span> <span class='ocrx_word' id='word_1_20' title='bbox 681 398 946 466; x_wconf 74' lang='grc' dir='ltr'>μερίζεσθαι</span> <span class='ocrx_word' id='word_1_21' title='bbox 983 398 1102 464; x_wconf 81' lang='grc' dir='ltr'>πρὸς</span> <span class='ocrx_word' id='word_1_22' title='bbox 1143 398 1308 452; x_wconf 74' lang='grc' dir='ltr'>αὐτοὺς</span> <span class='ocrx_word' id='word_1_23' title='bbox 1349 397 1434 462; x_wconf 86' lang='grc' dir='ltr'>τὴν</span> <span class='ocrx_word' id='word_1_24' title='bbox 1473 397 1709 459; x_wconf 75' lang='grc' dir='ltr'>ἀσέβειαν,</span> 
     </span>
     <span class='ocr_line' id='line_1_5' title="bbox 135 478 1711 547; baseline 0.003 -21"><span class='ocrx_word' id='word_1_25' title='bbox 135 478 406 544; x_wconf 80' lang='grc' dir='ltr'>ἀλλοτρίαις</span> <span class='ocrx_word' id='word_1_26' title='bbox 444 503 493 531; x_wconf 91' lang='grc' dir='ltr'>τε</span> <span class='ocrx_word' id='word_1_27' title='bbox 537 482 657 531; x_wconf 82' lang='grc' dir='ltr'>οὕτω</span> <span class='ocrx_word' id='word_1_28' title='bbox 705 486 935 532; x_wconf 83' lang='grc' dir='ltr'>κοινωνεῖν</span> <span class='ocrx_word' id='word_1_29' title='bbox 985 480 1244 547; x_wconf 77' lang='grc' dir='ltr'>ἁμαρτίαις.</span> <span class='ocrx_word' id='word_1_30' title='bbox 1323 480 1616 531; x_wconf 84' lang='grc' dir='ltr'>ὑποκείσεται</span> <span class='ocrx_word' id='word_1_31' title='bbox 1663 478 1711 530; x_wconf 80' lang='grc' dir='ltr'>δὲ</span> 
     </span>
     <span class='ocr_line' id='line_1_6' title="bbox 135 557 1710 629; baseline 0.003 -21"><span class='ocrx_word' id='word_1_32' title='bbox 135 557 206 609; x_wconf 79' lang='grc' dir='ltr'>ὅτι</span> <span class='ocrx_word' id='word_1_33' title='bbox 246 559 399 626; x_wconf 82' lang='grc' dir='ltr'>πάντη</span> <span class='ocrx_word' id='word_1_34' title='bbox 436 584 486 612; x_wconf 89' lang='grc' dir='ltr'>τε</span> <span class='ocrx_word' id='word_1_35' title='bbox 525 564 600 613; x_wconf 82' lang='grc' dir='ltr'>καὶ</span> <span class='ocrx_word' id='word_1_36' title='bbox 639 561 826 617; x_wconf 88' lang='grc' dir='ltr'>πάντως</span> <span class='ocrx_word' id='word_1_37' title='bbox 863 564 1023 629; x_wconf 80' lang='grc' dir='ltr'>ὀργαῖς</span> <span class='ocrx_word' id='word_1_38' title='bbox 1057 586 1106 613; x_wconf 91' lang='grc' dir='ltr'>τε</span> <span class='ocrx_word' id='word_1_39' title='bbox 1147 564 1222 613; x_wconf 76' lang='grc' dir='ltr'>καὶ</span> <span class='ocrx_word' id='word_1_40' title='bbox 1261 563 1406 615; x_wconf 86' lang='grc' dir='ltr'>δίκαις</span> <span class='ocrx_word' id='word_1_41' title='bbox 1439 563 1464 612; x_wconf 87' lang='grc' dir='ltr'>ὁ</span> <span class='ocrx_word' id='word_1_42' title='bbox 1494 566 1590 616; x_wconf 91' lang='grc' dir='ltr'>τοῖς</span> <span class='ocrx_word' id='word_1_43' title='bbox 1624 560 1710 613; x_wconf 82' lang='grc' dir='ltr'>ῶδε</span> 
     </span>
    </p>
   </div>
   <div class='ocr_carea' id='block_1_4' title="bbox 93 642 1706 708">
    <p class='ocr_par' dir='ltr' id='par_1_4' title="bbox 93 642 1706 708">
     <span class='ocr_line' id='line_1_7' title="bbox 93 642 1706 708; baseline 0.002 -15"><span class='ocrx_word' id='word_1_44' title='bbox 93 655 115 693; x_wconf 88' lang='grc'>5</span> <span class='ocrx_word' id='word_1_45' title='bbox 135 642 296 695; x_wconf 85' lang='grc' dir='ltr'>δεινοῖς</span> <span class='ocrx_word' id='word_1_46' title='bbox 320 643 727 707; x_wconf 87' lang='grc' dir='ltr'>πλημμελήμασιν</span> <span class='ocrx_word' id='word_1_47' title='bbox 752 643 915 696; x_wconf 79' lang='grc' dir='ltr'>ἑαυτὸν</span> <span class='ocrx_word' id='word_1_48' title='bbox 948 646 1089 708; x_wconf 75' lang='grc' dir='ltr'>ἐνιεὶς,</span> <span class='ocrx_word' id='word_1_49' title='bbox 1114 649 1214 698; x_wconf 89' lang='grc' dir='ltr'>πῶς</span> <span class='ocrx_word' id='word_1_50' title='bbox 1252 643 1309 695; x_wconf 76' lang='grc' dir='ltr'>ἂν</span> <span class='ocrx_word' id='word_1_51' title='bbox 1341 642 1598 695; x_wconf 78' lang='grc' dir='ltr'>ἐνδοιάσειέ</span> <span class='ocrx_word' id='word_1_52' title='bbox 1617 667 1706 707; x_wconf 90' lang='grc' dir='ltr'>τις,</span> 
     </span>
    </p>
   </div>
   <div class='ocr_carea' id='block_1_5' title="bbox 7 2126 115 2150">
    <p class='ocr_par' dir='ltr' id='par_1_5' title="bbox 7 2126 115 2150">
     <span class='ocr_line' id='line_1_8' title="bbox 7 2126 115 2150; baseline 0 0"><span class='ocrx_word' id='word_1_53' title='bbox 7 2132 18 2146; x_wconf 77' lang='grc'>“·</span> <span class='ocrx_word' id='word_1_54' title='bbox 66 2126 115 2150; x_wconf 89' lang='grc'>20</span> 
     </span>
    </p>
   </div>
   <div class='ocr_carea' id='block_1_6' title="bbox 0 1099 47 3434">
    <p class='ocr_par' dir='ltr' id='par_1_6' title="bbox 0 1099 47 3434">
     <span class='ocr_line' id='line_1_9' title="bbox 0 1099 47 3434; baseline 0 0"><span class='ocrx_word' id='word_1_55' title='bbox 0 1099 47 3434; x_wconf 95' lang='lat' dir='ltr'> </span> 
     </span>
    </p>
   </div>
   <div class='ocr_carea' id='block_1_7' title="bbox 133 725 857 797">
    <p class='ocr_par' dir='ltr' id='par_1_7' title="bbox 133 725 857 797">
     <span class='ocr_line' id='line_1_10' title="bbox 133 725 857 797; baseline 0.01 -21"><span class='ocrx_word' id='word_1_56' title='bbox 133 725 261 793; x_wconf 77' lang='grc' dir='ltr'>εἴπερ</span> <span class='ocrx_word' id='word_1_57' title='bbox 286 727 439 780; x_wconf 82' lang='grc' dir='ltr'>ἕλοιτο</span> <span class='ocrx_word' id='word_1_58' title='bbox 466 733 654 797; x_wconf 84' lang='grc' dir='ltr'>φρονεῖν</span> <span class='ocrx_word' id='word_1_59' title='bbox 679 731 827 796; x_wconf 80' lang='grc' dir='ltr'>ὀρθῶς</span> <span class='ocrx_word' id='word_1_60' title='bbox 847 753 857 791; x_wconf 93' lang='grc'><strong>;</strong></span> 
     </span>
    </p>
   </div>
   <div class='ocr_carea' id='block_1_8' title="bbox 137 977 1706 1039">
    <p class='ocr_par' dir='ltr' id='par_1_8' title="bbox 137 977 1706 1039">
     <span class='ocr_line' id='line_1_11' title="bbox 137 977 1706 1039; baseline 0.003 -21"><span class='ocrx_word' id='word_1_61' title='bbox 137 977 211 1019; x_wconf 74' lang='grc' dir='ltr'>Καὶ</span> <span class='ocrx_word' id='word_1_62' title='bbox 247 980 474 1029; x_wconf 72' lang='grc' dir='ltr'>ἑξελοῡμαι</span> <span class='ocrx_word' id='word_1_63' title='bbox 510 982 560 1022; x_wconf 73' lang='grc' dir='ltr'>τά</span> <span class='ocrx_word' id='word_1_64' title='bbox 597 981 733 1028; x_wconf 64' lang='lat' dir='ltr'>&amp;foed</span> <span class='ocrx_word' id='word_1_65' title='bbox 772 982 912 1023; x_wconf 80' lang='grc' dir='ltr'>αὐτῶν</span> <span class='ocrx_word' id='word_1_66' title='bbox 950 982 1010 1022; x_wconf 70' lang='grc' dir='ltr'>ὡς</span> <span class='ocrx_word' id='word_1_67' title='bbox 1048 984 1123 1024; x_wconf 57' lang='lat' dir='ltr'>offic</span> <span class='ocrx_word' id='word_1_68' title='bbox 1161 981 1389 1038; x_wconf 67' lang='grc' dir='ltr'>ἑκτρὼῙ-ων</span> <span class='ocrx_word' id='word_1_69' title='bbox 1428 982 1496 1023; x_wconf 79' lang='grc' dir='ltr'>καὶ</span> <span class='ocrx_word' id='word_1_70' title='bbox 1531 981 1706 1039; x_wconf 69' lang='grc' dir='ltr'>βαδίζων</span> 
     </span>
    </p>
   </div>
   <div class='ocr_carea' id='block_1_9' title="bbox 200 1062 1014 1123">
    <p class='ocr_par' dir='ltr' id='par_1_9' title="bbox 200 1062 1014 1123">
     <span class='ocr_line' id='line_1_12' title="bbox 200 1062 1014 1123; baseline 0.002 -20"><span class='ocrx_word' id='word_1_71' title='bbox 200 1062 270 1104; x_wconf 79' lang='grc' dir='ltr'>ἐπὶ</span> <span class='ocrx_word' id='word_1_72' title='bbox 297 1065 475 1107; x_wconf 72' lang='grc' dir='ltr'>κανόνος</span> <span class='ocrx_word' id='word_1_73' title='bbox 501 1065 561 1105; x_wconf 68' lang='grc' dir='ltr'>ὡς</span> <span class='ocrx_word' id='word_1_74' title='bbox 587 1064 631 1106; x_wconf 82' lang='grc' dir='ltr'>ἐν</span> <span class='ocrx_word' id='word_1_75' title='bbox 658 1065 794 1123; x_wconf 65' lang='grc' dir='ltr'>ἡμέρᾳ</span> <span class='ocrx_word' id='word_1_76' title='bbox 821 1068 1014 1106; x_wconf 72' lang='grc' dir='ltr'>σκοπιᾶς.</span> 
     </span>
    </p>
   </div>
   <div class='ocr_carea' id='block_1_10' title="bbox 208 1193 1708 1262">
    <p class='ocr_par' dir='ltr' id='par_1_10' title="bbox 208 1193 1708 1262">
     <span class='ocr_line' id='line_1_13' title="bbox 208 1193 1708 1262; baseline 0.001 -16"><span class='ocrx_word' id='word_1_77' title='bbox 208 1193 384 1246; x_wconf 79' lang='grc' dir='ltr'>Διττὸν</span> <span class='ocrx_word' id='word_1_78' title='bbox 409 1197 722 1261; x_wconf 84' lang='grc' dir='ltr'>ἐπηπείλησεν</span> <span class='ocrx_word' id='word_1_79' title='bbox 748 1196 902 1250; x_wconf 81' lang='grc' dir='ltr'>αὐτοῖς</span> <span class='ocrx_word' id='word_1_80' title='bbox 927 1195 1114 1262; x_wconf 81' lang='grc' dir='ltr'>ἐπάγειν</span> <span class='ocrx_word' id='word_1_81' title='bbox 1140 1198 1222 1259; x_wconf 82' lang='grc' dir='ltr'>τῆς</span> <span class='ocrx_word' id='word_1_82' title='bbox 1253 1196 1380 1259; x_wconf 81' lang='grc' dir='ltr'>δίκης</span> <span class='ocrx_word' id='word_1_83' title='bbox 1406 1195 1489 1247; x_wconf 81' lang='grc' dir='ltr'>τὸν</span> <span class='ocrx_word' id='word_1_84' title='bbox 1518 1195 1708 1262; x_wconf 89' lang='grc' dir='ltr'>τρόπον.</span> 
     </span>
    </p>
   </div>
   <div class='ocr_carea' id='block_1_11' title="bbox 69 1275 1709 1347">
    <p class='ocr_par' dir='ltr' id='par_1_11' title="bbox 4 1275 1709 1351">
     <span class='ocr_line' id='line_1_14' title="bbox 69 1275 1709 1347; baseline 0.001 -19.924"><span class='ocrx_word' id='word_1_85' title='bbox 69 1303 115 1328; x_wconf 83' lang='grc' dir='ltr'>ιο</span> <span class='ocrx_word' id='word_1_86' title='bbox 134 1275 225 1345; x_wconf 77' lang='grc' dir='ltr'>ε”φη</span> <span class='ocrx_word' id='word_1_87' title='bbox 251 1276 345 1344; x_wconf 79' lang='grc' dir='ltr'>γὰρ</span> <span class='ocrx_word' id='word_1_88' title='bbox 372 1277 442 1328; x_wconf 81' lang='grc' dir='ltr'>ὅτι</span> <span class='ocrx_word' id='word_1_89' title='bbox 469 1285 495 1308; x_wconf 82' lang='grc'><strong>“</strong></span> <span class='ocrx_word' id='word_1_90' title='bbox 513 1280 608 1328; x_wconf 80' lang='grc' dir='ltr'>Καὶ</span> <span class='ocrx_word' id='word_1_91' title='bbox 638 1278 729 1344; x_wconf 81' lang='grc' dir='ltr'>ἐγὼ</span> <span class='ocrx_word' id='word_1_92' title='bbox 755 1277 957 1346; x_wconf 74' lang='grc' dir='ltr'>ἄρξομαι</span> <span class='ocrx_word' id='word_1_93' title='bbox 984 1283 1065 1328; x_wconf 86' lang='grc' dir='ltr'>τοῦ</span> <span class='ocrx_word' id='word_1_94' title='bbox 1090 1277 1297 1347; x_wconf 72' lang='grc' dir='ltr'>πατάξαι</span> <span class='ocrx_word' id='word_1_95' title='bbox 1324 1301 1396 1341; x_wconf 90' lang='grc' dir='ltr'>σε,</span> <span class='ocrx_word' id='word_1_96' title='bbox 1423 1281 1498 1329; x_wconf 80' lang='grc' dir='ltr'>καὶ</span> <span class='ocrx_word' id='word_1_97' title='bbox 1524 1281 1709 1346; x_wconf 82' lang='grc' dir='ltr'>ἀφανιῶ</span> 
     </span>
    </p>
   </div>
   <div class='ocr_carea' id='block_1_12' title="bbox 132 1358 1711 2414">
    <p class='ocr_par' dir='ltr' id='par_1_12' title="bbox 133 1358 1711 1754">
     <span class='ocr_line' id='line_1_15' title="bbox 134 1358 1710 1427; baseline 0.001 -18"><span class='ocrx_word' id='word_1_98' title='bbox 134 1367 161 1387; x_wconf 87' lang='grc'><strong>“</strong></span> <span class='ocrx_word' id='word_1_99' title='bbox 187 1382 245 1409; x_wconf 95' lang='grc' dir='ltr'>σε</span> <span class='ocrx_word' id='word_1_100' title='bbox 279 1361 353 1411; x_wconf 82' lang='grc' dir='ltr'>ἐπὶ</span> <span class='ocrx_word' id='word_1_101' title='bbox 386 1364 486 1413; x_wconf 87' lang='grc' dir='ltr'>ταῖς</span> <span class='ocrx_word' id='word_1_102' title='bbox 520 1361 763 1427; x_wconf 78' lang='grc' dir='ltr'>ἁμαρτίαις</span> <span class='ocrx_word' id='word_1_103' title='bbox 797 1383 904 1410; x_wconf 90' lang='grc' dir='ltr'>σου.</span> <span class='ocrx_word' id='word_1_104' title='bbox 971 1358 1034 1410; x_wconf 78' lang='grc' dir='ltr'>σὺ</span> <span class='ocrx_word' id='word_1_105' title='bbox 1080 1359 1290 1427; x_wconf 82' lang='grc' dir='ltr'>φάγεσαι</span> <span class='ocrx_word' id='word_1_106' title='bbox 1332 1364 1407 1411; x_wconf 85' lang='grc' dir='ltr'>καὶ</span> <span class='ocrx_word' id='word_1_107' title='bbox 1442 1361 1495 1411; x_wconf 81' lang='grc' dir='ltr'>οὐ</span> <span class='ocrx_word' id='word_1_108' title='bbox 1532 1359 1596 1425; x_wconf 82' lang='grc' dir='ltr'>μὴ</span> <span class='ocrx_word' id='word_1_109' title='bbox 1630 1361 1710 1424; x_wconf 83' lang='grc' dir='ltr'>ε’μ-</span> 
     </span>
     <span class='ocr_line' id='line_1_16' title="bbox 134 1441 1710 1511; baseline 0 -19"><span class='ocrx_word' id='word_1_110' title='bbox 134 1448 161 1470; x_wconf 81' lang='grc'><strong>“</strong></span> <span class='ocrx_word' id='word_1_111' title='bbox 186 1445 424 1510; x_wconf 82' lang='grc' dir='ltr'>πλησθῇς,</span> <span class='ocrx_word' id='word_1_112' title='bbox 459 1443 534 1492; x_wconf 74' lang='grc' dir='ltr'>καὶ</span> <span class='ocrx_word' id='word_1_113' title='bbox 563 1442 729 1511; x_wconf 74' lang='grc' dir='ltr'>ἐξώσω</span> <span class='ocrx_word' id='word_1_114' title='bbox 764 1465 819 1492; x_wconf 94' lang='grc' dir='ltr'>σε</span> <span class='ocrx_word' id='word_1_115' title='bbox 854 1443 902 1492; x_wconf 86' lang='grc' dir='ltr'>ἐν</span> <span class='ocrx_word' id='word_1_116' title='bbox 932 1447 1025 1504; x_wconf 76' lang='grc' dir='ltr'>σοὶ,</span> <span class='ocrx_word' id='word_1_117' title='bbox 1052 1444 1126 1493; x_wconf 76' lang='grc' dir='ltr'>καὶ</span> <span class='ocrx_word' id='word_1_118' title='bbox 1157 1441 1417 1511; x_wconf 77' lang='grc' dir='ltr'>καταλήψῃ</span> <span class='ocrx_word' id='word_1_119' title='bbox 1451 1443 1527 1493; x_wconf 80' lang='grc' dir='ltr'>καὶ</span> <span class='ocrx_word' id='word_1_120' title='bbox 1561 1443 1614 1492; x_wconf 80' lang='grc' dir='ltr'>οὐ</span> <span class='ocrx_word' id='word_1_121' title='bbox 1644 1441 1710 1506; x_wconf 88' lang='grc' dir='ltr'>μὴ</span> 
     </span>
     <span class='ocr_line' id='line_1_17' title="bbox 133 1522 1711 1591; baseline 0.001 -18"><span class='ocrx_word' id='word_1_122' title='bbox 133 1530 161 1552; x_wconf 83' lang='grc'><strong>“</strong></span> <span class='ocrx_word' id='word_1_123' title='bbox 187 1524 465 1591; x_wconf 87' lang='grc' dir='ltr'>διασωθῇς.”</span> <span class='ocrx_word' id='word_1_124' title='bbox 516 1525 843 1591; x_wconf 87' lang='grc' dir='ltr'>προσεπετίθει</span> <span class='ocrx_word' id='word_1_125' title='bbox 879 1522 940 1587; x_wconf 84' lang='grc' dir='ltr'>δὲ,</span> <span class='ocrx_word' id='word_1_126' title='bbox 973 1523 1043 1575; x_wconf 81' lang='grc' dir='ltr'>ὅτι</span> <span class='ocrx_word' id='word_1_127' title='bbox 1074 1526 1149 1575; x_wconf 76' lang='grc' dir='ltr'>καὶ</span> <span class='ocrx_word' id='word_1_128' title='bbox 1177 1523 1290 1575; x_wconf 57' lang='grc' dir='ltr'>ί(Συ</span> <span class='ocrx_word' id='word_1_129' title='bbox 1327 1528 1514 1590; x_wconf 86' lang='grc' dir='ltr'>σπερεῖς</span> <span class='ocrx_word' id='word_1_130' title='bbox 1549 1526 1625 1575; x_wconf 81' lang='grc' dir='ltr'>καὶ</span> <span class='ocrx_word' id='word_1_131' title='bbox 1658 1526 1711 1575; x_wconf 82' lang='grc' dir='ltr'>οὐ</span> 
     </span>
     <span class='ocr_line' id='line_1_18' title="bbox 135 1604 1709 1675; baseline 0.001 -19"><span class='ocrx_word' id='word_1_132' title='bbox 135 1613 162 1635; x_wconf 82' lang='grc'><strong>“</strong></span> <span class='ocrx_word' id='word_1_133' title='bbox 186 1604 250 1669; x_wconf 85' lang='grc' dir='ltr'>μὴ</span> <span class='ocrx_word' id='word_1_134' title='bbox 271 1604 473 1674; x_wconf 85' lang='grc' dir='ltr'>ἀμήσῃς,</span> <span class='ocrx_word' id='word_1_135' title='bbox 493 1605 556 1657; x_wconf 74' lang='grc' dir='ltr'>σὺ</span> <span class='ocrx_word' id='word_1_136' title='bbox 582 1607 755 1660; x_wconf 77' lang='grc' dir='ltr'>πιέσεις</span> <span class='ocrx_word' id='word_1_137' title='bbox 781 1607 942 1657; x_wconf 83' lang='grc' dir='ltr'>ἐλαίαν</span> <span class='ocrx_word' id='word_1_138' title='bbox 968 1608 1043 1657; x_wconf 76' lang='grc' dir='ltr'>καὶ</span> <span class='ocrx_word' id='word_1_139' title='bbox 1068 1607 1121 1657; x_wconf 79' lang='grc' dir='ltr'>οὐ</span> <span class='ocrx_word' id='word_1_140' title='bbox 1147 1605 1210 1670; x_wconf 87' lang='grc' dir='ltr'>μὴ</span> <span class='ocrx_word' id='word_1_141' title='bbox 1238 1607 1416 1675; x_wconf 66' lang='grc' dir='ltr'>ἀλείφῃ</span> <span class='ocrx_word' id='word_1_142' title='bbox 1443 1606 1612 1669; x_wconf 71' lang='grc' dir='ltr'>ἔλαιον,</span> <span class='ocrx_word' id='word_1_143' title='bbox 1633 1609 1709 1658; x_wconf 79' lang='grc' dir='ltr'>καὶ</span> 
     </span>
     <span class='ocr_line' id='line_1_19' title="bbox 135 1685 808 1754; baseline 0 -16"><span class='ocrx_word' id='word_1_144' title='bbox 135 1694 160 1717; x_wconf 81' lang='grc'><strong><em>“</em></strong></span> <span class='ocrx_word' id='word_1_145' title='bbox 187 1685 311 1738; x_wconf 74' lang='grc' dir='ltr'>οἶνον</span> <span class='ocrx_word' id='word_1_146' title='bbox 342 1690 417 1739; x_wconf 73' lang='grc' dir='ltr'>καὶ</span> <span class='ocrx_word' id='word_1_147' title='bbox 448 1689 500 1739; x_wconf 81' lang='grc' dir='ltr'>οὐ</span> <span class='ocrx_word' id='word_1_148' title='bbox 532 1687 597 1752; x_wconf 88' lang='grc' dir='ltr'>μὴ</span> <span class='ocrx_word' id='word_1_149' title='bbox 629 1688 808 1754; x_wconf 85' lang='grc' dir='ltr'>πίητε.”</span> 
     </span>
    </p>

    <p class='ocr_par' dir='ltr' id='par_1_13' title="bbox 132 1769 1711 2414">
     <span class='ocr_line' id='line_1_20' title="bbox 168 1769 1702 1788; baseline 0.001 -2"><span class='ocrx_word' id='word_1_150' title='bbox 168 1772 188 1781; x_wconf 68' lang='grc' dir='ltr'>Α</span> <span class='ocrx_word' id='word_1_151' title='bbox 259 1771 269 1785; x_wconf 64' lang='lat' dir='ltr'><strong>D</strong></span> <span class='ocrx_word' id='word_1_152' title='bbox 352 1772 362 1786; x_wconf 72' lang='lat'>5</span> <span class='ocrx_word' id='word_1_153' title='bbox 444 1775 463 1784; x_wconf 64' lang='grc' dir='ltr'>Α</span> <span class='ocrx_word' id='word_1_154' title='bbox 561 1772 572 1786; x_wconf 72' lang='grc'><strong>)</strong></span> <span class='ocrx_word' id='word_1_155' title='bbox 712 1771 723 1788; x_wconf 86' lang='grc' dir='ltr'><em>Ι</em></span> <span class='ocrx_word' id='word_1_156' title='bbox 836 1770 848 1783; x_wconf 45' lang='grc' dir='ltr'>ἵ</span> <span class='ocrx_word' id='word_1_157' title='bbox 908 1772 919 1786; x_wconf 72' lang='grc'><em>,</em></span> <span class='ocrx_word' id='word_1_158' title='bbox 1131 1769 1144 1787; x_wconf 55' lang='grc' dir='ltr'><strong>Χ</strong></span> <span class='ocrx_word' id='word_1_159' title='bbox 1226 1772 1236 1786; x_wconf 79' lang='grc'><strong>)</strong></span> <span class='ocrx_word' id='word_1_160' title='bbox 1337 1771 1347 1786; x_wconf 95' lang='grc' dir='ltr'><em>Ι</em></span> <span class='ocrx_word' id='word_1_161' title='bbox 1496 1770 1506 1788; x_wconf 52' lang='grc' dir='ltr'>ἴ</span> <span class='ocrx_word' id='word_1_162' title='bbox 1599 1773 1610 1787; x_wconf 61' lang='grc' dir='ltr'><strong>Χ</strong></span> <span class='ocrx_word' id='word_1_163' title='bbox 1689 1770 1702 1788; x_wconf 52' lang='grc' dir='ltr'><strong>Χ</strong></span> 
     </span>
     <span class='ocr_line' id='line_1_21' title="bbox 132 1770 1709 1839; baseline 0.001 -19"><span class='ocrx_word' id='word_1_164' title='bbox 132 1792 216 1833; x_wconf 86' lang='grc' dir='ltr'>της</span> <span class='ocrx_word' id='word_1_165' title='bbox 247 1770 304 1838; x_wconf 76' lang='grc' dir='ltr'>εξ</span> <span class='ocrx_word' id='word_1_166' title='bbox 336 1793 495 1837; x_wconf 89' lang='grc' dir='ltr'>αγρων</span> <span class='ocrx_word' id='word_1_167' title='bbox 528 1794 775 1839; x_wconf 87' lang='grc' dir='ltr'>ευκαρπιας</span> <span class='ocrx_word' id='word_1_168' title='bbox 804 1794 857 1822; x_wconf 92' lang='grc' dir='ltr'>το</span> <span class='ocrx_word' id='word_1_169' title='bbox 893 1775 1182 1839; x_wconf 88' lang='grc' dir='ltr'>αμφιλαφες,</span> <span class='ocrx_word' id='word_1_170' title='bbox 1215 1773 1428 1838; x_wconf 81' lang='grc' dir='ltr'>ελλειψει</span> <span class='ocrx_word' id='word_1_171' title='bbox 1460 1773 1507 1821; x_wconf 90' lang='grc' dir='ltr'>δε</span> <span class='ocrx_word' id='word_1_172' title='bbox 1539 1794 1613 1821; x_wconf 90' lang='grc' dir='ltr'>και</span> <span class='ocrx_word' id='word_1_173' title='bbox 1648 1794 1709 1821; x_wconf 87' lang='grc' dir='ltr'>τα</span> 
     </span>
     <span class='ocr_line' id='line_1_22' title="bbox 133 1851 1708 1921; baseline 0.001 -19"><span class='ocrx_word' id='word_1_174' title='bbox 133 1851 328 1918; x_wconf 75' lang='grc' dir='ltr'>ζωαρκῆ,</span> <span class='ocrx_word' id='word_1_175' title='bbox 379 1855 454 1903; x_wconf 77' lang='grc' dir='ltr'>καὶ</span> <span class='ocrx_word' id='word_1_176' title='bbox 504 1858 562 1920; x_wconf 83' lang='grc' dir='ltr'>τῇ</span> <span class='ocrx_word' id='word_1_177' title='bbox 611 1858 705 1904; x_wconf 87' lang='grc' dir='ltr'>τῶν</span> <span class='ocrx_word' id='word_1_178' title='bbox 754 1852 1134 1921; x_wconf 85' lang='grc' dir='ltr'>χρειωδεστάτων</span> <span class='ocrx_word' id='word_1_179' title='bbox 1189 1854 1336 1921; x_wconf 73' lang='grc' dir='ltr'>ἐνδείᾳ</span> <span class='ocrx_word' id='word_1_180' title='bbox 1387 1853 1708 1918; x_wconf 89' lang='grc' dir='ltr'>καταπιεσθή-</span> 
     </span>
     <span class='ocr_line' id='line_1_23' title="bbox 132 1934 1711 2002; baseline 0.001 -16"><span class='ocrx_word' id='word_1_181' title='bbox 132 1958 313 1998; x_wconf 90' lang='grc' dir='ltr'>σονται,</span> <span class='ocrx_word' id='word_1_182' title='bbox 354 1936 561 1987; x_wconf 87' lang='grc' dir='ltr'>διδάσκει</span> <span class='ocrx_word' id='word_1_183' title='bbox 601 1937 770 2002; x_wconf 85' lang='grc' dir='ltr'>λέγων,</span> <span class='ocrx_word' id='word_1_184' title='bbox 806 1937 868 1990; x_wconf 83' lang='grc' dir='ltr'>ὡς</span> <span class='ocrx_word' id='word_1_185' title='bbox 903 1937 950 1986; x_wconf 85' lang='grc' dir='ltr'>ἐν</span> <span class='ocrx_word' id='word_1_186' title='bbox 988 1935 1093 1986; x_wconf 79' lang='grc' dir='ltr'>ε’ίδει</span> <span class='ocrx_word' id='word_1_187' title='bbox 1131 1934 1215 1998; x_wconf 77' lang='grc' dir='ltr'>μὲν</span> <span class='ocrx_word' id='word_1_188' title='bbox 1254 1936 1378 1996; x_wconf 63' lang='grc' dir='ltr'>σητὶις</span> <span class='ocrx_word' id='word_1_189' title='bbox 1427 1935 1711 1999; x_wconf 87' lang='grc' dir='ltr'>δαπανήσειν</span> 
     </span>
     <span class='ocr_line' id='line_1_24' title="bbox 132 2015 1710 2085; baseline 0.003 -17"><span class='ocrx_word' id='word_1_190' title='bbox 132 2016 287 2069; x_wconf 86' lang='grc' dir='ltr'>πάντα</span> <span class='ocrx_word' id='word_1_191' title='bbox 313 2018 448 2070; x_wconf 73' lang='grc' dir='ltr'>αὐτῶν</span> <span class='ocrx_word' id='word_1_192' title='bbox 481 2017 541 2070; x_wconf 56' lang='lat' dir='ltr'>T&amp;</span> <span class='ocrx_word' id='word_1_193' title='bbox 571 2018 744 2085; x_wconf 60' lang='grc' dir='ltr'>ἀγαθὰ,</span> <span class='ocrx_word' id='word_1_194' title='bbox 772 2018 996 2080; x_wconf 79' lang='grc' dir='ltr'>τουτέστι,</span> <span class='ocrx_word' id='word_1_195' title='bbox 1023 2017 1082 2068; x_wconf 81' lang='grc' dir='ltr'>τὰ</span> <span class='ocrx_word' id='word_1_196' title='bbox 1114 2016 1180 2071; x_wconf 75' lang='grc' dir='ltr'>οἷς</span> <span class='ocrx_word' id='word_1_197' title='bbox 1211 2015 1268 2081; x_wconf 79' lang='grc' dir='ltr'>ἧν</span> <span class='ocrx_word' id='word_1_198' title='bbox 1293 2016 1410 2070; x_wconf 77' lang='grc' dir='ltr'>εἰκὸς</span> <span class='ocrx_word' id='word_1_199' title='bbox 1437 2018 1490 2068; x_wconf 84' lang='grc' dir='ltr'>οὐ</span> <span class='ocrx_word' id='word_1_200' title='bbox 1515 2019 1710 2085; x_wconf 80' lang='grc' dir='ltr'>μετρίως</span> 
     </span>
     <span class='ocr_line' id='line_1_25' title="bbox 132 2098 1710 2169; baseline -0.001 -18"><span class='ocrx_word' id='word_1_201' title='bbox 132 2101 379 2169; x_wconf 83' lang='grc' dir='ltr'>ἐντρυφᾶν,</span> <span class='ocrx_word' id='word_1_202' title='bbox 412 2102 486 2151; x_wconf 77' lang='grc' dir='ltr'>καὶ</span> <span class='ocrx_word' id='word_1_203' title='bbox 523 2101 578 2151; x_wconf 81' lang='grc' dir='ltr'>τὸ</span> <span class='ocrx_word' id='word_1_204' title='bbox 612 2104 694 2165; x_wconf 85' lang='grc' dir='ltr'>τῆς</span> <span class='ocrx_word' id='word_1_205' title='bbox 728 2101 968 2166; x_wconf 81' lang='grc' dir='ltr'>εὐημερίας</span> <span class='ocrx_word' id='word_1_206' title='bbox 1007 2103 1335 2162; x_wconf 82' lang='grc' dir='ltr'>διακεκτῆσθαι</span> <span class='ocrx_word' id='word_1_207' title='bbox 1374 2098 1571 2153; x_wconf 83' lang='grc' dir='ltr'>πλάτος.</span> <span class='ocrx_word' id='word_1_208' title='bbox 1638 2099 1710 2151; x_wconf 77' lang='grc' dir='ltr'>ὅτι</span> 
     </span>
     <span class='ocr_line' id='line_1_26' title="bbox 134 2179 1703 2251; baseline -0.001 -18"><span class='ocrx_word' id='word_1_209' title='bbox 134 2182 181 2233; x_wconf 78' lang='grc' dir='ltr'>δὲ</span> <span class='ocrx_word' id='word_1_210' title='bbox 230 2182 433 2247; x_wconf 74' lang='grc' dir='ltr'>ἔμελλον</span> <span class='ocrx_word' id='word_1_211' title='bbox 482 2182 884 2251; x_wconf 84' lang='grc' dir='ltr'>παταχθήσεσθαί</span> <span class='ocrx_word' id='word_1_212' title='bbox 923 2205 971 2234; x_wconf 89' lang='grc' dir='ltr'>τε</span> <span class='ocrx_word' id='word_1_213' title='bbox 1022 2184 1096 2232; x_wconf 83' lang='grc' dir='ltr'>καὶ</span> <span class='ocrx_word' id='word_1_214' title='bbox 1142 2179 1576 2249; x_wconf 83' lang='grc' dir='ltr'>ἀφανισθήσεσθαι,</span> <span class='ocrx_word' id='word_1_215' title='bbox 1625 2183 1703 2251; x_wconf 76' lang='grc' dir='ltr'>ἐξ·</span> 
     </span>
     <span class='ocr_line' id='line_1_27' title="bbox 134 2263 1709 2334; baseline -0.002 -18"><span class='ocrx_word' id='word_1_216' title='bbox 134 2266 348 2329; x_wconf 85' lang='grc' dir='ltr'>ωσθῆναί</span> <span class='ocrx_word' id='word_1_217' title='bbox 378 2288 440 2328; x_wconf 88' lang='grc' dir='ltr'>τε,</span> <span class='ocrx_word' id='word_1_218' title='bbox 468 2264 629 2332; x_wconf 76' lang='grc' dir='ltr'>ὥσπερ</span> <span class='ocrx_word' id='word_1_219' title='bbox 664 2268 738 2316; x_wconf 75' lang='grc' dir='ltr'>καὶ</span> <span class='ocrx_word' id='word_1_220' title='bbox 774 2265 821 2316; x_wconf 79' lang='grc' dir='ltr'>ε”ν</span> <span class='ocrx_word' id='word_1_221' title='bbox 860 2269 1035 2334; x_wconf 91' lang='grc' dir='ltr'>σφισιν</span> <span class='ocrx_word' id='word_1_222' title='bbox 1073 2265 1239 2326; x_wconf 82' lang='grc' dir='ltr'>αὐτοῖς,</span> <span class='ocrx_word' id='word_1_223' title='bbox 1274 2263 1531 2326; x_wconf 76' lang='grc' dir='ltr'>τουτέστιν,</span> <span class='ocrx_word' id='word_1_224' title='bbox 1557 2264 1709 2328; x_wconf 78' lang='grc' dir='ltr'>ἀλλή-</span> 
     </span>
     <span class='ocr_line' id='line_1_28' title="bbox 134 2345 1708 2414; baseline 0 -17"><span class='ocrx_word' id='word_1_225' title='bbox 134 2354 236 2402; x_wconf 88' lang='grc' dir='ltr'>λοις</span> <span class='ocrx_word' id='word_1_226' title='bbox 264 2351 630 2411; x_wconf 90' lang='grc' dir='ltr'>συνδιολεῖσθαι,</span> <span class='ocrx_word' id='word_1_227' title='bbox 670 2350 744 2398; x_wconf 70' lang='grc' dir='ltr'>καὶ</span> <span class='ocrx_word' id='word_1_228' title='bbox 784 2347 873 2399; x_wconf 86' lang='grc' dir='ltr'>ὑπό</span> <span class='ocrx_word' id='word_1_229' title='bbox 914 2371 967 2414; x_wconf 91' lang='grc' dir='ltr'>γε</span> <span class='ocrx_word' id='word_1_230' title='bbox 1004 2351 1147 2414; x_wconf 90' lang='grc' dir='ltr'>σφῶν</span> <span class='ocrx_word' id='word_1_231' title='bbox 1185 2347 1337 2396; x_wconf 80' lang='grc' dir='ltr'>αὐτῶν</span> <span class='ocrx_word' id='word_1_232' title='bbox 1375 2345 1512 2396; x_wconf 78' lang='grc' dir='ltr'>οἴκων</span> <span class='ocrx_word' id='word_1_233' title='bbox 1546 2369 1595 2396; x_wconf 89' lang='grc' dir='ltr'>τε</span> <span class='ocrx_word' id='word_1_234' title='bbox 1633 2349 1708 2397; x_wconf 83' lang='grc' dir='ltr'>καὶ</span> 
     </span>
    </p>
   </div>
   <div class='ocr_carea' id='block_1_13' title="bbox 1772 492 1890 567">
    <p class='ocr_par' dir='ltr' id='par_1_14' title="bbox 1772 492 1890 567">
     <span class='ocr_line' id='line_1_29' title="bbox 1775 492 1890 522; baseline 0.009 -1"><span class='ocrx_word' id='word_1_235' title='bbox 1775 501 1787 522; x_wconf 92' lang='lat'>1</span> <span class='ocrx_word' id='word_1_236' title='bbox 1806 492 1890 522; x_wconf 86' lang='lat' dir='ltr'><strong>Tim.</strong></span> 
     </span>
     <span class='ocr_line' id='line_1_30' title="bbox 1772 545 1872 567; baseline 0 -1"><span class='ocrx_word' id='word_1_237' title='bbox 1772 547 1802 567; x_wconf 88' lang='lat' dir='ltr'>v.</span> <span class='ocrx_word' id='word_1_238' title='bbox 1824 545 1872 566; x_wconf 86' lang='lat'>22.</span> 
     </span>
    </p>
   </div>
   <div class='ocr_carea' id='block_1_14' title="bbox 1727 921 1752 1026">
    <p class='ocr_par' dir='ltr' id='par_1_15' title="bbox 1727 921 1752 1026">
     <span class='ocr_line' id='line_1_31' title="bbox 1727 921 1752 961; baseline 0 0"><span class='ocrx_word' id='word_1_239' title='bbox 1727 921 1752 961; x_wconf 92' lang='lat' dir='ltr'>b</span> 
     </span>
     <span class='ocr_line' id='line_1_32' title="bbox 1728 993 1750 1026; baseline 0 -10"><span class='ocrx_word' id='word_1_240' title='bbox 1728 993 1750 1026; x_wconf 88' lang='lat'>4</span> 
     </span>
    </p>
   </div>
   <div class='ocr_carea' id='block_1_15' title="bbox 1770 1288 1931 1371">
    <p class='ocr_par' dir='ltr' id='par_1_16' title="bbox 1770 1288 1931 1371">
     <span class='ocr_line' id='line_1_33' title="bbox 1771 1288 1877 1338; baseline -0.009 -19"><span class='ocrx_word' id='word_1_241' title='bbox 1771 1288 1877 1338; x_wconf 62' lang='lat' dir='ltr'>Sppra</span> 
     </span>
     <span class='ocr_line' id='line_1_34' title="bbox 1770 1341 1931 1371; baseline -0.012 -8"><span class='ocrx_word' id='word_1_242' title='bbox 1770 1343 1814 1363; x_wconf 87' lang='lat' dir='ltr'>Vl.</span> <span class='ocrx_word' id='word_1_243' title='bbox 1826 1341 1872 1371; x_wconf 86' lang='lat'>13,</span> <span class='ocrx_word' id='word_1_244' title='bbox 1883 1341 1931 1370; x_wconf 84' lang='lat'><strong>14.</strong></span> 
     </span>
    </p>
   </div>
   <div class='ocr_carea' id='block_1_16' title="bbox 1771 1544 1894 1583">
    <p class='ocr_par' dir='ltr' id='par_1_17' title="bbox 1771 1544 1894 1583">
     <span class='ocr_line' id='line_1_35' title="bbox 1771 1544 1894 1583; baseline 0 -8"><span class='ocrx_word' id='word_1_245' title='bbox 1771 1544 1821 1576; x_wconf 91' lang='lat' dir='ltr'>Ib.</span> <span class='ocrx_word' id='word_1_246' title='bbox 1846 1552 1894 1583; x_wconf 86' lang='lat'><strong>15.</strong></span> 
     </span>
    </p>
   </div>
   <div class='ocr_carea' id='block_1_17' title="bbox 873 1687 1748 1755">
    <p class='ocr_par' dir='ltr' id='par_1_18' title="bbox 873 1687 1748 1755">
     <span class='ocr_line' id='line_1_36' title="bbox 873 1687 1748 1755; baseline 0 -16"><span class='ocrx_word' id='word_1_247' title='bbox 873 1688 944 1739; x_wconf 77' lang='grc' dir='ltr'>ὅτι</span> <span class='ocrx_word' id='word_1_248' title='bbox 978 1689 1132 1739; x_wconf 85' lang='grc' dir='ltr'>τοίνυν</span> <span class='ocrx_word' id='word_1_249' title='bbox 1166 1688 1405 1755; x_wconf 77' lang='grc' dir='ltr'>οἰχήσεται</span> <span class='ocrx_word' id='word_1_250' title='bbox 1440 1687 1525 1751; x_wconf 77' lang='grc' dir='ltr'>μὲν</span> <span class='ocrx_word' id='word_1_251' title='bbox 1557 1690 1748 1743; x_wconf 80' lang='grc' dir='ltr'>αὑτοῖςο</span> 
     </span>
    </p>
   </div>
   <div class='ocr_carea' id='block_1_18' title="bbox 133 2425 1751 2498">
    <p class='ocr_par' dir='ltr' id='par_1_19' title="bbox 133 2425 1751 2498">
     <span class='ocr_line' id='line_1_37' title="bbox 133 2425 1751 2498; baseline -0.002 -16"><span class='ocrx_word' id='word_1_252' title='bbox 133 2430 319 2482; x_wconf 89' lang='grc' dir='ltr'>πόλεων</span> <span class='ocrx_word' id='word_1_253' title='bbox 345 2431 551 2484; x_wconf 82' lang='grc' dir='ltr'>ἐλεεινῶς</span> <span class='ocrx_word' id='word_1_254' title='bbox 577 2429 910 2494; x_wconf 71' lang='grc' dir='ltr'>ἐκπέμπεσθαι,</span> <span class='ocrx_word' id='word_1_255' title='bbox 938 2432 1179 2495; x_wconf 87' lang='grc' dir='ltr'>διατρανοῖ</span> <span class='ocrx_word' id='word_1_256' title='bbox 1200 2426 1352 2493; x_wconf 75' lang='grc' dir='ltr'>λέγων</span> <span class='ocrx_word' id='word_1_257' title='bbox 1380 2434 1468 2478; x_wconf 68' lang='grc' dir='ltr'>Καὶ</span> <span class='ocrx_word' id='word_1_258' title='bbox 1502 2425 1706 2498; x_wconf 56' lang='grc' dir='ltr'>βαδίζων</span> <span class='ocrx_word' id='word_1_259' title='bbox 1724 2439 1751 2479; x_wconf 84' lang='grc'>(1</span> 
     </span>
    </p>
   </div>
   <div class='ocr_carea' id='block_1_19' title="bbox 134 2634 1707 3057">
    <p class='ocr_par' dir='ltr' id='par_1_20' title="bbox 134 2634 1707 3057">
     <span class='ocr_line' id='line_1_38' title="bbox 186 2634 1705 2685; baseline -0.003 -12"><span class='ocrx_word' id='word_1_260' title='bbox 186 2650 215 2673; x_wconf 91' lang='lat'>1.</span> <span class='ocrx_word' id='word_1_261' title='bbox 239 2638 284 2682; x_wconf 82' lang='grc' dir='ltr'>μὴ</span> <span class='ocrx_word' id='word_1_262' title='bbox 302 2650 364 2684; x_wconf 89' lang='lat' dir='ltr'>pro</span> <span class='ocrx_word' id='word_1_263' title='bbox 380 2639 462 2682; x_wconf 80' lang='grc' dir='ltr'>μηδὲ</span> <span class='ocrx_word' id='word_1_264' title='bbox 481 2638 523 2672; x_wconf 91' lang='grc' dir='ltr'>Β.</span> <span class='ocrx_word' id='word_1_265' title='bbox 571 2639 771 2685; x_wconf 86' lang='grc' dir='ltr'>προκεῖσθαι</span> <span class='ocrx_word' id='word_1_266' title='bbox 789 2640 831 2673; x_wconf 92' lang='grc' dir='ltr'>Α.</span> <span class='ocrx_word' id='word_1_267' title='bbox 989 2648 1021 2683; x_wconf 88' lang='grc'>5.</span> <span class='ocrx_word' id='word_1_268' title='bbox 1048 2636 1165 2671; x_wconf 86' lang='grc' dir='ltr'>ἑαυτὸν</span> <span class='ocrx_word' id='word_1_269' title='bbox 1180 2636 1351 2679; x_wconf 85' lang='grc' dir='ltr'>πλημμελ.</span> <span class='ocrx_word' id='word_1_270' title='bbox 1371 2635 1507 2669; x_wconf 86' lang='lat' dir='ltr'>inverso</span> <span class='ocrx_word' id='word_1_271' title='bbox 1524 2634 1645 2669; x_wconf 88' lang='lat' dir='ltr'>ordine</span> <span class='ocrx_word' id='word_1_272' title='bbox 1664 2634 1705 2669; x_wconf 90' lang='lat' dir='ltr'>B.</span> 
     </span>
     <span class='ocr_line' id='line_1_39' title="bbox 137 2681 1707 2731; baseline -0.003 -11"><span class='ocrx_word' id='word_1_273' title='bbox 137 2695 168 2731; x_wconf 88' lang='lat'>7.</span> <span class='ocrx_word' id='word_1_274' title='bbox 194 2685 304 2731; x_wconf 80' lang='grc' dir='ltr'>ἀγαθὰ</span> <span class='ocrx_word' id='word_1_275' title='bbox 321 2686 428 2719; x_wconf 82' lang='grc' dir='ltr'>αὐτῶν</span> <span class='ocrx_word' id='word_1_276' title='bbox 445 2686 489 2719; x_wconf 92' lang='lat' dir='ltr'>A.</span> <span class='ocrx_word' id='word_1_277' title='bbox 507 2686 615 2720; x_wconf 82' lang='grc' dir='ltr'>αὐτῶν</span> <span class='ocrx_word' id='word_1_278' title='bbox 630 2687 740 2731; x_wconf 80' lang='grc' dir='ltr'>ἀγαθὰ</span> <span class='ocrx_word' id='word_1_279' title='bbox 758 2686 851 2720; x_wconf 86' lang='lat' dir='ltr'><strong>Edd.</strong></span> <span class='ocrx_word' id='word_1_280' title='bbox 868 2685 981 2730; x_wconf 82' lang='lat'><strong>(153.)</strong></span> <span class='ocrx_word' id='word_1_281' title='bbox 1342 2682 1375 2715; x_wconf 89' lang='grc'>8.</span> <span class='ocrx_word' id='word_1_282' title='bbox 1401 2682 1445 2717; x_wconf 84' lang='grc' dir='ltr'>ὡς</span> <span class='ocrx_word' id='word_1_283' title='bbox 1463 2681 1499 2715; x_wconf 91' lang='lat' dir='ltr'>F.</span> <span class='ocrx_word' id='word_1_284' title='bbox 1519 2681 1611 2715; x_wconf 88' lang='lat' dir='ltr'><strong>Edd.</strong></span> <span class='ocrx_word' id='word_1_285' title='bbox 1629 2681 1707 2726; x_wconf 83' lang='lat'><strong>(36,</strong></span> 
     </span>
     <span class='ocr_line' id='line_1_40' title="bbox 135 2727 1706 2777; baseline -0.002 -11"><span class='ocrx_word' id='word_1_286' title='bbox 135 2745 192 2777; x_wconf 88' lang='lat'>49,</span> <span class='ocrx_word' id='word_1_287' title='bbox 215 2732 298 2777; x_wconf 68' lang='lat'>153)</span> <span class='ocrx_word' id='word_1_288' title='bbox 316 2732 360 2766; x_wconf 88' lang='lat' dir='ltr'>cf.</span> <span class='ocrx_word' id='word_1_289' title='bbox 376 2732 475 2767; x_wconf 85' lang='lat' dir='ltr'><strong>infra.</strong></span> <span class='ocrx_word' id='word_1_290' title='bbox 494 2733 547 2766; x_wconf 85' lang='grc' dir='ltr'>καὶ</span> <span class='ocrx_word' id='word_1_291' title='bbox 565 2733 608 2768; x_wconf 91' lang='lat' dir='ltr'>A.</span> <span class='ocrx_word' id='word_1_292' title='bbox 626 2733 802 2767; x_wconf 84' lang='lat' dir='ltr'><strong>Neutrum</strong></span> <span class='ocrx_word' id='word_1_293' title='bbox 819 2732 922 2766; x_wconf 84' lang='lat' dir='ltr'><strong>habet</strong></span> <span class='ocrx_word' id='word_1_294' title='bbox 942 2732 983 2765; x_wconf 89' lang='lat' dir='ltr'>B.</span> <span class='ocrx_word' id='word_1_295' title='bbox 1301 2740 1334 2772; x_wconf 88' lang='lat'>9.</span> <span class='ocrx_word' id='word_1_296' title='bbox 1359 2729 1471 2763; x_wconf 78' lang='grc' dir='ltr'>αὐτοῖς</span> <span class='ocrx_word' id='word_1_297' title='bbox 1487 2727 1623 2773; x_wconf 82' lang='grc' dir='ltr'>ἐπάγειν</span> <span class='ocrx_word' id='word_1_298' title='bbox 1640 2729 1706 2763; x_wconf 90' lang='lat' dir='ltr'>hoc</span> 
     </span>
     <span class='ocr_line' id='line_1_41' title="bbox 135 2774 1706 2825; baseline -0.003 -12"><span class='ocrx_word' id='word_1_299' title='bbox 135 2779 256 2813; x_wconf 86' lang='lat' dir='ltr'>ordine</span> <span class='ocrx_word' id='word_1_300' title='bbox 273 2780 318 2814; x_wconf 86' lang='lat' dir='ltr'>A.</span> <span class='ocrx_word' id='word_1_301' title='bbox 549 2790 602 2814; x_wconf 87' lang='lat'><strong>10.</strong></span> <span class='ocrx_word' id='word_1_302' title='bbox 628 2779 786 2825; x_wconf 85' lang='grc' dir='ltr'>ἀφανίσω</span> <span class='ocrx_word' id='word_1_303' title='bbox 804 2778 896 2813; x_wconf 86' lang='lat' dir='ltr'><strong>Edd.</strong></span> <span class='ocrx_word' id='word_1_304' title='bbox 1133 2787 1186 2821; x_wconf 86' lang='lat'>13.</span> <span class='ocrx_word' id='word_1_305' title='bbox 1211 2774 1466 2820; x_wconf 82' lang='grc' dir='ltr'>προσεπετίθει]</span> <span class='ocrx_word' id='word_1_306' title='bbox 1488 2774 1544 2808; x_wconf 82' lang='lat' dir='ltr'>Sic</span> <span class='ocrx_word' id='word_1_307' title='bbox 1562 2775 1706 2809; x_wconf 83' lang='lat' dir='ltr'><strong>correxi.</strong></span> 
     </span>
     <span class='ocr_line' id='line_1_42' title="bbox 134 2821 1704 2870; baseline -0.003 -11"><span class='ocrx_word' id='word_1_308' title='bbox 134 2826 370 2870; x_wconf 86' lang='grc' dir='ltr'>προσεπιτίθει</span> <span class='ocrx_word' id='word_1_309' title='bbox 387 2825 430 2860; x_wconf 92' lang='lat' dir='ltr'>A.</span> <span class='ocrx_word' id='word_1_310' title='bbox 447 2827 641 2870; x_wconf 84' lang='grc' dir='ltr'>προσετίθει</span> <span class='ocrx_word' id='word_1_311' title='bbox 660 2826 750 2861; x_wconf 89' lang='lat' dir='ltr'><strong>Edd.</strong></span> <span class='ocrx_word' id='word_1_312' title='bbox 800 2826 853 2860; x_wconf 85' lang='grc' dir='ltr'>καὶ</span> <span class='ocrx_word' id='word_1_313' title='bbox 870 2825 964 2869; x_wconf 79' lang='lat' dir='ltr'>prius</span> <span class='ocrx_word' id='word_1_314' title='bbox 981 2829 1202 2867; x_wconf 84' lang='lat' dir='ltr'>assumptum</span> <span class='ocrx_word' id='word_1_315' title='bbox 1219 2834 1260 2855; x_wconf 87' lang='lat' dir='ltr'>ex</span> <span class='ocrx_word' id='word_1_316' title='bbox 1280 2821 1322 2856; x_wconf 89' lang='grc' dir='ltr'>Β.</span> <span class='ocrx_word' id='word_1_317' title='bbox 1492 2832 1544 2863; x_wconf 87' lang='lat'><strong>14.</strong></span> <span class='ocrx_word' id='word_1_318' title='bbox 1570 2821 1704 2867; x_wconf 76' lang='grc' dir='ltr'>ἐλαίαν]</span> 
     </span>
     <span class='ocr_line' id='line_1_43' title="bbox 134 2868 1704 2915; baseline -0.003 -9"><span class='ocrx_word' id='word_1_319' title='bbox 134 2873 249 2907; x_wconf 75' lang='grc' dir='ltr'>ἔλαιον</span> <span class='ocrx_word' id='word_1_320' title='bbox 266 2872 359 2907; x_wconf 89' lang='lat' dir='ltr'><strong>Edd.</strong></span> <span class='ocrx_word' id='word_1_321' title='bbox 774 2872 826 2907; x_wconf 88' lang='lat'>16.</span> <span class='ocrx_word' id='word_1_322' title='bbox 851 2869 1045 2915; x_wconf 82' lang='grc' dir='ltr'>εὐκαρπίας]</span> <span class='ocrx_word' id='word_1_323' title='bbox 1065 2869 1226 2914; x_wconf 85' lang='grc' dir='ltr'>ἀκαρπίας</span> <span class='ocrx_word' id='word_1_324' title='bbox 1242 2868 1301 2902; x_wconf 81' lang='lat' dir='ltr'><strong>iid.</strong></span> <span class='ocrx_word' id='word_1_325' title='bbox 1319 2868 1595 2913; x_wconf 79' lang='lat' dir='ltr'>repugnantibus</span> <span class='ocrx_word' id='word_1_326' title='bbox 1612 2868 1704 2902; x_wconf 89' lang='lat' dir='ltr'><strong>A.B.</strong></span> 
     </span>
     <span class='ocr_line' id='line_1_44' title="bbox 140 2914 1706 2962; baseline -0.003 -9"><span class='ocrx_word' id='word_1_327' title='bbox 140 2920 192 2953; x_wconf 90' lang='lat'>18.</span> <span class='ocrx_word' id='word_1_328' title='bbox 217 2919 277 2961; x_wconf 82' lang='grc' dir='ltr'>μὲν</span> <span class='ocrx_word' id='word_1_329' title='bbox 294 2918 373 2953; x_wconf 79' lang='grc' dir='ltr'>εἴδει</span> <span class='ocrx_word' id='word_1_330' title='bbox 390 2919 525 2954; x_wconf 85' lang='lat' dir='ltr'>inverso</span> <span class='ocrx_word' id='word_1_331' title='bbox 542 2919 663 2954; x_wconf 87' lang='lat' dir='ltr'>ordine</span> <span class='ocrx_word' id='word_1_332' title='bbox 680 2920 724 2955; x_wconf 88' lang='lat' dir='ltr'>A.</span> <span class='ocrx_word' id='word_1_333' title='bbox 773 2917 976 2962; x_wconf 80' lang='grc' dir='ltr'>δαπανήσειν</span> <span class='ocrx_word' id='word_1_334' title='bbox 995 2916 1036 2950; x_wconf 91' lang='grc' dir='ltr'>Β.</span> <span class='ocrx_word' id='word_1_335' title='bbox 1054 2915 1238 2959; x_wconf 81' lang='grc' dir='ltr'>δαπανήσει</span> <span class='ocrx_word' id='word_1_336' title='bbox 1256 2914 1348 2949; x_wconf 86' lang='lat' dir='ltr'><strong>Edd.</strong></span> <span class='ocrx_word' id='word_1_337' title='bbox 1586 2926 1638 2960; x_wconf 89' lang='lat'>19.</span> <span class='ocrx_word' id='word_1_338' title='bbox 1663 2915 1706 2949; x_wconf 84' lang='grc' dir='ltr'>τὰ</span> 
     </span>
     <span class='ocr_line' id='line_1_45' title="bbox 135 2962 1705 3010; baseline -0.003 -10"><span class='ocrx_word' id='word_1_339' title='bbox 135 2966 244 3000; x_wconf 80' lang='grc' dir='ltr'>αὐτῶν</span> <span class='ocrx_word' id='word_1_340' title='bbox 260 2978 322 3010; x_wconf 87' lang='lat' dir='ltr'>pro</span> <span class='ocrx_word' id='word_1_341' title='bbox 338 2967 446 3000; x_wconf 77' lang='grc' dir='ltr'>αὐτῶν</span> <span class='ocrx_word' id='word_1_342' title='bbox 461 2967 502 3000; x_wconf 88' lang='grc' dir='ltr'>τὰ</span> <span class='ocrx_word' id='word_1_343' title='bbox 520 2966 562 3000; x_wconf 88' lang='grc' dir='ltr'>Β.</span> <span class='ocrx_word' id='word_1_344' title='bbox 890 2975 944 2998; x_wconf 88' lang='lat'>20.</span> <span class='ocrx_word' id='word_1_345' title='bbox 971 2963 1148 3006; x_wconf 81' lang='grc' dir='ltr'>κεκτῆσθαι</span> <span class='ocrx_word' id='word_1_346' title='bbox 1168 2962 1210 2996; x_wconf 91' lang='grc' dir='ltr'>Β.</span> <span class='ocrx_word' id='word_1_347' title='bbox 1519 2972 1573 2996; x_wconf 81' lang='lat'>21.</span> <span class='ocrx_word' id='word_1_348' title='bbox 1598 2976 1634 2996; x_wconf 88' lang='grc' dir='ltr'>τε</span> <span class='ocrx_word' id='word_1_349' title='bbox 1652 2962 1705 2997; x_wconf 80' lang='grc' dir='ltr'>καὶ</span> 
     </span>
     <span class='ocr_line' id='line_1_46' title="bbox 135 3008 1432 3057; baseline -0.003 -11"><span class='ocrx_word' id='word_1_350' title='bbox 135 3012 435 3057; x_wconf 82' lang='grc' dir='ltr'>ἀφανισθήσεσθαι</span> <span class='ocrx_word' id='word_1_351' title='bbox 452 3013 578 3048; x_wconf 87' lang='lat' dir='ltr'>desunt</span> <span class='ocrx_word' id='word_1_352' title='bbox 595 3015 630 3048; x_wconf 85' lang='lat' dir='ltr'>in</span> <span class='ocrx_word' id='word_1_353' title='bbox 648 3014 691 3047; x_wconf 91' lang='lat' dir='ltr'>A.</span> <span class='ocrx_word' id='word_1_354' title='bbox 974 3021 1028 3044; x_wconf 80' lang='lat'>22.</span> <span class='ocrx_word' id='word_1_355' title='bbox 1052 3009 1150 3053; x_wconf 78' lang='grc' dir='ltr'>τὴσιν</span> <span class='ocrx_word' id='word_1_356' title='bbox 1167 3021 1228 3054; x_wconf 89' lang='lat' dir='ltr'>pro</span> <span class='ocrx_word' id='word_1_357' title='bbox 1247 3009 1372 3053; x_wconf 86' lang='grc' dir='ltr'>σφισιν</span> <span class='ocrx_word' id='word_1_358' title='bbox 1390 3008 1432 3042; x_wconf 88' lang='grc' dir='ltr'>Α.</span> 
     </span>
    </p>
   </div>
   <div class='ocr_carea' id='block_1_20' title="bbox 194 3081 959 3119">
    <p class='ocr_par' dir='ltr' id='par_1_21' title="bbox 194 3081 959 3119">
     <span class='ocr_line' id='line_1_47' title="bbox 194 3081 959 3119; baseline -0.005 -8"><span class='ocrx_word' id='word_1_359' title='bbox 194 3083 285 3111; x_wconf 80' lang='lat' dir='ltr'><strong>VOL.</strong></span> <span class='ocrx_word' id='word_1_360' title='bbox 308 3085 335 3111; x_wconf 88' lang='lat'><strong>1.</strong></span> <span class='ocrx_word' id='word_1_361' title='bbox 888 3082 915 3119; x_wconf 78' lang='lat'>4</span> <span class='ocrx_word' id='word_1_362' title='bbox 936 3081 959 3107; x_wconf 79' lang='lat' dir='ltr'>Y</span> 
     </span>
    </p>
   </div>
  </div>
 </body>
</html>
