2021 3434
94 537 106 557 1
127 527 200 557 Cor.

88 1046 143 1077 Es.
155 1045 201 1076 h'i.
216 1054 243 1084 5.

94 2205 125 2235 S.
141 2205 240 2237 Joan.

95 2249 127 2278 ii.
148 2259 194 2288 ¹5-

95 2291 254 2325 SMatth.

95 2335 161 2368 xxi.
184 2347 230 2379 13.

266 790 293 831 d

270 1498 292 1533 8

275 1590 296 1616 θ

311 187 396 226 406
689 186 738 226 B.
783 184 1061 226 CYRILLI
1102 183 1483 224 ALEXANDR.
1777 183 1821 223 ii.
1845 183 1881 222 8.

312 300 339 322 ‘⁴
365 293 570 358 πορνεία,
608 298 682 344 καὶ
720 293 908 358 τοιαύτη
946 294 1138 359 πορνεία
1179 294 1277 357 ἥτις
1316 291 1418 342 οὐδὲ
1463 293 1511 342 ἐν
1553 296 1648 344 τοῖς
1692 290 1886 352 ἔθνεσιν,

312 383 338 404 “
366 373 490 425 ὥστε
541 375 737 440 γυναῖκά
779 398 882 426 τινα
929 380 1011 426 τοῦ
1053 374 1230 441 πατρὸς
1274 374 1431 441 ἔχειν.”
1506 373 1615 423 ἀλλ’
1658 372 1711 422 οὐ
1755 370 1888 438 μέχρι

310 456 487 507 τούτων
525 457 636 521 ἵστη
674 456 759 521 τὴν
801 456 1139 522 ἀγανάκτησιν·
1182 455 1431 522 παρεδίδου
1469 453 1517 506 δὲ
1560 451 1641 505 τὸν
1678 452 1884 518 ἐργασά-

311 536 449 599 μένον
492 543 603 608 4(τῴ
645 543 843 601 σατανᾶ,
883 543 944 593 εἷς
988 538 1184 604 ὄλεθρον
1225 541 1308 601 τῆς
1358 536 1579 603 σαρκός.”
1646 536 1890 595 βεβηλοῧσι

312 619 368 683 δὴ
393 620 474 671 οὖν
508 625 553 672 τὸ
590 622 726 689 ὄνομα
760 623 830 672 τοῦ
855 622 965 672 Θεοῦ
995 624 1132 671 αὐτῶν
1171 623 1211 670 οἱ
1242 624 1337 672 τοῖς
1368 621 1568 670 τοιοῖσδε
1594 618 1891 679 πταίσμασιν
1910 640 1930 679 5

312 701 476 768 ἔνοχοι.
537 704 612 753 καὶ
639 704 697 753 οὕ
717 726 760 753 τι
785 726 876 754 που
905 701 1074 770 φαμὲν,
1101 701 1170 752 ὅτι
1195 700 1470 765 βεβήλωσιν
1498 702 1570 751 καὶ
1598 698 1891 764 ἀκαθαρσίαν

310 787 367 852 τῇ
407 785 508 853 θείᾳ
539 785 855 851 προσέτριβον
895 784 1051 853 φύσει.
1119 787 1219 837 πῶς
1257 782 1349 849 γὰρ
1388 780 1458 845 ἂν,
1490 780 1518 846 ἦ
1553 780 1726 841 πόθεν;
1767 782 1887 830 δυσ-

311 870 570 934 φημεῖσθαι
605 866 654 918 δὲ
688 871 876 930 μᾶλλον
907 864 1318 932 παρασκευάζουσι
1352 863 1434 915 τὸν
1465 867 1558 914 τῶν
1593 863 1719 914 ὅλων
1751 861 1888 925 Θεὸν,

310 953 372 1005 ὡς
406 950 628 1015 βελήλων
663 952 869 1019 ἄρχοντα
903 954 1045 1002 λαῶν.
1110 951 1184 1000 καὶ
1219 954 1333 1015 γοῦν
1368 949 1458 1017 ε”φη
1489 971 1580 998 που
1616 945 1734 1012 πρὸς
1765 944 1886 996 ’Iov-

309 1034 462 1087 δαίους
499 1041 524 1062 “
546 1032 621 1084 Δι’
659 1035 774 1096 ὑμᾶς
813 1031 867 1084 τὸ
902 1031 1049 1096 ὄνομά
1086 1054 1176 1095 μου
1212 1030 1286 1082 διὰ
1321 1028 1496 1084 παντὸς
1533 1032 1893 1095 βλασφημεῖται

309 1123 334 1144 “
773 1114 798 1130 92

363 1117 410 1166 ἐν
445 1120 538 1169 τοῖς
572 1115 767 1167 ἔθνεσιν.
865 1113 1028 1180 ὥσπερ
1063 1113 1156 1180 γὰρ
1192 1113 1391 1180 ἁγιάζειν
1417 1111 1634 1178 λέγονται
1661 1109 1742 1161 τὸν
1769 1108 1894 1161 Θεὸν

309 1201 350 1248 οἱ
385 1196 547 1263 ζῶντες
573 1199 737 1263 ὀρθῶς,
765 1198 908 1251 οὕτως
936 1195 992 1247 ἂν
1019 1201 1196 1247 νοοῖντο
1224 1198 1297 1246 καὶ
1329 1200 1568 1260 βεβηλοῦν
1594 1197 1636 1244 οἱ
1667 1191 1753 1257 τὴν
1779 1192 1892 1243 ἀκά-

310 1284 482 1345 θαρτον
509 1282 583 1331 καὶ
608 1281 755 1331 ἀκλεᾶ
780 1278 1120 1344 ἐπιτηδεύοντες
1145 1278 1398 1330 πολιτείαν.

316 1493 390 1536 Καὶ
437 1495 487 1536 τὰ
549 1493 691 1543 ἱμάτια
752 1495 893 1536 αὐτῶν
950 1493 1226 1542 δεσμεύοντες
1274 1492 1472 1549 σχοινίοις
1522 1493 1891 1549 Παρατῐετάσματα

380 1578 552 1619 ἐποίουν
589 1579 770 1634 ἐχόμενα
801 1582 875 1619 τοῦ
915 1576 1225 1634 ΘυσιαστΗρίου,
1259 1576 1327 1617 καὶ
1365 1572 1478 1617 οἶνον
1515 1577 1562 1617 ἐκ
1593 1575 1891 1631 συκοφαντιῶν

380 1663 524 1703 ἔπινον
562 1663 606 1702 ἐν
644 1663 705 1715 τῷ
742 1658 850 1716 οἴκῳ
878 1664 952 1702 τοῦ
991 1661 1100 1702 Θεοῦ
1139 1660 1295 1701 αὐτῶν.

386 1780 449 1830 Ὁ
479 1780 651 1846 Κύριος
679 1780 808 1844 ἡμῶν
833 1781 1020 1844 Ἰησοῦς
1046 1781 1070 1831 ὁ
1098 1780 1310 1846 Χριστὸς
1346 1780 1431 1846 οὐχ
1458 1778 1612 1845 ἑτέρου
1645 1801 1727 1829 του
1758 1777 1895 1846 χάριν

314 1860 420 1915 τοὺς
459 1863 605 1916 θείους
649 1865 816 1930 χρῆναι
862 1861 998 1916 ναοὺς
1041 1864 1353 1914 ἐπιτελεῖσθαι
1405 1861 1654 1924 διδάσκων,
1696 1860 1724 1925 ἦ
1770 1858 1895 1912 ὥστε

315 1944 588 2013 δοξολογεῖν
631 1946 679 1995 ἐν
719 1945 871 1999 αὐτοῖς
909 1944 991 1995 τὸν
1035 1949 1129 1995 τῶν
1174 1943 1299 1995 ὅλων
1339 1942 1480 2006 Θεὸν,
1523 1946 1598 1994 καὶ
1642 1941 1726 2008 τὴν
1772 1944 1896 2012 αὐτῷ

314 2027 590 2092 πρέπουσαν
622 2031 855 2078 ποιεῖσθαι
891 2027 1233 2093 προσκύνησιν,
1272 2026 1464 2088 ἐπετίμα
1496 2024 1611 2077 ποτὲ
1646 2030 1741 2080 τοῖς·
1774 2026 1892 2076 Ἰου-

316 2109 457 2160 δαίων
498 2108 732 2176 ἐμπόροις·
773 2107 1080 2176 παρεκόμιζον
1122 2107 1212 2175 γὰρ
1258 2110 1305 2158 ἐν
1343 2113 1409 2178 τῷ
1449 2112 1551 2177 ἱερῷ
1591 2106 1811 2174 πρόβατά
1847 2129 1897 2158 τε

1277 2196 1345 2223 “66

317 2196 391 2244 καὶ
421 2198 537 2254 ,Βοῦς
571 2196 647 2245 καὶ
680 2191 975 2261 περιστεράς·
1016 2196 1091 2244 καὶ
1127 2192 1182 2258 δὴ
1217 2217 1291 2244 και
1361 2191 1564 2257 ποιήσας
1602 2192 1899 2262 φραγέλλιον

317 2289 344 2310 “
371 2281 420 2331 ἐκ
458 2281 699 2348 σχοινίων,
742 2280 923 2334 πάντας
964 2279 1188 2348 ἐξέβαλεν
1231 2281 1279 2330 ἐκ
1317 2284 1400 2330 τοῦ
1447 2282 1567 2346 ἱεροῦ
1612 2277 1767 2344 λέγων
1805 2277 1892 2328 Γέ-

364 2482 394 2504 1.
423 2469 519 2504 Haec
545 2470 614 2514 ἥτις
640 2470 716 2504 οὐδὲ
742 2470 777 2504 ἐν
801 2471 871 2506 τοῖς
896 2469 1028 2504 ἔθνεσιν
1050 2475 1270 2503 accesserunt
1287 2480 1329 2502 ex
1346 2468 1437 2502 A.B.
1457 2467 1592 2502 addidit
1608 2467 1743 2512 primus
1761 2467 1895 2512 Migne.

315 2529 347 2562 3.
373 2516 451 2560 ἵστη
472 2517 513 2551 Β.
532 2515 650 2561 ἵστησι
669 2516 760 2552 Edd.
810 2517 1041 2562 ἐργασάμενον
1057 2517 1100 2550 Α.
1119 2515 1342 2561 εἰργασμένον
1359 2515 1451 2550 Edd.
1560 2528 1593 2557 4.
1612 2514 1657 2549 εἷς
1673 2514 1718 2548 Α.
1735 2515 1820 2559 πρὸς
1836 2513 1896 2548 iid.

315 2574 347 2607 5.
373 2563 602 2609 πταίσμασιν]
622 2563 802 2598 Edebatur
820 2564 964 2598 πάθεσιν
980 2563 1100 2597 invitis
1118 2563 1259 2596 nostris.
1543 2561 1576 2595 6.
1602 2576 1654 2596 τοι
1671 2573 1734 2606 pro
1755 2576 1787 2596 τι
1804 2560 1896 2595 Edd.

314 2622 347 2656 9.
374 2613 460 2655 πρὸς
475 2609 656 2646 Ἰουδαίους
673 2612 716 2646 A.
736 2613 805 2647 τοῖς
820 2611 994 2646 Ἰουδαίοις
1013 2610 1054 2644 B.
1071 2611 1156 2654 πρὸς
1170 2608 1301 2644 Ἰούδαν
1319 2608 1412 2643 Edd.
1624 2619 1678 2642 10.
1704 2608 1758 2642 διὰ
1773 2609 1899 2643 παντὸς

315 2658 459 2692 accessit
477 2670 518 2692 ex
536 2658 627 2691 A.B.
871 2668 925 2692 12.
950 2656 991 2691 ἂν
1007 2656 1153 2702 νοοῖντο]
1173 2655 1290 2691 νοοῖντ’
1309 2654 1349 2690 ἂν
1367 2656 1411 2690 Β.
1462 2655 1588 2689 Statim
1606 2655 1659 2688 καὶ
1675 2660 1898 2699 assumptum

316 2716 355 2737 ex
374 2705 464 2738 Α.Β.
515 2705 619 2738 ἀκλεᾶ
637 2705 689 2738 καὶ
707 2705 894 2750 ἀκάθαρτον
911 2704 1050 2738 inverso
1067 2703 1187 2737 ordine
1205 2704 1248 2737 A.
1615 2713 1667 2744 14.
1694 2702 1835 2748 σχοινίῳ
1851 2701 1895 2734 A.

321 2751 373 2785 16.
400 2750 495 2797 οἴκῳ]
520 2756 552 2791 -1-
578 2752 703 2795 Κυρίου
723 2752 765 2786 Β.
933 2761 986 2796 17.
1016 2750 1115 2787 Quae
1133 2756 1329 2796 sequuntur
1346 2749 1472 2795 partim
1491 2749 1642 2783 citantur
1658 2749 1694 2782 in
1713 2748 1846 2783 Catena
1861 2747 1898 2781 in

318 2797 363 2830 D.
384 2797 482 2832 Pauli
508 2798 683 2843 Epistolas
708 2799 745 2833 in
774 2798 991 2833 Bibliotheca
1006 2798 1276 2842 παντοκράτορος
1294 2797 1429 2831 Montis
1449 2795 1569 2830 Sancti
1589 2795 1797 2829 Monasterii
1813 2805 1896 2828 con-

318 2851 463 2885 servata,
482 2856 550 2879 sec.
568 2845 657 2879 forte
673 2857 696 2879 x
713 2845 878 2879 ineuntis.
928 2846 946 2878 ὁ
965 2845 1022 2878 alt.
1041 2851 1264 2889 assumptum
1282 2855 1322 2878 ex
1343 2843 1420 2877 Cat.
1592 2853 1647 2876 21.
1672 2841 1897 2885 παρεκόμιζον

317 2889 397 2934 γὰρ]
425 2892 709 2934 παρακομίζουσιν
735 2892 826 2927 Edd.
886 2892 1043 2936 πρόβατά
1059 2906 1095 2925 τε
1116 2890 1168 2936 [τε
1186 2902 1255 2926 om.
1274 2889 1337 2936 A.]
1357 2890 1410 2924 καὶ
1430 2891 1514 2929 βοῦς
1540 2888 1641 2935 [βόας
1657 2887 1720 2934 Α.]
1741 2889 1793 2922 καὶ
1810 2902 1895 2922 π.-

317 2935 352 2968 ἐκ
369 2939 428 2969 τοῦ
446 2938 536 2980 ἱεροῦ
552 2937 681 2983 λέγων]
704 2939 800 2973 Haec
821 2944 1042 2973 accesserunt
1064 2950 1105 2972 ex
1123 2937 1214 2972 Α.Β.
1233 2944 1266 2973 et
1283 2937 1468 2982 (omittens
1494 2936 1546 2971 καὶ
1571 2936 1776 2981 περιστεράς
1801 2941 1834 2969 et
1858 2933 1894 2968 ἐκ

319 2983 496 3027 σχοινίων)
513 2983 589 3019 Cat.
608 2997 759 3029 quorum
776 2987 852 3020 loco
873 2987 939 3028 ζῶα
957 2985 1134 3020 edebatur.

1920 1053 1965 1080 10

1920 1589 1964 1629 Ῑ5

1922 2048 1967 2075 20
