2021 3434
145 194 170 236 i.
199 206 262 248 15,
289 197 351 237 16.
584 198 656 238 IN
698 198 975 239 JOELEM.
1036 198 1188 239 TOM.
1231 198 1267 238 I.
1636 196 1720 237 309

143 303 296 372 ὦνπερ
334 304 390 371 ἧν
424 306 541 361 εἰκὸς
576 307 663 359 κᾶν
694 315 810 375 γοῦν
843 308 936 360 ἀπὸ
974 308 1139 375 μέρους
1171 310 1244 359 καὶ
1274 307 1464 374 μετριάν
1499 306 1618 374 ἔχειν
1643 305 1722 356 δυ’-

144 392 321 441 νασθαί
371 391 456 456 τὴν
505 393 797 462 παραψυχὴν
849 393 954 448 τοὺς
1011 397 1068 462 τῇ
1120 393 1374 461 συχνότητι
1422 395 1517 443 τῶν
1567 394 1722 441 κακῶν

142 474 310 526 λοιπὸν
354 476 600 545 ἀφορήτως
646 479 1012 544 ἐντετηγμένους.
1074 477 1227 542 ἐπειδὴ
1273 477 1320 527 δὲ
1371 474 1723 539 πεπαινομένων

142 557 230 620 ἤδη
269 562 362 608 τῶν
406 564 614 625 καρπῶν,
656 562 731 610 καὶ
771 559 852 611 τὸν
897 562 1089 623 ἀμῶντα
1139 557 1309 610 λοιπὸν
1352 558 1598 624 μονονουχὶ
1642 575 1763 607 κα-ἱὶ
1799 566 1870 599 211
1891 564 1942 598 A·

101 646 123 684 5
144 638 355 690 λούντων
388 641 459 709 ἐφ’
492 641 670 696 ἑαυτοῖς
705 647 798 692 τῶν
835 641 994 706 λη’ίων,
1027 640 1226 708 βότρυός
1265 663 1315 691 τε
1354 638 1724 706 καταπερκάζον-

143 743 222 774 τος
263 744 338 772 και
377 721 431 773 τὸ
473 724 775 784 ἐκθλίβεσθαι
815 723 1111 791 γλιχομένου,
1152 722 1322 788 γε’γονε
1353 745 1445 773 που
1481 721 1603 788 τάχα
1641 723 1723 784 τῆς

145 803 384 869 ἀκρίδος
359 827 386 867 η
415 805 610 868 ἐμβολὴ,
636 805 861 874 βρωνοιτοί
898 810 1048 873 φησιν
1086 803 1353 873 ἐξωλοθρεόθη
1393 803 1449 871 ἐξ
1480 802 1723 871 ὀφθαλμων

144 885 309 946 αὐτῶν,
347 883 444 935 οἷον
485 886 800 952 ἡρπασμένων
832 891 925 937 τῶν
961 888 1010 937 ἐν
1054 885 1164 954 ὄψει
1204 907 1534 950 γεγενημενων,
1572 906 1724 949 παρα-

144 988 364 1029 κειμενων
413 966 461 1017 δὲ
511 990 673 1033 ωσπερ
718 968 884 1030 αὐτοῖς,
927 990 1000 1018 και
1046 966 1349 1031 ἑτοιμοτάτην
1393 965 1596 1033 ἐχόντων
1639 964 1726 1029 τὴν

77 1067 126 1093 10
143 1047 424 1099 ἀπόλαυσιν·
488 1049 650 1119 ἐξῆρθοιι
704 1048 752 1100 δὲ
802 1051 1148 1110 διαβεβαιοῦται
1192 1048 1339 1100 πάλιν
1385 1053 1462 1099 καὶ
1517 1048 1562 1117 ἐξ
1612 1049 1726 1099 οἴκου

147 1130 323 1196 Κυρίου
361 1130 446 1194 τήν
483 1153 532 1180 τε
572 1130 813 1200 εὐφροσύνην
852 1133 926 1181 καὶ
964 1130 1048 1194 τὴν
1087 1131 1246 1200 χαράν.
1310 1130 1444 1181 ε”θυον
1482 1129 1588 1195 γὰρ,
1627 1134 1728 1182 ταῖς

145 1210 202 1280 ἐξ
232 1213 390 1278 ἀγρῶν
428 1212 690 1277 εὐκαρπιάις
725 1213 1117 1278 ἐπαγαλλόμενοι,
1142 1214 1217 1263 καὶ
1240 1211 1346 1265 τοὺς
1372 1215 1453 1276 τῆς
1478 1210 1727 1281 εὐφροσύνης
1744 1223 1771 1263 b

145 1292 416 1357 ἐπετήδευον
460 1294 659 1360 τρόπους
710 1295 998 1348 ἀνατιθέντες
1049 1294 1108 1345 τὰ
1157 1293 1442 1361 χαριστήρια
1486 1291 1632 1344 διάτοι
1673 1291 1727 1343 τὸ

143 1379 436 1441 περιχεῖσθαι
469 1376 713 1429 πλουσίως
746 1382 841 1431 τοῖς
871 1378 920 1427 ἐκ
952 1380 1038 1442 γῆς
1071 1378 1278 1443 ἀγαθοῖς.

77 1476 126 1516 15
220 1457 498 1522 Εὑρήσομεν
525 1457 573 1509 δὲ
598 1458 808 1509 τοιοῦτόν
832 1482 875 1509 τι
900 1458 1193 1513 πεπονθότας
1218 1460 1294 1509 καὶ
1327 1456 1491 1512 αὐτοὺς
1515 1457 1728 1520 μάλιστα

146 1537 202 1602 δὴ
242 1537 350 1593 τοὺς
388 1543 449 1593 εἰς
480 1540 695 1606 Χριστὸν
732 1539 1143 1610 πεπαρῳνηκότας.
1210 1541 1375 1607 γε’γονε
1401 1540 1486 1603 μὲν
1515 1539 1608 1606 γὰρ
1639 1540 1725 1590 αὑ-

144 1624 240 1674 τοῖς
273 1622 322 1671 ἐν
356 1621 622 1690 ὀφθαλμοῖς
657 1622 745 1687 ἤδη
776 1646 875 1676 πως
907 1625 931 1673 ὁ
971 1623 1111 1688 ἄρτος
1144 1626 1226 1687 τῆς
1261 1623 1377 1689 ζωῆς
1417 1629 1443 1651 cc
1463 1623 1525 1672 Ὁ
1561 1623 1610 1672 ἐκ
1646 1626 1728 1672 τοῦ
1788 1621 1926 1705 ἰζοόηῃ

146 1709 174 1731 “
196 1702 393 1769 οὐρανοῦ
424 1703 635 1765 καταβὰς
672 1708 746 1756 καὶ
780 1703 900 1771 ζωὴν
939 1705 1089 1758 διδοὺς
1124 1709 1189 1775 τῷ
1225 1704 1429 1774 κόσμῳ,”
1465 1705 1533 1755 “ὁ
1565 1703 1728 1757 κόκκος
1788 1708 1914 1791 {2³51-

146 1791 173 1813 ‘⁶
197 1789 280 1835 τοῦ
317 1785 453 1837 σίτου
489 1787 514 1836 ὃ
551 1785 713 1838 πεσὼν
744 1791 805 1840 εἷς
843 1786 927 1851 τὴν
961 1788 1090 1852 γῆν,”
1119 1789 1194 1838 καὶ
1232 1786 1506 1839 πολλοστὸς
1534 1784 1727 1853 ἀναφυς,

77 1890 127 1916 20
145 1863 267 1920 οἶνος
308 1867 333 1917 ὃ
378 1867 555 1932 νοητὸς,
597 1869 621 1919 ὁ
665 1868 859 1936 καρδίαν
904 1869 1153 1935 ἀνθρώπου
1195 1869 1546 1938 κατευφραίνειν
1584 1868 1725 1921 εἰδώς.
1789 1873 1926 1904 Ps.cffi.

145 1946 300 2013 ἐπειδὴ
339 1947 387 1999 δὲ
429 1950 482 2000 οὐ
526 1952 858 2002 διαλελοίπασι
898 1956 997 2005 ταῖς
1044 1953 1293 2004 ἀπειθειάις
1334 1950 1605 2017 ὑβρίζοντες,
1643 1950 1722 2016 γε’·
1746 1974 1766 2000 e

144 2052 282 2095 γονεν
320 2031 474 2084 αὐτοῖς
511 2031 568 2100 ἐξ
603 2031 846 2101 ὀφθαλμοῖν
885 2035 960 2084 καὶ
1000 2032 1096 2084 οἷον
1134 2035 1181 2084 ἐκ
1220 2034 1369 2097 με’σου
1406 2032 1465 2083 τὰ
1503 2033 1729 2102 βρώματα.

144 2110 204 2162 τὰ
253 2112 553 2176 πνευματικοί·
611 2116 958 2184 ἀποπεφοίτηκε
1009 2115 1102 2182 γὰρ
1153 2117 1232 2166 ἀπ’
1280 2116 1432 2166 αὐτῶν
1482 2115 1509 2178 ἡ
1554 2112 1729 2168 παντὸς

145 2194 327 2259 ἀγαθοῦ
369 2194 568 2264 μέθεξις,
610 2196 775 2270 ἐξῇρτοιι
820 2197 868 2248 δὲ
921 2202 997 2249 καὶ
1051 2199 1096 2267 ἐξ
1141 2200 1254 2249 οἴκου
1297 2203 1379 2248 τοῦ
1423 2197 1531 2263 παρ’
1575 2197 1729 2250 αὐτοῖς

79 2294 126 2333 25
147 2275 371 2347 εὐφροσύνη
415 2285 492 2329 καὶ
532 2279 677 2349 χοιροί·
743 2279 949 2331 δέδονται
988 2279 1079 2346 γὰρ
1118 2283 1179 2334 εἷς
1219 2279 1471 2345 ἐρήμωσιν,
1516 2280 1590 2330 καὶ
1632 2281 1729 2330 δια-

145 2364 366 2410 τελοῦσιν
405 2363 447 2410 οὶ
483 2359 682 2414 τάλανες
711 2368 737 2391 ‘⁶
757 2362 862 2412 Οὐκ
900 2361 1032 2415 ὄντος
1070 2362 1308 2423 βασιλέως
1347 2360 1449 2412 οὐδὲ
1488 2361 1727 2429 ἄρχοντος,
1789 2366 1936 2398 ΗΟΞᾸῙῘ·

197 2569 227 2592 1.
254 2558 306 2592 καὶ
324 2565 545 2604 assumptum
564 2571 605 2593 ex
624 2559 667 2594 B.
716 2559 807 2604 ἔχειν
824 2559 855 2593 3.
874 2559 933 2600 τὴν
949 2559 1083 2603 παραψ.
1088 2557 1102 2604 ]
1120 2557 1284 2593 δύνασθαι
1300 2558 1511 2603 παραψυχὴν
1528 2558 1617 2604 ἔχειν
1635 2557 1727 2593 Edd.

147 2615 180 2639 2.
205 2606 327 2639 λοιπὸν
343 2609 409 2639 τῶν
425 2610 532 2640 κακῶν
550 2606 610 2640 iid.
903 2618 936 2648 4.
963 2607 1023 2649 ἤδη
1042 2612 1120 2650 post
1138 2608 1273 2650 καρπῶν
1289 2611 1421 2650 transp.
1439 2605 1498 2639 iid.
1547 2606 1728 2650 μονονουχὶ

146 2660 368 2696 assumptum
385 2663 426 2685 ex
443 2652 485 2686 B.
813 2652 909 2686 6.τό
927 2652 1147 2692 ἐκθλίβεσθαι
1163 2651 1384 2697 γλιχομενου]
1403 2654 1500 2697 γλιχ.
1518 2651 1648 2693 ἐκθλίβ.
1666 2652 1727 2686 iid.

145 2699 242 2742 9.δέ
260 2705 481 2743 assumptum
500 2711 541 2733 ex
560 2699 602 2733 B.
651 2699 711 2743 τὴν
727 2699 828 2733 ἀπόλ.
848 2699 899 2743 ἐχ.
918 2700 965 2732 ἑτ.
984 2699 1121 2732 inverso
1139 2698 1260 2732 ordine
1276 2698 1334 2732 iid.
1551 2709 1603 2732 10.
1631 2699 1727 2743 ἐξηρ-

146 2745 240 2789 θῆναι
258 2756 322 2790 pro
339 2745 475 2791 ἐξῆρθαι
492 2746 552 2780 iid.
601 2746 733 2786 διαβεβ.
752 2748 855 2779 πάλιν
872 2746 937 2778 hoc
956 2745 1076 2779 ordine
1096 2745 1136 2778 B.
1375 2756 1387 2778 1
1398 2756 1428 2779 1.
1453 2759 1490 2779 τε
1507 2752 1728 2790 assumptum

146 2803 189 2825 ex
210 2791 252 2825 B.
445 2803 499 2837 13.
524 2792 722 2836 ἐπετήδευον
738 2794 882 2836 τρόπους
900 2791 965 2825 hoc
983 2791 1102 2825 ordine
1124 2791 1163 2825 B.
1178 2791 1212 2825 b.
1405 2803 1458 2835 14.
1489 2792 1616 2837 ἀγαθῆς
1631 2792 1727 2826 Aub.

151 2847 205 2882 15.
230 2838 382 2882 μάλιστα
399 2839 440 2882 δὴ
458 2839 524 2873 hoc
541 2839 616 2873 ord.
637 2839 679 2872 B.
940 2847 1009 2896 17.
1036 2839 1071 2871 ἐκ
1096 2837 1172 2883 τοῦ]
1194 2838 1231 2881 ἐξ
1249 2837 1642 2884 Edd.1.9
1668 2839 1729 2882 τὴν

149 2891 371 2929 assumptum
388 2897 428 2919 ex
449 2885 490 2919 Β.
665 2896 720 2919 20.
751 2887 768 2918 ὁ
787 2885 902 2928 νοητὸς
919 2899 1006 2920 οινος
1022 2885 1094 2918 inv.
1113 2885 1188 2919 ord.
1206 2885 1266 2920 ild.
1314 2884 1451 2930 καρδίας
1467 2884 1650 2942 ἀνθρώπων
1666 2885 1727 2919 lid.

151 2932 273 3011 22.Βτὰ
288 2933 345 2976 βρ.
364 2933 405 2965 τὰ
421 2931 640 2976 πνευματικά]
659 2933 821 2976 βρώματα
841 2932 1042 2976 πνευματικά
1060 2931 1117 2965 iid.
1351 2942 1404 2976 23.
1432 2930 1487 2965 ἀπ’
1506 2939 1726 2977 assumptum

150 2989 191 3011 CX
245 3004 252 3011 .
