2021 3434
71 201 153 242 xiv.
177 215 216 257 3,
237 216 276 254 4.
509 202 581 242 IN
623 200 856 242 OSEAM.
916 200 1065 241 TOM.
1098 198 1201 238 VII.
1560 194 1641 233 279

508 403 562 444 ‘O
600 404 644 445 ἐν
681 404 760 454 σοὶ,
798 404 964 445 ἐλεήσει
999 401 1206 459 ὀρφανόν.

146 513 276 577 Αὕτη
311 517 393 563 τοῦ
428 511 688 581 Προφήτου
723 511 856 581 φωνὴ
881 510 1223 578 προτρέποντος
1249 512 1309 562 εἰς
1334 505 1645 572 μετάγνωσιν,

71 595 147 645 καὶ
178 599 261 645 τοῦ
288 592 540 645 Δεσπότου
569 593 654 658 τὴν
690 593 991 662 γαληνότητα
1025 591 1335 644 καθιστάντος
1360 590 1544 655 ἐναργῆ,
1572 588 1647 638 καὶ

72 676 154 727 τὸν
181 675 317 727 ὄκνον
349 676 719 740 ὑποτεμνομένου
753 681 835 726 τοῦ
868 675 1231 740 μεταγινώσκειν
1262 672 1519 724 ἐθέλοντος.
1582 667 1647 732 μὴ

33 777 55 815 5
74 757 165 825 γὰρ
199 756 457 825 ἐνδοιάσῃς,
494 760 658 827 φησὶν,
684 755 720 808 ὦ
746 758 959 823 Ἰσραὴλ,
987 756 1056 808 ὅτι
1081 756 1221 824 τεύξῃ
1246 759 1340 806 τῶν
1367 753 1464 803 κατ’
1493 750 1645 819 εὐχὴν,

75 845 112 891 εἰ
145 840 515 907 προσκομίσειας
547 839 633 903 τὴν
666 838 976 905 μετάγνωσιν.
1041 845 1059 890 o‘
1084 837 1175 904 γὰρ
1201 839 1238 889 ἐν
1271 840 1335 886 σοὶ
1365 835 1485 887 Θεὸς
1511 834 1649 884 ἐλεεῖν
1667 833 1693 873 b

75 920 169 973 οἶδε
216 922 291 972 καὶ
338 921 657 987 κατοικτείρειν
708 920 926 991 ὀρφανούς.
1017 922 1137 971 οὕτω
1186 941 1277 970 που
1328 918 1450 986 φησὶ
1500 916 1575 965 καὶ
1626 915 1651 964 ὁ

76 1002 328 1056 θεσπέσιος
366 1003 540 1054 Δαυείδ
583 1002 877 1072 ((Ὀρφανὸν
915 1004 990 1053 καὶ
1032 1001 1184 1069 χήραν
1221 997 1557 1067 ἀναλήψεται,”
1598 996 1655 1065 ἐξ
1712 993 1869 1078 {sema

77 1085 176 1139 ἑνὸς
202 1083 326 1149 οἶμαι
351 1083 642 1152 πράγματος,
668 1084 814 1151 ἤγουν
848 1087 897 1136 ἐκ
929 1083 1200 1152 προσώπων
1228 1087 1321 1134 τῶν
1346 1080 1416 1132 ὅτι
1440 1079 1655 1144 μάλιστα

15 1193 61 1218 10
79 1171 401 1218 κατελεεῖσθαι
425 1167 716 1236 πεφυκότων,
736 1169 819 1231 τῆς
846 1167 970 1220 θείας
995 1190 1046 1217 τε
1073 1168 1148 1217 καὶ
1175 1163 1440 1232 ἀπορῥήτου
1467 1161 1658 1231 φύσεως

81 1248 376 1303 καταδεικνῦς
419 1249 473 1300 τὸ
518 1248 871 1318 φιλάνθρωπον.
941 1253 978 1300 εἷ
1018 1248 1067 1300 δὲ
1111 1247 1167 1312 δὴ
1209 1245 1432 1309 βούλοιτό
1470 1268 1539 1299 τις
1577 1246 1660 1308 τῆς

82 1332 289 1400 ὀρφανίας
337 1330 392 1382 τὸ
445 1334 603 1399 χρῆμα
654 1334 729 1382 καὶ
779 1332 904 1400 αὐτῷ
955 1329 1273 1399 καταγράφειν
1323 1331 1389 1398 τῷ
1438 1325 1656 1393 Ἰσραήλ·

82 1414 328 1465 ἇπώλισθε
362 1412 455 1480 γὰρ
488 1416 738 1481 μονονουχὶ
764 1412 954 1480 Πατρὸς
987 1419 1069 1464 τοῦ
1097 1417 1233 1475 Θεοῦ,
1261 1412 1408 1462 καίτοι
1438 1409 1660 1475 λέγοντος

81 1496 284 1562 ἐναργῶς
317 1501 344 1524 “
364 1493 479 1549 Υἱὸς
513 1494 810 1562 πρωτότοκός
842 1518 934 1559 μου
959 1494 1202 1562 Ἰσραήλ·”
1245 1494 1389 1562 φαίην
1420 1491 1478 1543 ἂν
1511 1491 1660 1558 ἔγωγε
1721 1495 1881 1571 ΊΕΞΟᾶ-ῑν·

20 1595 63 1633 15
83 1579 157 1628 καὶ
181 1580 290 1645 τῇδε
317 1582 434 1628 νοεῖν
460 1579 623 1644 ὀρθῶς.
1679 1598 1700 1624 C

156 1663 246 1710 Δεῖ
283 1660 338 1724 δὴ
379 1660 460 1711 οῦν
501 1660 592 1727 ἄρα
638 1658 977 1728 τεθαῤῥηκότας
1019 1662 1082 1713 ὡς
1131 1657 1308 1725 ἀγαθός
1347 1681 1396 1709 τε
1441 1658 1543 1708 ἐστὶ
1585 1658 1662 1707 καὶ

82 1741 328 1809 πρόχειρος
362 1746 423 1796 εἷς
458 1743 816 1810 φιλανθρωπίαν
851 1743 875 1792 ὁ
909 1747 1003 1793 τῶν
1042 1742 1168 1793 ὅλων
1199 1739 1464 1805 Δεσπότης,
1499 1737 1662 1790 ἀοκνό-

84 1846 203 1874 τατα
239 1827 488 1887 μετανοεῖν,
516 1826 589 1874 καὶ
625 1829 726 1878 ταῖς
762 1827 823 1878 εἰς
860 1822 914 1875 τὸ
953 1824 1139 1888 ἄμεινον
1176 1823 1544 1890 ἐπανορθώσεσι,
1579 1820 1662 1875 τὰς

84 1910 178 1956 τῶν
202 1905 290 1971 ἤδη
315 1906 732 1973 προεπταισμένων
756 1906 978 1958 ἀπολύειν
1003 1907 1162 1960 αἰτίας.

21 2134 272 2182 2οἸάσομαι
306 2134 383 2176 τὰς
418 2135 634 2176 κατοικίας
670 2136 825 2186 αὐτῶν,
859 2136 1067 2183 &sanaem
1101 2135 1253 2177 αὐτοὺς
1287 2136 1520 2184 ὁμολόΓωε,
1556 2134 1704 2183 ὃιότι4

152 2219 418 2276 ἀπέστρεψεν
446 2219 469 2260 ἡ
498 2219 601 2276 ὀρΓύ
627 2234 706 2268 μου
733 2219 799 2261 ἀπ’
833 2220 986 2261 αὐτῶν.

163 2336 531 2402 Εὶσκεκόμισται
554 2339 719 2404 γείτων
744 2337 889 2401 εὐθὺς,
915 2337 1058 2401 μόνον
1083 2337 1131 2388 δὲ
1163 2338 1264 2404 οὐχὶ
1295 2338 1369 2387 καὶ
1401 2335 1666 2402 ἀγχίθυρος,

91 2421 116 2470 ὁ
140 2419 268 2487 παρὰ
293 2423 417 2471 Θεοῦ
445 2420 604 2486 λόγος,
631 2421 794 2472 Ξᾶσ-θαί
826 2443 875 2471 τε
911 2420 1017 2474 τοὺς
1052 2418 1368 2484 ἠσθενηκότας
1403 2419 1663 2485 ὑπισχνου-

91 2501 244 2566 μένου,
271 2504 346 2552 καὶ
380 2504 611 2570 ὁμολόγως
646 2507 863 2568 ἀγαπᾶν,
892 2502 1146 2563 τουτέστιν,
1176 2500 1560 2565 ὁμολογουμένως
1592 2502 1666 2551 καὶ
1685 2513 1712 2553 d

27 2603 73 2640 25
93 2583 337 2650 ἀκρύπτως
380 2585 469 2648 ἤδη
511 2583 680 2635 λοιπὸν
711 2586 988 2650 ἐνεργοῦντα
1025 2584 1277 2652 φαίνεσθαι
1310 2581 1368 2633 τὰ
1402 2584 1451 2633 ἐκ
1483 2585 1667 2650 φειδοῦς

94 2667 169 2716 καὶ
194 2664 395 2730 ἀγάπης,
421 2667 496 2715 καὶ
527 2664 612 2729 τὴν
634 2666 810 2719 παντὸς
834 2666 1044 2716 ἐπίδοσιν
1069 2666 1264 2730 ἀγαθοῦ.
1317 2667 1457 2728 δηλοῖ
1477 2664 1525 2715 δὲ
1549 2663 1668 2732 πρὸς

145 2824 177 2847 2.
203 2811 292 2856 Αὕτη
311 2815 532 2857 assumptum
550 2825 591 2847 ex
609 2813 702 2848 B.D.
963 2814 994 2847 6.
1019 2813 1301 2858 προσκομίσειας]
1320 2814 1558 2858 προνομίσειας
1575 2815 1666 2850 Edd.

97 2872 131 2905 9.
158 2856 264 2904 οἶμαι]
284 2863 321 2899 -i-
337 2862 396 2893 τοῦ
415 2859 461 2893 D.
581 2871 633 2894 11.
662 2860 700 2903 δὴ
719 2866 939 2905 assumptum
956 2872 997 2894 ex
1016 2861 1063 2895 D.
1185 2872 1237 2894 12.
1264 2862 1492 2907 καταγράφειν
1508 2862 1556 2897 D.
1574 2862 1666 2897 Edd.

99 2906 330 2951 καταγράψειν
344 2906 387 2941 Β.
560 2917 614 2940 20.
642 2906 725 2940 διότι
744 2906 837 2941 Β.Ι).
857 2907 971 2949 (Alex.
990 2907 1091 2952 XII.)
1108 2906 1160 2941 ὅτι
1177 2907 1269 2942 Edd.
1288 2908 1399 2953 (Vat.)
1569 2920 1623 2943 21.
1649 2909 1668 2953 ἡ

100 2951 184 2997 ὀργῆ
204 2952 296 2986 Β.Ι).
312 2953 384 2996 (22.
402 2952 461 2995 al.)
479 2952 539 2996 τὴν
555 2952 658 2998 ὀργήν
675 2952 766 2987 Edd.
786 2953 919 2998 (A.V.)
1094 2965 1147 3000 25.
1173 2955 1357 3000 φαίνεσθαι
1374 2955 1414 2990 τὰ
1432 2955 1467 2990 ἐκ
1484 2956 1524 3002 sp.
1544 2957 1596 2991 καὶ
1613 2956 1668 3002 ἀγ.

98 2999 166 3034 hoc
183 2998 303 3034 ordine
322 2999 368 3034 D.
386 2999 566 3045 φαίνεσθαι
582 3007 663 3045 post
679 3000 808 3046 ἀγάπης
826 3008 867 3035 tr.
888 3000 978 3035 Edd.
