2021 3434
273 199 328 237 54
662 197 712 236 B.
757 195 1030 235 CYRILLI
1073 194 1449 234 ALEXANDR.
1748 191 1786 231 ii.
1809 201 1845 242 7.

274 309 327 360 τὸ
361 310 559 372 ἄμεινον,
589 307 664 358 διὰ
699 309 862 371 πείρας
900 308 1041 369 αὐτῆς
1078 304 1460 369 ἐκμεμαθηκότες,
1487 307 1547 358 ὡς
1580 304 1681 354 ἔστι
1708 302 1852 353 παντί

272 414 338 461 τῳ
364 390 416 443 τὸ
441 395 737 455 πλημμελεῖν
762 391 844 440 οὐκ
869 389 1073 455 ἀζήμιον.

69 601 126 635 38
150 601 201 635 A.
233 592 351 634 aKoi
390 589 477 649 ἒ-,ρεῖ
517 593 784 648 Πορεύσομοιι
823 593 890 632 καὶ
930 592 1189 647 ὑποστρέψω
1229 590 1334 646 Πρὸς
1374 591 1445 631 τὸν
1490 589 1623 645 ἄνδρα
1663 604 1740 637 μου
1775 588 1846 630 τὸν

339 677 559 732 Πρότερον,
591 676 655 717 ὅτι
694 675 837 716 καλῶς
874 690 943 723 μοι
982 672 1030 715 ἦν
1068 675 1164 717 τότε
1203 673 1226 714 ii
1266 676 1344 714 νῦν.

346 806 489 873 Σώζει
526 805 610 870 μὲν
648 807 672 857 ὁ
708 805 852 872 λόγος
891 806 956 856 ε”τι
989 803 1071 855 τὸν
1114 805 1239 873 αὐτῷ
1277 802 1517 868 πρέποντα
1554 801 1746 868 τρόπον·
1789 804 1891 855 ὡς5

270 889 363 955 γὰρ
388 891 462 940 επὶ
487 889 661 955 πόρνης
686 886 904 954 γυναικὸς
929 888 1005 938 ἀπ’
1028 889 1174 953 ἀρχῆς
1200 886 1488 936 συντέθειται
1513 885 1649 951 μέχρι
1673 882 1846 936 τέλους.

270 971 346 1023 διὰ
393 977 545 1034 τοῦτο,
591 973 755 1038 φησιν,
795 969 864 1020 ὅτι
915 968 1266 1067 μεταγνώσεται
1310 991 1384 1018 και
1435 970 1529 1033 ἐρεῖ
1575 967 1850 1037 Πορεύσομοιι

271 1078 378 1121 προς
428 1079 493 1105 τον
545 1050 680 1123 ἀνδρα
730 1077 812 1121 μου
862 1077 929 1103 τον
974 1053 1181 1121 πρότερον,
1235 1051 1295 1101 ὀτι
1351 1049 1507 1103 καλῶς
1556 1074 1630 1117 μοι
1675 1055 1717 1109 ἦν
1759 1074 1853 1101 τοτε

270 1161 291 1194 η
334 1161 407 1187 νυν.
474 1135 603 1199 πλὴν
645 1136 774 1201 ἄθρει
806 1136 892 1185 κάν
936 1134 1085 1202 τούτῳ
1123 1132 1205 1183 τὸν
1239 1137 1332 1182 τῶν
1367 1132 1494 1183 ὅλων
1533 1130 1657 1182 Θεὸν
1691 1155 1767 1182 και
1805 1134 1853 1182 ἐν

225 1219 392 1286 Βόργῇ
434 1217 729 1279 παιδεύοντα,
774 1219 846 1267 καὶ
893 1185 1170 1282 ὠφελοῦντα
1214 1214 1452 1275 ποικίλως,
1499 1216 1573 1264 καὶ
1617 1218 1717 1266 ταῖς
1759 1219 1853 1264 τῶν
1878 1237 1923 1261 10

272 1304 432 1351 δεινῶν
470 1302 737 1366 ἐπαγωγαῖς
777 1296 1143 1364 ἀνασειράζοντα
1186 1295 1292 1349 τοὺς
1342 1295 1739 1359 πεπλανημένους,
1779 1298 1854 1346 καὶ

271 1388 612 1446 μεταποιοῦντα
649 1381 767 1448 πρὸς
801 1380 854 1432 τὸ
894 1380 1155 1448 συμφέρον.
1199 1379 1312 1430 ὅταν
1346 1378 1453 1444 γὰρ,
1480 1380 1643 1446 φησὶν,
1671 1380 1851 1429 ἀποπε-

273 1464 546 1533 φραγμένας
582 1464 654 1532 ’ίδῃ
688 1463 771 1517 τὰς
805 1466 967 1527 ἑαυτῆς
1003 1462 1137 1516 ὁδοὺς
1169 1464 1217 1512 ἐν
1255 1460 1484 1528 σκόλοψι,
1515 1460 1620 1511 τότε
1657 1459 1713 1524 δὴ
1751 1461 1855 1511 τότε

272 1545 717 1610 μεταβουλεύσεται,
752 1547 828 1596 καὶ
863 1545 978 1612 ὅπερ
1012 1543 1069 1609 ἦν
1107 1544 1295 1608 ἄμεινον
1333 1542 1528 1594 ἑλέσθαι
1563 1544 1856 1609 δρᾶν,ὀὕπω

273 1634 368 1679 τῶν
394 1630 596 1695 ἀνιαρῶν
620 1626 1018 1691 εἰσβεβληκότων,
1046 1626 1132 1678 κᾶν
1167 1632 1283 1692 γοῦν
1315 1625 1421 1694 ὀψε,
1448 1627 1523 1675 καὶ
1553 1621 1670 1688 μετα
1695 1625 1857 1690 πείραν
1882 1647 1926 1683 15

276 1709 487 1779 ἁρπάσῃ
528 1710 767 1776 ἀγαπήσει
798 1709 892 1776 γὰρ
925 1708 1029 1760 τότε
1065 1709 1124 1760 τὰ
1158 1707 1287 1775 παρὰ
1315 1712 1435 1777 Θεῷ,
1463 1710 1536 1758 καὶ
1563 1712 1655 1758 τῶν
1681 1705 1858 1775 μεταξὺ

276 1792 700 1857 πλημμελημάτων
730 1795 790 1847 ὡς
823 1794 872 1843 ἐκ
907 1797 1144 1858 λογισμοῦ
1170 1797 1252 1841 τοῦ
1278 1791 1528 1858 σώφρονος
1554 1789 1858 1856 ἀλογήσασα,

240 1877 603 1945 ρμεταχωρήσει
648 1877 815 1928 λοιπὸν
855 1875 973 1943 πρὸς
1014 1875 1068 1927 τὸ
1113 1879 1313 1939 θελῆσαι
1362 1874 1416 1925 τὸ
1467 1875 1515 1924 ἐν
1559 1876 1735 1941 ἀρχαῖς,
1785 1877 1860 1925 καὶ

280 1959 513 2024 θαυμάσει
547 1959 605 2010 τὰ
643 1958 772 2023 παρὰ
807 1963 928 2028 Θεῷ,
964 1962 1039 2009 καὶ
1077 1959 1377 2024 ἀσυγκρίτοις
1414 1955 1532 2007 αὐτὰ
1570 1956 1862 2022 διενεγκόντα

281 2046 540 2112 διαφοραῖς,
567 2042 777 2107 καθάπερ
816 2043 864 2092 ἐκ
895 2042 1038 2104 μέθης
1076 2040 1382 2109 ἀνανήψασα,
1415 2041 1672 2107 κατόψεται
1710 2038 1859 2104 μόλις.
1883 2063 1930 2087 20
1970 2093 1974 2104 Ι

282 2128 446 2177 οὐκοῦν
480 2126 562 2176 οὐκ
596 2124 822 2188 ἀνόνητον
859 2124 913 2174 τὸ
951 2123 1266 2186 παιδεύεσθαι,
1299 2120 1385 2172 κᾶν
1419 2126 1456 2172 εὶ
1494 2122 1591 2189 ε”χοι
1627 2121 1770 2188 τυχὸν
1808 2119 1862 2171 τὸ

282 2208 546 2275 παραυτίκα
584 2212 782 2258 λυποῦν.
855 2208 930 2256 καὶ
970 2212 1107 2256 τοῦτο
1149 2206 1317 2258 εἰδότες
1357 2207 1398 2254 οἱ
1441 2205 1685 2271 προφῆταί
1725 2209 1862 2271 φασι,

64 2310 158 2341 Hier.
177 2320 208 2339 x.
285 2300 311 2322 ‘⁶
340 2292 608 2342 Παίδευσον
656 2289 776 2354 ἡμᾶς
830 2287 1014 2354 Κύριε.”
1087 2287 1260 2356 γράφει
1311 2286 1358 2338 δὲ
1409 2287 1562 2336 καὶ-ὁ
1613 2284 1864 2339 θεσπέσιος

66 2365 154 2430 ἷῖἒιο.
172 2397 227 2428 xii.
288 2378 482 2426 Παῦλος
510 2380 536 2402 “
554 2376 612 2423 El
643 2371 855 2422 παιδείαν
886 2370 1149 2432 ὑπομένετε,
1176 2372 1237 2423 ὡς
1261 2373 1372 2422 υἱοῖς
1403 2370 1509 2432 ὑμῖν
1542 2367 1864 2436 προσφέρεται

69 2450 96 2481 ⁷⁴
289 2462 314 2484 ‘⁶
343 2456 367 2505 ὁ
409 2455 545 2508 Θεός·
610 2455 678 2507 τίς
721 2452 813 2520 γάρ
862 2455 991 2503 ἐστιν
1043 2451 1149 2514 υἱὸς,
1192 2450 1245 2502 ὃν
1295 2452 1347 2502 οὐ
1397 2449 1599 2501 παιδεύει
1649 2449 1804 2515 πατήρ
1822 2450 1861 2510 3”
1886 2470 1933 2509 25

289 2538 493 2588 δείκνυσι
524 2536 571 2588 δὲ
601 2536 654 2588 τὸ
686 2538 734 2587 ἐκ
769 2542 851 2587 τοῦ
878 2535 1177 2587 παιδεύεσθαι
1206 2533 1358 2599 γλυκύ
1382 2556 1431 2584 τε
1464 2534 1537 2583 καὶ
1563 2531 1864 2600 ὀνησιφόρον,

70 2633 189 2663 Ib-11·
245 2630 271 2670 d
291 2622 434 2672 οὕτως
473 2619 624 2684 λέγων
664 2623 857 2670 “Hasta
893 2618 1076 2669 παιδεία
1109 2615 1226 2682 πρὸς
1259 2615 1344 2680 μὲν
1377 2615 1431 2667 τὸ
1469 2614 1620 2681 παρὸν
1658 2615 1711 2665 οὐ
1745 2617 1872 2665 δοκεῖ

291 2709 318 2730 “
346 2704 493 2767 χαρᾶς
517 2698 643 2762 εἶναι,
665 2700 793 2751 ἀλλὰ
820 2701 990 2764 λύπης·
1033 2701 1230 2765 ὕστερον
1256 2698 1411 2762 μέντοι
1438 2696 1617 2764 καρπὸν
1643 2694 1866 2763 εἰρηνικὸν

293 2791 320 2813 “
346 2787 441 2836 τοῖς
465 2783 518 2832 δι’
548 2783 688 2846 αὐτῆς
713 2782 1116 2848 γεγυμνασμένοις
1142 2783 1402 2832 ἀποδίδωσι
1430 2779 1763 2842 δικαιοσύνης.”

341 2942 373 2975 3.
393 2929 602 2974 ὑποστρέψω
624 2930 659 2963 F.
680 2930 734 2965 Cf.
754 2931 842 2964 infra
859 2942 904 2973 40
922 2943 950 2964 c.
973 2930 1172 2975 ἐπιστρέψω
1192 2929 1282 2963 Edd.
1303 2929 1401 2973 (AX
1407 2928 1435 2971 .)
1534 2938 1587 2961 21.
1609 2928 1646 2960 τὸ
1666 2924 1865 2970 παραυτίκα]

295 2979 332 3011 τὸ
350 2977 425 3021 παρ’
446 2978 547 3012 αὐτοῦ
567 2976 656 3011 Edd.
802 2989 856 3021 23.
883 2978 935 3012 καὶ
954 2984 1175 3022 assumptum
1195 2989 1235 3011 ex
1256 2977 1296 3010 B.
1442 2983 1494 3017 25
1523 2974 1632 3018 ἐστιν]
1660 2978 1693 3014 ÷
1716 2975 1732 3005 ‹‘
1755 2972 1844 3007 Edd.
