<?xml version="1.0" encoding="UTF-8"?>
<!DOCTYPE html PUBLIC "-//W3C//DTD XHTML 1.0 Transitional//EN"
    "http://www.w3.org/TR/xhtml1/DTD/xhtml1-transitional.dtd">
<html xmlns="http://www.w3.org/1999/xhtml" xml:lang="en" lang="en">
 <head>
  <title>
</title>
<meta http-equiv="Content-Type" content="text/html;charset=utf-8" />
  <meta name='ocr-system' content='tesseract 3.04.00' />
  <meta name='ocr-capabilities' content='ocr_page ocr_carea ocr_par ocr_line ocrx_word'/>
</head>
<body>
  <div class='ocr_page' id='page_1' title='image "./operacyrilli01cyriuoft/operacyrilli01cyriuoft_0717.png"; bbox 0 0 2021 3434; ppageno 0'>
   <div class='ocr_carea' id='block_1_1' title="bbox 0 1781 56 3434">
    <p class='ocr_par' dir='ltr' id='par_1_1' title="bbox 0 1781 56 3434">
     <span class='ocr_line' id='line_1_1' title="bbox 0 1781 56 3434; baseline 0 0"><span class='ocrx_word' id='word_1_1' title='bbox 0 1781 56 3434; x_wconf 95' lang='lat' dir='ltr'> </span> 
     </span>
    </p>
   </div>
   <div class='ocr_carea' id='block_1_2' title="bbox 114 218 1692 263">
    <p class='ocr_par' dir='ltr' id='par_1_2' title="bbox 114 218 1692 263">
     <span class='ocr_line' id='line_1_2' title="bbox 114 218 1692 263; baseline 0.002 -5"><span class='ocrx_word' id='word_1_2' title='bbox 114 218 169 258; x_wconf 86' lang='lat' dir='ltr'>iv.</span> <span class='ocrx_word' id='word_1_3' title='bbox 196 219 232 259; x_wconf 92' lang='lat'>8.</span> <span class='ocrx_word' id='word_1_4' title='bbox 488 222 561 262; x_wconf 92' lang='lat' dir='ltr'>IN</span> <span class='ocrx_word' id='word_1_5' title='bbox 604 223 989 263; x_wconf 76' lang='lat' dir='ltr'>MICHAEAM.</span> <span class='ocrx_word' id='word_1_6' title='bbox 1052 222 1202 262; x_wconf 85' lang='lat' dir='ltr'>TOM.</span> <span class='ocrx_word' id='word_1_7' title='bbox 1239 221 1298 261; x_wconf 90' lang='grc' dir='ltr'>Π.</span> <span class='ocrx_word' id='word_1_8' title='bbox 1610 221 1692 261; x_wconf 83' lang='grc'>667</span> 
     </span>
    </p>
   </div>
   <div class='ocr_carea' id='block_1_3' title="bbox 50 330 1747 1874">
    <p class='ocr_par' dir='ltr' id='par_1_3' title="bbox 50 330 1747 1874">
     <span class='ocr_line' id='line_1_3' title="bbox 113 330 1692 399; baseline 0.003 -19"><span class='ocrx_word' id='word_1_9' title='bbox 113 335 142 358; x_wconf 85' lang='grc'><strong>“</strong></span> <span class='ocrx_word' id='word_1_10' title='bbox 167 330 521 395; x_wconf 78' lang='grc' dir='ltr'>ἀμεταμέλητον</span> <span class='ocrx_word' id='word_1_11' title='bbox 546 332 918 399; x_wconf 64' lang='grc' dir='ltr'>κατεργάζεται.”</span> <span class='ocrx_word' id='word_1_12' title='bbox 982 331 1176 396; x_wconf 82' lang='grc' dir='ltr'>πλήττει</span> <span class='ocrx_word' id='word_1_13' title='bbox 1213 331 1269 395; x_wconf 85' lang='grc' dir='ltr'>δὴ</span> <span class='ocrx_word' id='word_1_14' title='bbox 1300 332 1380 381; x_wconf 82' lang='grc' dir='ltr'>οῦν</span> <span class='ocrx_word' id='word_1_15' title='bbox 1410 330 1466 399; x_wconf 75' lang='grc' dir='ltr'>ἐξ</span> <span class='ocrx_word' id='word_1_16' title='bbox 1493 330 1692 396; x_wconf 81' lang='grc' dir='ltr'>ἀγάπης,</span> 
     </span>
     <span class='ocr_line' id='line_1_4' title="bbox 113 411 1694 478; baseline 0 -17"><span class='ocrx_word' id='word_1_17' title='bbox 113 413 189 461; x_wconf 84' lang='grc' dir='ltr'>καὶ</span> <span class='ocrx_word' id='word_1_18' title='bbox 227 411 297 463; x_wconf 83' lang='grc' dir='ltr'>ὅτι</span> <span class='ocrx_word' id='word_1_19' title='bbox 330 413 470 474; x_wconf 84' lang='grc' dir='ltr'>μετὸν</span> <span class='ocrx_word' id='word_1_20' title='bbox 511 414 693 469; x_wconf 79' lang='grc' dir='ltr'>οὐδενὸς</span> <span class='ocrx_word' id='word_1_21' title='bbox 735 419 829 466; x_wconf 85' lang='grc' dir='ltr'>τῶν</span> <span class='ocrx_word' id='word_1_22' title='bbox 871 413 1207 478; x_wconf 88' lang='grc' dir='ltr'>λελυπηκότων</span> <span class='ocrx_word' id='word_1_23' title='bbox 1249 417 1310 466; x_wconf 79' lang='grc' dir='ltr'>εἰς</span> <span class='ocrx_word' id='word_1_24' title='bbox 1347 417 1511 478; x_wconf 87' lang='grc' dir='ltr'>πεῖραν</span> <span class='ocrx_word' id='word_1_25' title='bbox 1541 413 1694 463; x_wconf 80' lang='grc' dir='ltr'>ἐλθεῖν</span> 
     </span>
     <span class='ocr_line' id='line_1_5' title="bbox 112 494 1694 563; baseline 0.001 -20"><span class='ocrx_word' id='word_1_26' title='bbox 112 494 398 549; x_wconf 86' lang='grc' dir='ltr'>ἐθελουσίοις</span> <span class='ocrx_word' id='word_1_27' title='bbox 422 500 484 549; x_wconf 81' lang='grc' dir='ltr'>εἰς</span> <span class='ocrx_word' id='word_1_28' title='bbox 507 502 644 547; x_wconf 91' lang='grc' dir='ltr'>τοῦτο</span> <span class='ocrx_word' id='word_1_29' title='bbox 675 501 930 548; x_wconf 87' lang='grc' dir='ltr'>καθικνεῖτο</span> <span class='ocrx_word' id='word_1_30' title='bbox 966 498 1145 562; x_wconf 81' lang='grc' dir='ltr'>ῥοπαῖς.</span> <span class='ocrx_word' id='word_1_31' title='bbox 1213 498 1411 562; x_wconf 77' lang='grc' dir='ltr'>ποιμνίου</span> <span class='ocrx_word' id='word_1_32' title='bbox 1449 494 1497 545; x_wconf 76' lang='grc' dir='ltr'>δὲ</span> <span class='ocrx_word' id='word_1_33' title='bbox 1536 494 1694 563; x_wconf 71' lang='grc' dir='ltr'>πυργὲν</span> 
     </span>
     <span class='ocr_line' id='line_1_6' title="bbox 114 575 1695 643; baseline -0.001 -17"><span class='ocrx_word' id='word_1_34' title='bbox 114 576 332 643; x_wconf 54' lang='grc' dir='ltr'>αὐχμῶὃη</span> <span class='ocrx_word' id='word_1_35' title='bbox 373 577 458 641; x_wconf 86' lang='grc' dir='ltr'>τὴν</span> <span class='ocrx_word' id='word_1_36' title='bbox 505 576 625 639; x_wconf 62' lang='grc' dir='ltr'>Σιὼν,</span> <span class='ocrx_word' id='word_1_37' title='bbox 667 579 812 643; x_wconf 76' lang='grc' dir='ltr'>ἤγουν</span> <span class='ocrx_word' id='word_1_38' title='bbox 853 580 927 629; x_wconf 78' lang='grc' dir='ltr'>καὶ</span> <span class='ocrx_word' id='word_1_39' title='bbox 971 576 1116 641; x_wconf 80' lang='grc' dir='ltr'>αὐτὴν</span> <span class='ocrx_word' id='word_1_40' title='bbox 1159 575 1369 642; x_wconf 75' lang='grc' dir='ltr'>ὀνομάζει</span> <span class='ocrx_word' id='word_1_41' title='bbox 1407 576 1491 640; x_wconf 90' lang='grc' dir='ltr'>τὴν</span> <span class='ocrx_word' id='word_1_42' title='bbox 1527 577 1695 642; x_wconf 83' lang='grc' dir='ltr'>Ἰερου-</span> 
     </span>
     <span class='ocr_line' id='line_1_7' title="bbox 71 657 1736 726; baseline 0.002 -21"><span class='ocrx_word' id='word_1_43' title='bbox 71 665 93 704; x_wconf 89' lang='grc'><strong>5</strong></span> <span class='ocrx_word' id='word_1_44' title='bbox 115 657 295 722; x_wconf 87' lang='grc' dir='ltr'>σαλὴμ,</span> <span class='ocrx_word' id='word_1_45' title='bbox 337 659 478 709; x_wconf 82' lang='grc' dir='ltr'>οἱονεί</span> <span class='ocrx_word' id='word_1_46' title='bbox 514 682 614 712; x_wconf 89' lang='grc' dir='ltr'>πως</span> <span class='ocrx_word' id='word_1_47' title='bbox 654 662 702 710; x_wconf 83' lang='grc' dir='ltr'>ἐν</span> <span class='ocrx_word' id='word_1_48' title='bbox 746 660 846 724; x_wconf 74' lang='grc' dir='ltr'>ἤθει</span> <span class='ocrx_word' id='word_1_49' title='bbox 886 659 1054 726; x_wconf 86' lang='grc' dir='ltr'>λέγων,</span> <span class='ocrx_word' id='word_1_50' title='bbox 1095 662 1342 726; x_wconf 76' lang='grc' dir='ltr'>μονονουχὶ</span> <span class='ocrx_word' id='word_1_51' title='bbox 1385 658 1433 710; x_wconf 76' lang='grc' dir='ltr'>δὲ</span> <span class='ocrx_word' id='word_1_52' title='bbox 1478 661 1552 709; x_wconf 76' lang='grc' dir='ltr'>καὶ</span> <span class='ocrx_word' id='word_1_53' title='bbox 1590 660 1689 709; x_wconf 83' lang='grc' dir='ltr'>ἐπι·</span> <span class='ocrx_word' id='word_1_54' title='bbox 1714 681 1736 708; x_wconf 85' lang='lat' dir='ltr'>c</span> 
     </span>
     <span class='ocr_line' id='line_1_8' title="bbox 114 738 1696 808; baseline 0.001 -18"><span class='ocrx_word' id='word_1_55' title='bbox 114 738 388 806; x_wconf 76' lang='grc' dir='ltr'>στυγνάζων</span> <span class='ocrx_word' id='word_1_56' title='bbox 423 741 555 808; x_wconf 82' lang='grc' dir='ltr'>αὐτῇ.</span> <span class='ocrx_word' id='word_1_57' title='bbox 622 740 658 792; x_wconf 76' lang='grc' dir='ltr'><em>ὦ</em></span> <span class='ocrx_word' id='word_1_58' title='bbox 694 741 818 793; x_wconf 82' lang='grc' dir='ltr'>Σιὼν</span> <span class='ocrx_word' id='word_1_59' title='bbox 849 742 996 808; x_wconf 74' lang='grc' dir='ltr'>ἤγουν</span> <span class='ocrx_word' id='word_1_60' title='bbox 1021 741 1338 807; x_wconf 79' lang='grc' dir='ltr'>Ἰερουσαλὴμ</span> <span class='ocrx_word' id='word_1_61' title='bbox 1372 742 1515 792; x_wconf 82' lang='grc' dir='ltr'>ἀθλία</span> <span class='ocrx_word' id='word_1_62' title='bbox 1551 740 1696 806; x_wconf 77' lang='grc' dir='ltr'>θυγα-</span> 
     </span>
     <span class='ocr_line' id='line_1_9' title="bbox 114 820 1696 890; baseline 0 -18"><span class='ocrx_word' id='word_1_63' title='bbox 114 845 207 888; x_wconf 91' lang='grc' dir='ltr'>τερ,</span> <span class='ocrx_word' id='word_1_64' title='bbox 236 820 273 873; x_wconf 73' lang='grc' dir='ltr'><em>ὦ</em></span> <span class='ocrx_word' id='word_1_65' title='bbox 301 827 396 873; x_wconf 79' lang='grc' dir='ltr'>τῶν</span> <span class='ocrx_word' id='word_1_66' title='bbox 431 824 554 885; x_wconf 82' lang='grc' dir='ltr'>ἐμῶν</span> <span class='ocrx_word' id='word_1_67' title='bbox 588 824 844 889; x_wconf 77' lang='grc' dir='ltr'>προβάτων</span> <span class='ocrx_word' id='word_1_68' title='bbox 875 824 1042 874; x_wconf 72' lang='grc' dir='ltr'>ἄθλιον</span> <span class='ocrx_word' id='word_1_69' title='bbox 1075 826 1148 874; x_wconf 80' lang='grc' dir='ltr'>καὶ</span> <span class='ocrx_word' id='word_1_70' title='bbox 1183 823 1387 890; x_wconf 72' lang='grc' dir='ltr'>ἀφεγγὲς</span> <span class='ocrx_word' id='word_1_71' title='bbox 1417 823 1696 887; x_wconf 84' lang='grc' dir='ltr'>ἐνδιαίτημα,</span> 
     </span>
     <span class='ocr_line' id='line_1_10' title="bbox 114 904 1697 974; baseline -0.001 -18"><span class='ocrx_word' id='word_1_72' title='bbox 114 905 343 973; x_wconf 86' lang='grc' dir='ltr'>προκείσῃ</span> <span class='ocrx_word' id='word_1_73' title='bbox 381 904 438 969; x_wconf 89' lang='grc' dir='ltr'>δὴ</span> <span class='ocrx_word' id='word_1_74' title='bbox 472 905 661 959; x_wconf 87' lang='grc' dir='ltr'>πάντως</span> <span class='ocrx_word' id='word_1_75' title='bbox 699 907 774 956; x_wconf 83' lang='grc' dir='ltr'>καὶ</span> <span class='ocrx_word' id='word_1_76' title='bbox 820 907 903 957; x_wconf 80' lang='grc' dir='ltr'>οὐκ</span> <span class='ocrx_word' id='word_1_77' title='bbox 941 905 1172 956; x_wconf 85' lang='grc' dir='ltr'>ἐθέλουσα</span> <span class='ocrx_word' id='word_1_78' title='bbox 1210 911 1305 959; x_wconf 88' lang='grc' dir='ltr'>τοῖς</span> <span class='ocrx_word' id='word_1_79' title='bbox 1342 907 1541 973; x_wconf 75' lang='grc' dir='ltr'>ἐχθροῖς.</span> <span class='ocrx_word' id='word_1_80' title='bbox 1612 906 1697 974; x_wconf 70' lang='grc' dir='ltr'>ἥξει</span> 
     </span>
     <span class='ocr_line' id='line_1_11' title="bbox 115 986 1700 1056; baseline 0 -19"><span class='ocrx_word' id='word_1_81' title='bbox 115 986 208 1053; x_wconf 79' lang='grc' dir='ltr'>γὰρ</span> <span class='ocrx_word' id='word_1_82' title='bbox 235 988 336 1056; x_wconf 69' lang='grc' dir='ltr'>ἥξει,</span> <span class='ocrx_word' id='word_1_83' title='bbox 362 989 436 1038; x_wconf 71' lang='grc' dir='ltr'>καὶ</span> <span class='ocrx_word' id='word_1_84' title='bbox 464 988 546 1038; x_wconf 86' lang='grc' dir='ltr'>οὐκ</span> <span class='ocrx_word' id='word_1_85' title='bbox 582 992 644 1042; x_wconf 86' lang='grc' dir='ltr'>εἱς</span> <span class='ocrx_word' id='word_1_86' title='bbox 678 986 862 1052; x_wconf 80' lang='grc' dir='ltr'>μακρὰν</span> <span class='ocrx_word' id='word_1_87' title='bbox 897 989 971 1038; x_wconf 73' lang='grc' dir='ltr'>ἐπὶ</span> <span class='ocrx_word' id='word_1_88' title='bbox 1004 988 1054 1038; x_wconf 74' lang='grc' dir='ltr'>σὲ</span> <span class='ocrx_word' id='word_1_89' title='bbox 1088 992 1182 1038; x_wconf 82' lang='grc' dir='ltr'>τῶν</span> <span class='ocrx_word' id='word_1_90' title='bbox 1212 989 1286 1038; x_wconf 77' lang='grc' dir='ltr'>ἐπὶ</span> <span class='ocrx_word' id='word_1_91' title='bbox 1318 990 1405 1053; x_wconf 84' lang='grc' dir='ltr'>γῆς</span> <span class='ocrx_word' id='word_1_92' title='bbox 1438 991 1700 1048; x_wconf 80' lang='grc' dir='ltr'>βασιλειῶν</span> 
     </span>
     <span class='ocr_line' id='line_1_12' title="bbox 50 1069 1693 1137; baseline 0 -16"><span class='ocrx_word' id='word_1_93' title='bbox 50 1070 143 1133; x_wconf 67' lang='grc' dir='ltr'>1οὴ</span> <span class='ocrx_word' id='word_1_94' title='bbox 181 1071 460 1137; x_wconf 78' lang='grc' dir='ltr'>προῦχουσα</span> <span class='ocrx_word' id='word_1_95' title='bbox 498 1072 572 1120; x_wconf 77' lang='grc' dir='ltr'>καὶ</span> <span class='ocrx_word' id='word_1_96' title='bbox 611 1069 962 1134; x_wconf 83' lang='grc' dir='ltr'>εὐσθενεστέρα,</span> <span class='ocrx_word' id='word_1_97' title='bbox 1001 1070 1256 1132; x_wconf 79' lang='grc' dir='ltr'>τουτέστιν,</span> <span class='ocrx_word' id='word_1_98' title='bbox 1287 1070 1315 1133; x_wconf 87' lang='grc' dir='ltr'>ἡ</span> <span class='ocrx_word' id='word_1_99' title='bbox 1357 1070 1693 1130; x_wconf 80' lang='grc' dir='ltr'>Βαβυλωνίων.</span> 
     </span>
     <span class='ocr_line' id='line_1_13' title="bbox 117 1149 1701 1221; baseline 0.001 -19"><span class='ocrx_word' id='word_1_100' title='bbox 117 1151 277 1221; x_wconf 74' lang='grc' dir='ltr'>πύργον</span> <span class='ocrx_word' id='word_1_101' title='bbox 328 1150 375 1203; x_wconf 83' lang='grc' dir='ltr'>δὲ</span> <span class='ocrx_word' id='word_1_102' title='bbox 431 1149 650 1219; x_wconf 62' lang='grc' dir='ltr'>αὐχμώδη</span> <span class='ocrx_word' id='word_1_103' title='bbox 702 1154 776 1202; x_wconf 78' lang='grc' dir='ltr'>καὶ</span> <span class='ocrx_word' id='word_1_104' title='bbox 839 1151 1081 1202; x_wconf 83' lang='grc' dir='ltr'>σκοτεινὸν</span> <span class='ocrx_word' id='word_1_105' title='bbox 1131 1152 1398 1216; x_wconf 86' lang='grc' dir='ltr'>ἐνδιαίτημα</span> <span class='ocrx_word' id='word_1_106' title='bbox 1450 1151 1536 1216; x_wconf 88' lang='grc' dir='ltr'>τὴν</span> <span class='ocrx_word' id='word_1_107' title='bbox 1593 1150 1701 1205; x_wconf 63' lang='grc' dir='ltr'>Σιὼν</span> 
     </span>
     <span class='ocr_line' id='line_1_14' title="bbox 117 1233 1701 1301; baseline 0.001 -18"><span class='ocrx_word' id='word_1_108' title='bbox 117 1236 359 1296; x_wconf 80' lang='grc' dir='ltr'>ἀποκαλεῖ,</span> <span class='ocrx_word' id='word_1_109' title='bbox 383 1234 484 1298; x_wconf 71' lang='grc' dir='ltr'>ἦτοι</span> <span class='ocrx_word' id='word_1_110' title='bbox 518 1233 604 1297; x_wconf 82' lang='grc' dir='ltr'>τὴν</span> <span class='ocrx_word' id='word_1_111' title='bbox 628 1233 928 1300; x_wconf 60' lang='grc' dir='ltr'>Ἰερουσαλὴμ,</span> <span class='ocrx_word' id='word_1_112' title='bbox 956 1233 1030 1284; x_wconf 79' lang='grc' dir='ltr'>διὰ</span> <span class='ocrx_word' id='word_1_113' title='bbox 1065 1233 1120 1283; x_wconf 79' lang='grc' dir='ltr'>τὸ</span> <span class='ocrx_word' id='word_1_114' title='bbox 1151 1233 1332 1287; x_wconf 85' lang='grc' dir='ltr'>πάντας</span> <span class='ocrx_word' id='word_1_115' title='bbox 1366 1233 1471 1288; x_wconf 79' lang='grc' dir='ltr'>τοῦς</span> <span class='ocrx_word' id='word_1_116' title='bbox 1502 1236 1550 1284; x_wconf 87' lang='grc' dir='ltr'>ἐν</span> <span class='ocrx_word' id='word_1_117' title='bbox 1585 1236 1701 1301; x_wconf 83' lang='grc' dir='ltr'>αὐτῇ</span> 
     </span>
     <span class='ocr_line' id='line_1_15' title="bbox 117 1314 1702 1385; baseline 0.001 -19"><span class='ocrx_word' id='word_1_118' title='bbox 117 1315 216 1367; x_wconf 76' lang='grc' dir='ltr'>οἷον</span> <span class='ocrx_word' id='word_1_119' title='bbox 253 1318 302 1366; x_wconf 87' lang='grc' dir='ltr'>ἐν</span> <span class='ocrx_word' id='word_1_120' title='bbox 346 1317 505 1385; x_wconf 72' lang='grc' dir='ltr'>σκότῳ</span> <span class='ocrx_word' id='word_1_121' title='bbox 544 1320 825 1381; x_wconf 83' lang='grc' dir='ltr'>περιπατεῖν,</span> <span class='ocrx_word' id='word_1_122' title='bbox 868 1316 962 1366; x_wconf 80' lang='grc' dir='ltr'>ἀπὸ</span> <span class='ocrx_word' id='word_1_123' title='bbox 1001 1322 1083 1366; x_wconf 91' lang='grc' dir='ltr'>τοῦ</span> <span class='ocrx_word' id='word_1_124' title='bbox 1120 1314 1185 1379; x_wconf 85' lang='grc' dir='ltr'>μὴ</span> <span class='ocrx_word' id='word_1_125' title='bbox 1224 1316 1486 1376; x_wconf 79' lang='grc' dir='ltr'>βούλεσθαι</span> <span class='ocrx_word' id='word_1_126' title='bbox 1525 1315 1702 1384; x_wconf 82' lang='grc' dir='ltr'>λύχνον</span> 
     </span>
     <span class='ocr_line' id='line_1_16' title="bbox 119 1396 1747 1466; baseline 0 -18"><span class='ocrx_word' id='word_1_127' title='bbox 119 1396 282 1462; x_wconf 77' lang='grc' dir='ltr'>ὥσπερ</span> <span class='ocrx_word' id='word_1_128' title='bbox 327 1398 430 1448; x_wconf 80' lang='grc' dir='ltr'>τινὰ</span> <span class='ocrx_word' id='word_1_129' title='bbox 469 1403 706 1449; x_wconf 87' lang='grc' dir='ltr'>ποιεῖσθαι</span> <span class='ocrx_word' id='word_1_130' title='bbox 756 1401 832 1448; x_wconf 81' lang='grc' dir='ltr'>καὶ</span> <span class='ocrx_word' id='word_1_131' title='bbox 877 1403 979 1466; x_wconf 82' lang='grc' dir='ltr'>φῶς</span> <span class='ocrx_word' id='word_1_132' title='bbox 1016 1397 1099 1449; x_wconf 77' lang='grc' dir='ltr'>τὸν</span> <span class='ocrx_word' id='word_1_133' title='bbox 1137 1404 1219 1449; x_wconf 92' lang='grc' dir='ltr'>τοῦ</span> <span class='ocrx_word' id='word_1_134' title='bbox 1259 1402 1384 1449; x_wconf 79' lang='grc' dir='ltr'>Θεοῦ</span> <span class='ocrx_word' id='word_1_135' title='bbox 1424 1397 1582 1461; x_wconf 89' lang='grc' dir='ltr'>νόμον,</span> <span class='ocrx_word' id='word_1_136' title='bbox 1627 1401 1747 1449; x_wconf 59' lang='lat' dir='ltr'>naid</span> 
     </span>
     <span class='ocr_line' id='line_1_17' title="bbox 52 1479 1703 1548; baseline 0.001 -18"><span class='ocrx_word' id='word_1_137' title='bbox 52 1503 99 1541; x_wconf 88' lang='lat'>15</span> <span class='ocrx_word' id='word_1_138' title='bbox 120 1480 202 1531; x_wconf 78' lang='grc' dir='ltr'>τὸν</span> <span class='ocrx_word' id='word_1_139' title='bbox 232 1482 341 1547; x_wconf 84' lang='grc' dir='ltr'>παρ’</span> <span class='ocrx_word' id='word_1_140' title='bbox 370 1482 513 1531; x_wconf 83' lang='grc' dir='ltr'>αὐτοῦ</span> <span class='ocrx_word' id='word_1_141' title='bbox 546 1480 798 1547; x_wconf 82' lang='grc' dir='ltr'>φωτισμὸν</span> <span class='ocrx_word' id='word_1_142' title='bbox 836 1480 1133 1548; x_wconf 77' lang='grc' dir='ltr'>εἰσδέχεσθαι</span> <span class='ocrx_word' id='word_1_143' title='bbox 1172 1480 1291 1531; x_wconf 80' lang='grc' dir='ltr'>κατὰ</span> <span class='ocrx_word' id='word_1_144' title='bbox 1330 1487 1454 1532; x_wconf 84' lang='grc' dir='ltr'>νοῦν.</span> <span class='ocrx_word' id='word_1_145' title='bbox 1520 1479 1579 1544; x_wconf 81' lang='grc' dir='ltr'>ἦν</span> <span class='ocrx_word' id='word_1_146' title='bbox 1609 1480 1703 1546; x_wconf 73' lang='grc' dir='ltr'>γὰρ</span> 
     </span>
     <span class='ocr_line' id='line_1_18' title="bbox 120 1561 1704 1629; baseline 0 -15"><span class='ocrx_word' id='word_1_147' title='bbox 120 1565 255 1625; x_wconf 79' lang='grc' dir='ltr'>οὕτω,</span> <span class='ocrx_word' id='word_1_148' title='bbox 292 1564 367 1613; x_wconf 74' lang='grc' dir='ltr'>καὶ</span> <span class='ocrx_word' id='word_1_149' title='bbox 405 1563 491 1629; x_wconf 80' lang='grc' dir='ltr'>οὐχ</span> <span class='ocrx_word' id='word_1_150' title='bbox 529 1561 704 1627; x_wconf 79' lang='grc' dir='ltr'>ἑτέρως,</span> <span class='ocrx_word' id='word_1_151' title='bbox 738 1564 812 1613; x_wconf 76' lang='grc' dir='ltr'>καὶ</span> <span class='ocrx_word' id='word_1_152' title='bbox 851 1565 1041 1626; x_wconf 82' lang='grc' dir='ltr'>ἀπλανῆ</span> <span class='ocrx_word' id='word_1_153' title='bbox 1082 1563 1312 1614; x_wconf 80' lang='grc' dir='ltr'>δύνασθαι</span> <span class='ocrx_word' id='word_1_154' title='bbox 1351 1562 1549 1614; x_wconf 87' lang='grc' dir='ltr'>διάττειν</span> <span class='ocrx_word' id='word_1_155' title='bbox 1581 1562 1704 1625; x_wconf 80' lang='grc' dir='ltr'>ὁδὸν,</span> 
     </span>
     <span class='ocr_line' id='line_1_19' title="bbox 120 1645 1705 1711; baseline 0.001 -16"><span class='ocrx_word' id='word_1_156' title='bbox 120 1647 195 1695; x_wconf 82' lang='grc' dir='ltr'>καὶ</span> <span class='ocrx_word' id='word_1_157' title='bbox 236 1645 425 1710; x_wconf 78' lang='grc' dir='ltr'>βόθρων</span> <span class='ocrx_word' id='word_1_158' title='bbox 470 1646 748 1711; x_wconf 83' lang='grc' dir='ltr'>ἀποφοιτᾶν,</span> <span class='ocrx_word' id='word_1_159' title='bbox 800 1647 873 1695; x_wconf 79' lang='grc' dir='ltr'>καὶ</span> <span class='ocrx_word' id='word_1_160' title='bbox 920 1647 1150 1708; x_wconf 84' lang='grc' dir='ltr'>διαπηδᾶν</span> <span class='ocrx_word' id='word_1_161' title='bbox 1198 1646 1442 1711; x_wconf 83' lang='grc' dir='ltr'>ἁμαρτίαν,</span> <span class='ocrx_word' id='word_1_162' title='bbox 1486 1647 1560 1696; x_wconf 84' lang='grc' dir='ltr'>καὶ</span> <span class='ocrx_word' id='word_1_163' title='bbox 1609 1650 1705 1698; x_wconf 86' lang='grc' dir='ltr'>τοῖς</span> 
     </span>
     <span class='ocr_line' id='line_1_20' title="bbox 120 1725 1329 1795; baseline 0 -17"><span class='ocrx_word' id='word_1_164' title='bbox 120 1726 298 1795; x_wconf 76' lang='grc' dir='ltr'>μεταξὺ</span> <span class='ocrx_word' id='word_1_165' title='bbox 337 1727 696 1792; x_wconf 89' lang='grc' dir='ltr'>προσπίπτουσι</span> <span class='ocrx_word' id='word_1_166' title='bbox 735 1725 799 1790; x_wconf 86' lang='grc' dir='ltr'>μὴ</span> <span class='ocrx_word' id='word_1_167' title='bbox 836 1728 1121 1792; x_wconf 86' lang='grc' dir='ltr'>περιπταίειν</span> <span class='ocrx_word' id='word_1_168' title='bbox 1160 1733 1329 1782; x_wconf 78' lang='grc' dir='ltr'>κακοῖς.</span> 
     </span>
     <span class='ocr_line' id='line_1_21' title="bbox 195 1808 1704 1874; baseline 0.001 -15"><span class='ocrx_word' id='word_1_169' title='bbox 195 1808 471 1872; x_wconf 79' lang='grc' dir='ltr'>Ψάλλωμεν</span> <span class='ocrx_word' id='word_1_170' title='bbox 509 1808 564 1872; x_wconf 82' lang='grc' dir='ltr'>δὴ</span> <span class='ocrx_word' id='word_1_171' title='bbox 606 1809 686 1859; x_wconf 82' lang='grc' dir='ltr'>οῦν</span> <span class='ocrx_word' id='word_1_172' title='bbox 729 1811 803 1859; x_wconf 81' lang='grc' dir='ltr'>καὶ</span> <span class='ocrx_word' id='word_1_173' title='bbox 840 1809 968 1872; x_wconf 82' lang='grc' dir='ltr'>ἡμεῖς</span> <span class='ocrx_word' id='word_1_174' title='bbox 1007 1810 1136 1859; x_wconf 78' lang='grc' dir='ltr'>αὐτοὶ</span> <span class='ocrx_word' id='word_1_175' title='bbox 1174 1810 1390 1874; x_wconf 87' lang='grc' dir='ltr'>λέγοντες</span> <span class='ocrx_word' id='word_1_176' title='bbox 1427 1808 1544 1874; x_wconf 81' lang='grc' dir='ltr'>πρὸς</span> <span class='ocrx_word' id='word_1_177' title='bbox 1580 1809 1704 1861; x_wconf 79' lang='grc' dir='ltr'>Θεόν</span> 
     </span>
    </p>
   </div>
   <div class='ocr_carea' id='block_1_4' title="bbox 1766 1884 1895 1918">
    <p class='ocr_par' dir='ltr' id='par_1_4' title="bbox 1766 1884 1895 1918">
     <span class='ocr_line' id='line_1_22' title="bbox 1766 1884 1895 1918; baseline -0.016 -2"><span class='ocrx_word' id='word_1_178' title='bbox 1766 1887 1819 1918; x_wconf 79' lang='lat' dir='ltr'>Ps.</span> <span class='ocrx_word' id='word_1_179' title='bbox 1839 1884 1895 1915; x_wconf 81' lang='lat' dir='ltr'>xii.</span> 
     </span>
    </p>
   </div>
   <div class='ocr_carea' id='block_1_5' title="bbox 55 1890 1846 1971">
    <p class='ocr_par' dir='ltr' id='par_1_5' title="bbox 55 1890 1846 1971">
     <span class='ocr_line' id='line_1_23' title="bbox 55 1890 1846 1971; baseline 0.004 -35"><span class='ocrx_word' id='word_1_180' title='bbox 55 1897 150 1936; x_wconf 73' lang='lat'>20⁴⁴</span> <span class='ocrx_word' id='word_1_181' title='bbox 176 1891 398 1942; x_wconf 83' lang='grc' dir='ltr'>Φώτισον</span> <span class='ocrx_word' id='word_1_182' title='bbox 438 1890 545 1944; x_wconf 76' lang='grc' dir='ltr'>τοὺς</span> <span class='ocrx_word' id='word_1_183' title='bbox 589 1891 871 1958; x_wconf 83' lang='grc' dir='ltr'>ὀφθαλμούς</span> <span class='ocrx_word' id='word_1_184' title='bbox 911 1914 1015 1953; x_wconf 88' lang='grc' dir='ltr'>μου,</span> <span class='ocrx_word' id='word_1_185' title='bbox 1048 1890 1227 1955; x_wconf 87' lang='grc' dir='ltr'>μήποτε</span> <span class='ocrx_word' id='word_1_186' title='bbox 1268 1891 1472 1942; x_wconf 80' lang='grc' dir='ltr'>ὑπνώσω</span> <span class='ocrx_word' id='word_1_187' title='bbox 1512 1896 1573 1945; x_wconf 85' lang='grc' dir='ltr'>εὶς</span> <span class='ocrx_word' id='word_1_188' title='bbox 1612 1892 1700 1943; x_wconf 88' lang='grc' dir='ltr'>θά-</span> <span class='ocrx_word' id='word_1_189' title='bbox 1767 1941 1846 1971; x_wconf 47' lang='lat'>4‚5⁴</span> 
     </span>
    </p>
   </div>
   <div class='ocr_carea' id='block_1_6' title="bbox 58 1971 1744 2451">
    <p class='ocr_par' dir='ltr' id='par_1_6' title="bbox 121 1971 1744 2287">
     <span class='ocr_line' id='line_1_24' title="bbox 121 1971 1701 2041; baseline 0.001 -18"><span class='ocrx_word' id='word_1_190' title='bbox 121 1980 149 2002; x_wconf 69' lang='lat'>⁶⁶</span> <span class='ocrx_word' id='word_1_191' title='bbox 177 1996 331 2035; x_wconf 86' lang='grc' dir='ltr'>νατον,</span> <span class='ocrx_word' id='word_1_192' title='bbox 370 1971 551 2038; x_wconf 87' lang='grc' dir='ltr'>μήποτε</span> <span class='ocrx_word' id='word_1_193' title='bbox 589 1973 694 2041; x_wconf 86' lang='grc' dir='ltr'>ε’ίπῃ</span> <span class='ocrx_word' id='word_1_194' title='bbox 733 1974 758 2023; x_wconf 85' lang='grc' dir='ltr'>ὁ</span> <span class='ocrx_word' id='word_1_195' title='bbox 793 1972 958 2040; x_wconf 87' lang='grc' dir='ltr'>ἐχθρός</span> <span class='ocrx_word' id='word_1_196' title='bbox 997 1996 1087 2036; x_wconf 90' lang='grc' dir='ltr'>μου</span> <span class='ocrx_word' id='word_1_197' title='bbox 1110 1971 1323 2041; x_wconf 86' lang='grc' dir='ltr'>Ἴσχυσα</span> <span class='ocrx_word' id='word_1_198' title='bbox 1360 1973 1476 2039; x_wconf 85' lang='grc' dir='ltr'>πρὸς</span> <span class='ocrx_word' id='word_1_199' title='bbox 1515 1974 1701 2025; x_wconf 83' lang='grc' dir='ltr'>αὐτόν.”</span> 
     </span>
     <span class='ocr_line' id='line_1_25' title="bbox 125 2053 1744 2124; baseline -0.001 -19"><span class='ocrx_word' id='word_1_200' title='bbox 125 2057 246 2122; x_wconf 86' lang='grc' dir='ltr'>φωτὶ</span> <span class='ocrx_word' id='word_1_201' title='bbox 290 2053 383 2121; x_wconf 79' lang='grc' dir='ltr'>γὰρ</span> <span class='ocrx_word' id='word_1_202' title='bbox 428 2056 534 2124; x_wconf 82' lang='grc' dir='ltr'>θείῳ</span> <span class='ocrx_word' id='word_1_203' title='bbox 575 2054 964 2119; x_wconf 83' lang='grc' dir='ltr'>κατηυγασμένοι,</span> <span class='ocrx_word' id='word_1_204' title='bbox 1008 2057 1081 2106; x_wconf 84' lang='grc' dir='ltr'>καὶ</span> <span class='ocrx_word' id='word_1_205' title='bbox 1121 2057 1202 2118; x_wconf 86' lang='grc' dir='ltr'>τῆς</span> <span class='ocrx_word' id='word_1_206' title='bbox 1244 2055 1419 2106; x_wconf 80' lang='grc' dir='ltr'>ἄνωθεν</span> <span class='ocrx_word' id='word_1_207' title='bbox 1457 2057 1532 2106; x_wconf 87' lang='grc' dir='ltr'>καὶ</span> <span class='ocrx_word' id='word_1_208' title='bbox 1576 2056 1704 2122; x_wconf 80' lang='grc' dir='ltr'>παρὰ</span> <span class='ocrx_word' id='word_1_209' title='bbox 1723 2077 1744 2103; x_wconf 83' lang='lat' dir='ltr'>e</span> 
     </span>
     <span class='ocr_line' id='line_1_26' title="bbox 125 2136 1706 2206; baseline 0.001 -19"><span class='ocrx_word' id='word_1_210' title='bbox 125 2140 249 2188; x_wconf 81' lang='grc' dir='ltr'>Θεοῦ</span> <span class='ocrx_word' id='word_1_211' title='bbox 292 2137 469 2206; x_wconf 83' lang='grc' dir='ltr'>σοφίας</span> <span class='ocrx_word' id='word_1_212' title='bbox 515 2136 745 2197; x_wconf 78' lang='grc' dir='ltr'>λαβόντες</span> <span class='ocrx_word' id='word_1_213' title='bbox 790 2141 852 2190; x_wconf 87' lang='grc' dir='ltr'>εἱς</span> <span class='ocrx_word' id='word_1_214' title='bbox 893 2143 1001 2188; x_wconf 89' lang='grc' dir='ltr'>νοῦν</span> <span class='ocrx_word' id='word_1_215' title='bbox 1045 2137 1100 2187; x_wconf 85' lang='grc' dir='ltr'>τὸ</span> <span class='ocrx_word' id='word_1_216' title='bbox 1140 2138 1301 2197; x_wconf 80' lang='grc' dir='ltr'>σέλας,</span> <span class='ocrx_word' id='word_1_217' title='bbox 1343 2136 1578 2189; x_wconf 81' lang='grc' dir='ltr'>ἀνάλωτοι</span> <span class='ocrx_word' id='word_1_218' title='bbox 1621 2138 1706 2201; x_wconf 80' lang='grc' dir='ltr'>μὲν</span> 
     </span>
     <span class='ocr_line' id='line_1_27' title="bbox 125 2217 1706 2287; baseline 0 -17"><span class='ocrx_word' id='word_1_219' title='bbox 125 2217 331 2283; x_wconf 81' lang='grc' dir='ltr'>ἐσόμεθα</span> <span class='ocrx_word' id='word_1_220' title='bbox 361 2225 457 2273; x_wconf 87' lang='grc' dir='ltr'>τοῖς</span> <span class='ocrx_word' id='word_1_221' title='bbox 490 2221 684 2287; x_wconf 86' lang='grc' dir='ltr'>ἐχθροῖς,</span> <span class='ocrx_word' id='word_1_222' title='bbox 712 2220 1021 2272; x_wconf 80' lang='grc' dir='ltr'>διεκδύνοντες</span> <span class='ocrx_word' id='word_1_223' title='bbox 1054 2218 1101 2270; x_wconf 79' lang='grc' dir='ltr'>δὲ</span> <span class='ocrx_word' id='word_1_224' title='bbox 1137 2218 1195 2269; x_wconf 79' lang='grc' dir='ltr'>τὰ</span> <span class='ocrx_word' id='word_1_225' title='bbox 1230 2220 1279 2269; x_wconf 89' lang='grc' dir='ltr'>ἐκ</span> <span class='ocrx_word' id='word_1_226' title='bbox 1315 2220 1437 2272; x_wconf 86' lang='grc' dir='ltr'>θείας</span> <span class='ocrx_word' id='word_1_227' title='bbox 1469 2221 1625 2286; x_wconf 79' lang='grc' dir='ltr'>ὀργῆς,</span> <span class='ocrx_word' id='word_1_228' title='bbox 1657 2222 1706 2271; x_wconf 86' lang='grc' dir='ltr'>ἐν</span> 
     </span>
    </p>

    <p class='ocr_par' dir='ltr' id='par_1_7' title="bbox 58 2301 1705 2451">
     <span class='ocr_line' id='line_1_28' title="bbox 58 2301 1705 2372; baseline -0.001 -18"><span class='ocrx_word' id='word_1_229' title='bbox 58 2326 106 2365; x_wconf 89' lang='lat'>25</span> <span class='ocrx_word' id='word_1_230' title='bbox 129 2305 259 2369; x_wconf 77' lang='grc' dir='ltr'>καλῷ</span> <span class='ocrx_word' id='word_1_231' title='bbox 295 2301 500 2365; x_wconf 88' lang='grc' dir='ltr'>ἐσόμεθα</span> <span class='ocrx_word' id='word_1_232' title='bbox 549 2305 632 2366; x_wconf 81' lang='grc' dir='ltr'>τῆς</span> <span class='ocrx_word' id='word_1_233' title='bbox 682 2301 859 2353; x_wconf 78' lang='grc' dir='ltr'>ἄνωθεν</span> <span class='ocrx_word' id='word_1_234' title='bbox 910 2302 1137 2365; x_wconf 84' lang='grc' dir='ltr'>εὐθυμίας,</span> <span class='ocrx_word' id='word_1_235' title='bbox 1183 2304 1257 2352; x_wconf 82' lang='grc' dir='ltr'>καὶ</span> <span class='ocrx_word' id='word_1_236' title='bbox 1308 2303 1356 2352; x_wconf 87' lang='grc' dir='ltr'>ἐν</span> <span class='ocrx_word' id='word_1_237' title='bbox 1407 2306 1607 2372; x_wconf 76' lang='grc' dir='ltr'>Χριστῷ</span> <span class='ocrx_word' id='word_1_238' title='bbox 1648 2302 1705 2365; x_wconf 85' lang='grc' dir='ltr'>δὴ</span> 
     </span>
     <span class='ocr_line' id='line_1_29' title="bbox 126 2383 713 2451; baseline 0.003 -18"><span class='ocrx_word' id='word_1_239' title='bbox 126 2383 314 2437; x_wconf 88' lang='grc' dir='ltr'>πάντως</span> <span class='ocrx_word' id='word_1_240' title='bbox 352 2383 713 2451; x_wconf 82' lang='grc' dir='ltr'>εὐημερήσομεν.</span> 
     </span>
    </p>
   </div>
   <div class='ocr_carea' id='block_1_7' title="bbox 131 2524 1707 2617">
    <p class='ocr_par' dir='ltr' id='par_1_8' title="bbox 131 2524 1707 2617">
     <span class='ocr_line' id='line_1_30' title="bbox 188 2524 1706 2571; baseline 0.001 -13"><span class='ocrx_word' id='word_1_241' title='bbox 188 2536 217 2559; x_wconf 90' lang='lat'>1.</span> <span class='ocrx_word' id='word_1_242' title='bbox 245 2525 480 2571; x_wconf 82' lang='grc' dir='ltr'>κατεργάζεται</span> <span class='ocrx_word' id='word_1_243' title='bbox 498 2525 587 2560; x_wconf 83' lang='grc' dir='ltr'><strong>Α.Β.</strong></span> <span class='ocrx_word' id='word_1_244' title='bbox 606 2525 778 2570; x_wconf 82' lang='grc' dir='ltr'>ἐργάζεται</span> <span class='ocrx_word' id='word_1_245' title='bbox 799 2525 890 2559; x_wconf 87' lang='lat' dir='ltr'>Edd.</span> <span class='ocrx_word' id='word_1_246' title='bbox 940 2526 979 2569; x_wconf 82' lang='grc' dir='ltr'>δὴ</span> <span class='ocrx_word' id='word_1_247' title='bbox 993 2524 1066 2571; x_wconf 76' lang='grc' dir='ltr'>οὖν]</span> <span class='ocrx_word' id='word_1_248' title='bbox 1088 2525 1123 2558; x_wconf 81' lang='grc' dir='ltr'>δὲ</span> <span class='ocrx_word' id='word_1_249' title='bbox 1138 2526 1234 2559; x_wconf 78' lang='grc' dir='ltr'>οὐδὲν</span> <span class='ocrx_word' id='word_1_250' title='bbox 1248 2525 1312 2568; x_wconf 75' lang='lat' dir='ltr'>(sic</span> <span class='ocrx_word' id='word_1_251' title='bbox 1331 2524 1391 2559; x_wconf 87' lang='lat' dir='ltr'>Sed</span> <span class='ocrx_word' id='word_1_252' title='bbox 1410 2524 1517 2559; x_wconf 80' lang='lat' dir='ltr'>addas</span> <span class='ocrx_word' id='word_1_253' title='bbox 1534 2525 1649 2568; x_wconf 79' lang='grc' dir='ltr'>ἧττον)</span> <span class='ocrx_word' id='word_1_254' title='bbox 1665 2525 1706 2559; x_wconf 87' lang='grc' dir='ltr'>Α.</span> 
     </span>
     <span class='ocr_line' id='line_1_31' title="bbox 131 2570 1707 2617; baseline 0 -11"><span class='ocrx_word' id='word_1_255' title='bbox 131 2583 163 2606; x_wconf 85' lang='lat'>2.</span> <span class='ocrx_word' id='word_1_256' title='bbox 189 2570 257 2617; x_wconf 82' lang='grc' dir='ltr'>ὅτι]</span> <span class='ocrx_word' id='word_1_257' title='bbox 289 2577 326 2612; x_wconf 80' lang='grc' dir='ltr'>-Ι-</span> <span class='ocrx_word' id='word_1_258' title='bbox 355 2573 394 2606; x_wconf 85' lang='grc' dir='ltr'>οὐ</span> <span class='ocrx_word' id='word_1_259' title='bbox 425 2572 515 2606; x_wconf 88' lang='lat' dir='ltr'>Edd.</span> <span class='ocrx_word' id='word_1_260' title='bbox 542 2572 822 2617; x_wconf 82' lang='lat' dir='ltr'>repugnantibus</span> <span class='ocrx_word' id='word_1_261' title='bbox 849 2572 939 2605; x_wconf 73' lang='lat' dir='ltr'>AB.</span> <span class='ocrx_word' id='word_1_262' title='bbox 1009 2572 1135 2606; x_wconf 82' lang='lat' dir='ltr'>Statim</span> <span class='ocrx_word' id='word_1_263' title='bbox 1160 2576 1226 2606; x_wconf 84' lang='grc' dir='ltr'>τῶν</span> <span class='ocrx_word' id='word_1_264' title='bbox 1252 2571 1322 2615; x_wconf 80' lang='grc' dir='ltr'>μετ’</span> <span class='ocrx_word' id='word_1_265' title='bbox 1347 2584 1409 2616; x_wconf 85' lang='lat' dir='ltr'>pro</span> <span class='ocrx_word' id='word_1_266' title='bbox 1434 2574 1535 2615; x_wconf 84' lang='grc' dir='ltr'>μετὸν</span> <span class='ocrx_word' id='word_1_267' title='bbox 1561 2573 1639 2615; x_wconf 86' lang='lat' dir='ltr'>(sic)</span> <span class='ocrx_word' id='word_1_268' title='bbox 1663 2573 1707 2606; x_wconf 85' lang='lat' dir='ltr'>A.</span> 
     </span>
    </p>
   </div>
   <div class='ocr_carea' id='block_1_8' title="bbox 129 2618 1712 3084">
    <p class='ocr_par' dir='ltr' id='par_1_9' title="bbox 129 2618 1712 3084">
     <span class='ocr_line' id='line_1_32' title="bbox 130 2618 1711 2664; baseline 0.001 -12"><span class='ocrx_word' id='word_1_269' title='bbox 130 2630 163 2663; x_wconf 83' lang='lat'>3.</span> <span class='ocrx_word' id='word_1_270' title='bbox 189 2619 374 2653; x_wconf 85' lang='grc' dir='ltr'>καθικνεῖτο</span> <span class='ocrx_word' id='word_1_271' title='bbox 396 2619 436 2653; x_wconf 86' lang='grc' dir='ltr'>Β.</span> <span class='ocrx_word' id='word_1_272' title='bbox 456 2619 655 2653; x_wconf 86' lang='grc' dir='ltr'>καθικνεῖται</span> <span class='ocrx_word' id='word_1_273' title='bbox 674 2620 716 2653; x_wconf 89' lang='lat' dir='ltr'>A.</span> <span class='ocrx_word' id='word_1_274' title='bbox 735 2619 902 2652; x_wconf 82' lang='grc' dir='ltr'>καθικεῖτο</span> <span class='ocrx_word' id='word_1_275' title='bbox 916 2618 1006 2663; x_wconf 82' lang='lat' dir='ltr'>(sic)</span> <span class='ocrx_word' id='word_1_276' title='bbox 1022 2618 1114 2653; x_wconf 88' lang='lat' dir='ltr'>Edd.</span> <span class='ocrx_word' id='word_1_277' title='bbox 1258 2631 1290 2661; x_wconf 90' lang='lat'>4.</span> <span class='ocrx_word' id='word_1_278' title='bbox 1317 2618 1493 2664; x_wconf 79' lang='grc' dir='ltr'>αὐχμώδη]</span> <span class='ocrx_word' id='word_1_279' title='bbox 1514 2619 1711 2663; x_wconf 81' lang='grc' dir='ltr'>αὐχμώδους</span> 
     </span>
     <span class='ocr_line' id='line_1_33' title="bbox 129 2665 1710 2710; baseline 0.001 -11"><span class='ocrx_word' id='word_1_280' title='bbox 129 2665 189 2700; x_wconf 80' lang='lat' dir='ltr'>iid.</span> <span class='ocrx_word' id='word_1_281' title='bbox 208 2666 326 2699; x_wconf 77' lang='lat' dir='ltr'>invitis</span> <span class='ocrx_word' id='word_1_282' title='bbox 343 2666 435 2700; x_wconf 86' lang='lat' dir='ltr'>A.B.</span> <span class='ocrx_word' id='word_1_283' title='bbox 485 2667 538 2700; x_wconf 78' lang='grc' dir='ltr'>καὶ</span> <span class='ocrx_word' id='word_1_284' title='bbox 557 2678 626 2699; x_wconf 83' lang='lat' dir='ltr'>om.</span> <span class='ocrx_word' id='word_1_285' title='bbox 646 2666 689 2700; x_wconf 87' lang='lat' dir='ltr'>A.</span> <span class='ocrx_word' id='word_1_286' title='bbox 1010 2675 1043 2709; x_wconf 83' lang='lat'>5.</span> <span class='ocrx_word' id='word_1_287' title='bbox 1069 2667 1172 2709; x_wconf 85' lang='grc' dir='ltr'>μόνον</span> <span class='ocrx_word' id='word_1_288' title='bbox 1188 2665 1223 2699; x_wconf 81' lang='grc' dir='ltr'>δέ</span> <span class='ocrx_word' id='word_1_289' title='bbox 1242 2666 1318 2710; x_wconf 76' lang='grc' dir='ltr'>οὐχὶ</span> <span class='ocrx_word' id='word_1_290' title='bbox 1338 2678 1399 2710; x_wconf 85' lang='lat' dir='ltr'>pro</span> <span class='ocrx_word' id='word_1_291' title='bbox 1415 2667 1594 2710; x_wconf 80' lang='grc' dir='ltr'>μονονουχὶ</span> <span class='ocrx_word' id='word_1_292' title='bbox 1612 2666 1648 2699; x_wconf 80' lang='grc' dir='ltr'>δὲ</span> <span class='ocrx_word' id='word_1_293' title='bbox 1666 2667 1710 2700; x_wconf 85' lang='lat' dir='ltr'>A.</span> 
     </span>
     <span class='ocr_line' id='line_1_34' title="bbox 131 2711 1709 2758; baseline 0.001 -13"><span class='ocrx_word' id='word_1_294' title='bbox 131 2711 164 2745; x_wconf 91' lang='lat'>6.</span> <span class='ocrx_word' id='word_1_295' title='bbox 191 2711 337 2757; x_wconf 78' lang='grc' dir='ltr'>θύγατερ</span> <span class='ocrx_word' id='word_1_296' title='bbox 358 2712 399 2746; x_wconf 89' lang='grc' dir='ltr'>Β.</span> <span class='ocrx_word' id='word_1_297' title='bbox 418 2713 567 2758; x_wconf 85' lang='grc' dir='ltr'>θυγάτηρ</span> <span class='ocrx_word' id='word_1_298' title='bbox 587 2712 678 2746; x_wconf 82' lang='lat' dir='ltr'>Edd.</span> <span class='ocrx_word' id='word_1_299' title='bbox 731 2711 856 2746; x_wconf 77' lang='lat' dir='ltr'>Statim</span> <span class='ocrx_word' id='word_1_300' title='bbox 875 2711 899 2745; x_wconf 79' lang='grc' dir='ltr'><em>ὦ</em></span> <span class='ocrx_word' id='word_1_301' title='bbox 918 2724 987 2746; x_wconf 91' lang='lat' dir='ltr'>om.</span> <span class='ocrx_word' id='word_1_302' title='bbox 1007 2712 1051 2746; x_wconf 81' lang='lat' dir='ltr'>A.</span> <span class='ocrx_word' id='word_1_303' title='bbox 1251 2721 1281 2756; x_wconf 88' lang='lat'>7.</span> <span class='ocrx_word' id='word_1_304' title='bbox 1308 2713 1434 2746; x_wconf 79' lang='grc' dir='ltr'>αὐλίων</span> <span class='ocrx_word' id='word_1_305' title='bbox 1451 2724 1512 2757; x_wconf 85' lang='lat' dir='ltr'>pro</span> <span class='ocrx_word' id='word_1_306' title='bbox 1529 2713 1648 2746; x_wconf 76' lang='grc' dir='ltr'>ἄθλιον</span> <span class='ocrx_word' id='word_1_307' title='bbox 1664 2713 1709 2747; x_wconf 83' lang='grc' dir='ltr'>Α.</span> 
     </span>
     <span class='ocr_line' id='line_1_35' title="bbox 131 2758 1711 2804; baseline -0.001 -11"><span class='ocrx_word' id='word_1_308' title='bbox 131 2760 164 2793; x_wconf 89' lang='grc'>8.</span> <span class='ocrx_word' id='word_1_309' title='bbox 190 2759 385 2804; x_wconf 85' lang='grc' dir='ltr'>προσθεῖσα</span> <span class='ocrx_word' id='word_1_310' title='bbox 403 2760 463 2804; x_wconf 74' lang='grc' dir='ltr'>ἤδη</span> <span class='ocrx_word' id='word_1_311' title='bbox 482 2772 544 2804; x_wconf 86' lang='lat' dir='ltr'>pro</span> <span class='ocrx_word' id='word_1_312' title='bbox 561 2760 725 2803; x_wconf 86' lang='grc' dir='ltr'>προκείσῃ</span> <span class='ocrx_word' id='word_1_313' title='bbox 744 2759 783 2802; x_wconf 87' lang='grc' dir='ltr'>δὴ</span> <span class='ocrx_word' id='word_1_314' title='bbox 802 2759 846 2792; x_wconf 89' lang='lat' dir='ltr'>A.</span> <span class='ocrx_word' id='word_1_315' title='bbox 1125 2770 1157 2804; x_wconf 89' lang='lat'>9.</span> <span class='ocrx_word' id='word_1_316' title='bbox 1185 2758 1242 2804; x_wconf 68' lang='grc' dir='ltr'>σε’]</span> <span class='ocrx_word' id='word_1_317' title='bbox 1263 2759 1320 2793; x_wconf 82' lang='grc' dir='ltr'>σοὶ</span> <span class='ocrx_word' id='word_1_318' title='bbox 1338 2759 1429 2793; x_wconf 85' lang='lat' dir='ltr'>Edd.</span> <span class='ocrx_word' id='word_1_319' title='bbox 1477 2759 1651 2799; x_wconf 83' lang='grc' dir='ltr'>βασιλέων</span> <span class='ocrx_word' id='word_1_320' title='bbox 1667 2760 1711 2793; x_wconf 91' lang='lat' dir='ltr'>A.</span> 
     </span>
     <span class='ocr_line' id='line_1_36' title="bbox 136 2805 1711 2852; baseline 0.001 -13"><span class='ocrx_word' id='word_1_321' title='bbox 136 2816 188 2839; x_wconf 80' lang='lat'>12.</span> <span class='ocrx_word' id='word_1_322' title='bbox 214 2805 316 2852; x_wconf 83' lang='grc' dir='ltr'>αὐτῇ]</span> <span class='ocrx_word' id='word_1_323' title='bbox 336 2806 450 2842; x_wconf 84' lang='grc' dir='ltr'>αὐταῖς</span> <span class='ocrx_word' id='word_1_324' title='bbox 468 2807 511 2840; x_wconf 91' lang='lat' dir='ltr'>A.</span> <span class='ocrx_word' id='word_1_325' title='bbox 530 2807 640 2840; x_wconf 80' lang='lat' dir='ltr'>invito</span> <span class='ocrx_word' id='word_1_326' title='bbox 658 2806 691 2839; x_wconf 92' lang='lat' dir='ltr'>b.</span> <span class='ocrx_word' id='word_1_327' title='bbox 865 2816 918 2849; x_wconf 81' lang='lat'>13.</span> <span class='ocrx_word' id='word_1_328' title='bbox 944 2805 987 2848; x_wconf 90' lang='grc' dir='ltr'>μὴ</span> <span class='ocrx_word' id='word_1_329' title='bbox 1006 2816 1075 2838; x_wconf 89' lang='lat' dir='ltr'>om.</span> <span class='ocrx_word' id='word_1_330' title='bbox 1094 2805 1134 2839; x_wconf 89' lang='lat' dir='ltr'>A.</span> <span class='ocrx_word' id='word_1_331' title='bbox 1155 2805 1259 2839; x_wconf 81' lang='lat' dir='ltr'>habet</span> <span class='ocrx_word' id='word_1_332' title='bbox 1277 2806 1311 2839; x_wconf 92' lang='lat' dir='ltr'>b.</span> <span class='ocrx_word' id='word_1_333' title='bbox 1505 2817 1556 2850; x_wconf 78' lang='lat'>17.</span> <span class='ocrx_word' id='word_1_334' title='bbox 1582 2806 1711 2849; x_wconf 80' lang='grc' dir='ltr'>Βόθρον</span> 
     </span>
     <span class='ocr_line' id='line_1_37' title="bbox 134 2851 1709 2897; baseline 0 -11"><span class='ocrx_word' id='word_1_335' title='bbox 134 2851 227 2886; x_wconf 85' lang='lat' dir='ltr'>Edd.</span> <span class='ocrx_word' id='word_1_336' title='bbox 587 2853 639 2886; x_wconf 85' lang='lat'>18.</span> <span class='ocrx_word' id='word_1_337' title='bbox 665 2852 923 2897; x_wconf 84' lang='grc' dir='ltr'>προσπίπτουσι</span> <span class='ocrx_word' id='word_1_338' title='bbox 944 2852 984 2885; x_wconf 87' lang='lat' dir='ltr'>B.</span> <span class='ocrx_word' id='word_1_339' title='bbox 1003 2852 1278 2896; x_wconf 84' lang='grc' dir='ltr'>παρεμπίπτουσι</span> <span class='ocrx_word' id='word_1_340' title='bbox 1296 2853 1339 2885; x_wconf 92' lang='grc' dir='ltr'>Α.</span> <span class='ocrx_word' id='word_1_341' title='bbox 1357 2854 1599 2896; x_wconf 84' lang='grc' dir='ltr'>περιπίπτουσι</span> <span class='ocrx_word' id='word_1_342' title='bbox 1618 2853 1709 2886; x_wconf 79' lang='lat' dir='ltr'>Edd.</span> 
     </span>
     <span class='ocr_line' id='line_1_38' title="bbox 131 2898 1710 2944; baseline 0 -11"><span class='ocrx_word' id='word_1_343' title='bbox 131 2898 356 2944; x_wconf 82' lang='grc' dir='ltr'>περιπταίειν]</span> <span class='ocrx_word' id='word_1_344' title='bbox 376 2901 573 2944; x_wconf 85' lang='grc' dir='ltr'>περιπεσεῖν</span> <span class='ocrx_word' id='word_1_345' title='bbox 590 2900 633 2933; x_wconf 92' lang='grc' dir='ltr'>Α.</span> <span class='ocrx_word' id='word_1_346' title='bbox 795 2899 916 2943; x_wconf 84' lang='lat'>19—26.</span> <span class='ocrx_word' id='word_1_347' title='bbox 935 2898 1440 2944; x_wconf 75' lang='grc' dir='ltr'>Ψάλλωμεν-εὐημερήσομεν]</span> <span class='ocrx_word' id='word_1_348' title='bbox 1463 2900 1558 2933; x_wconf 71' lang='lat' dir='ltr'>Hae:</span> <span class='ocrx_word' id='word_1_349' title='bbox 1577 2911 1646 2933; x_wconf 83' lang='lat' dir='ltr'>om.</span> <span class='ocrx_word' id='word_1_350' title='bbox 1669 2899 1710 2934; x_wconf 83' lang='grc' dir='ltr'>Β.</span> 
     </span>
     <span class='ocr_line' id='line_1_39' title="bbox 138 2945 1710 2991; baseline 0 -11"><span class='ocrx_word' id='word_1_351' title='bbox 138 2957 190 2989; x_wconf 80' lang='lat'>19.</span> <span class='ocrx_word' id='word_1_352' title='bbox 215 2945 317 2990; x_wconf 81' lang='grc' dir='ltr'>πρὸς]</span> <span class='ocrx_word' id='word_1_353' title='bbox 342 2951 377 2987; x_wconf 58' lang='grc' dir='ltr'>-ί-</span> <span class='ocrx_word' id='word_1_354' title='bbox 399 2947 456 2980; x_wconf 84' lang='grc' dir='ltr'>τὸν</span> <span class='ocrx_word' id='word_1_355' title='bbox 475 2945 566 2980; x_wconf 85' lang='lat' dir='ltr'>Edd.</span> <span class='ocrx_word' id='word_1_356' title='bbox 805 2956 859 2979; x_wconf 89' lang='lat'>21.</span> <span class='ocrx_word' id='word_1_357' title='bbox 885 2960 949 2988; x_wconf 90' lang='grc' dir='ltr'>μου</span> <span class='ocrx_word' id='word_1_358' title='bbox 967 2952 1186 2990; x_wconf 74' lang='lat' dir='ltr'>assumptum</span> <span class='ocrx_word' id='word_1_359' title='bbox 1205 2958 1245 2979; x_wconf 87' lang='lat' dir='ltr'>ex</span> <span class='ocrx_word' id='word_1_360' title='bbox 1266 2948 1307 2980; x_wconf 84' lang='lat' dir='ltr'>A.</span> <span class='ocrx_word' id='word_1_361' title='bbox 1548 2957 1602 2980; x_wconf 85' lang='lat'>22.</span> <span class='ocrx_word' id='word_1_362' title='bbox 1626 2945 1710 2991; x_wconf 78' lang='grc' dir='ltr'>γὰρ]</span> 
     </span>
     <span class='ocr_line' id='line_1_40' title="bbox 139 2991 1712 3038; baseline 0.001 -12"><span class='ocrx_word' id='word_1_363' title='bbox 139 2998 174 3032; x_wconf 64' lang='lat' dir='ltr'>—st-</span> <span class='ocrx_word' id='word_1_364' title='bbox 196 2995 242 3037; x_wconf 82' lang='grc' dir='ltr'>τῷ</span> <span class='ocrx_word' id='word_1_365' title='bbox 262 2992 353 3027; x_wconf 90' lang='lat' dir='ltr'>Edd.</span> <span class='ocrx_word' id='word_1_366' title='bbox 371 2993 481 3027; x_wconf 89' lang='lat' dir='ltr'>invito</span> <span class='ocrx_word' id='word_1_367' title='bbox 498 2994 541 3026; x_wconf 89' lang='lat' dir='ltr'>A.</span> <span class='ocrx_word' id='word_1_368' title='bbox 617 2992 742 3025; x_wconf 78' lang='lat' dir='ltr'>Statim</span> <span class='ocrx_word' id='word_1_369' title='bbox 768 2991 1035 3037; x_wconf 79' lang='grc' dir='ltr'>κατιιυγασμένοι</span> <span class='ocrx_word' id='word_1_370' title='bbox 1060 2992 1119 3026; x_wconf 87' lang='lat' dir='ltr'>iid.</span> <span class='ocrx_word' id='word_1_371' title='bbox 1193 2994 1245 3026; x_wconf 83' lang='grc' dir='ltr'>καὶ</span> <span class='ocrx_word' id='word_1_372' title='bbox 1271 2993 1329 3026; x_wconf 81' lang='lat' dir='ltr'>alt.</span> <span class='ocrx_word' id='word_1_373' title='bbox 1355 3000 1578 3038; x_wconf 79' lang='lat' dir='ltr'><strong>assumptum</strong></span> <span class='ocrx_word' id='word_1_374' title='bbox 1603 3006 1643 3027; x_wconf 84' lang='lat' dir='ltr'>ex</span> <span class='ocrx_word' id='word_1_375' title='bbox 1668 2994 1712 3028; x_wconf 75' lang='lat' dir='ltr'>A.</span> 
     </span>
     <span class='ocr_line' id='line_1_41' title="bbox 138 3038 1479 3084; baseline 0 -12"><span class='ocrx_word' id='word_1_376' title='bbox 138 3050 192 3081; x_wconf 82' lang='lat'>24.</span> <span class='ocrx_word' id='word_1_377' title='bbox 219 3040 254 3072; x_wconf 79' lang='grc' dir='ltr'>δέ</span> <span class='ocrx_word' id='word_1_378' title='bbox 275 3046 352 3084; x_wconf 87' lang='lat' dir='ltr'>post</span> <span class='ocrx_word' id='word_1_379' title='bbox 370 3041 461 3084; x_wconf 85' lang='grc' dir='ltr'>καλῳ</span> <span class='ocrx_word' id='word_1_380' title='bbox 479 3045 610 3083; x_wconf 76' lang='lat' dir='ltr'>transp.</span> <span class='ocrx_word' id='word_1_381' title='bbox 634 3038 724 3072; x_wconf 83' lang='lat' dir='ltr'>Edd.</span> <span class='ocrx_word' id='word_1_382' title='bbox 911 3050 966 3082; x_wconf 86' lang='lat'>25.</span> <span class='ocrx_word' id='word_1_383' title='bbox 994 3040 1173 3082; x_wconf 81' lang='grc' dir='ltr'>κεισόμεθα</span> <span class='ocrx_word' id='word_1_384' title='bbox 1192 3052 1254 3084; x_wconf 80' lang='lat' dir='ltr'><strong>pl&#39;O</strong></span> <span class='ocrx_word' id='word_1_385' title='bbox 1271 3040 1418 3083; x_wconf 79' lang='grc' dir='ltr'>ἐσόμεθα</span> <span class='ocrx_word' id='word_1_386' title='bbox 1437 3041 1479 3073; x_wconf 85' lang='grc' dir='ltr'>Α.</span> 
     </span>
    </p>
   </div>
   <div class='ocr_carea' id='block_1_9' title="bbox 868 3110 990 3147">
    <p class='ocr_par' dir='ltr' id='par_1_10' title="bbox 868 3110 990 3147">
     <span class='ocr_line' id='line_1_42' title="bbox 868 3110 990 3147; baseline -0.008 0"><span class='ocrx_word' id='word_1_387' title='bbox 868 3110 990 3147; x_wconf 74' lang='lat' dir='ltr'>4Q2</span> 
     </span>
    </p>
   </div>
  </div>
 </body>
</html>
