2021 3434
293 191 376 230 390
694 191 743 230 Β.
787 189 1058 230 CYRILLI
1102 189 1478 230 ALEXANDR.
1750 189 1775 228 i.
1804 201 1866 228 11.

257 299 494 365 οάρχαίαν
535 304 787 350 πατοῦντες
831 297 1075 363 διαφορὰν,
1119 298 1334 360 ὁμονοίας
1373 299 1448 347 καὶ
1486 296 1664 362 εἰρήνης
1700 297 1864 348 πεποί-

295 405 428 443 ηνται
453 381 688 445 διαθήκας.
753 383 863 432 ἀλλ’
891 384 1050 432 ἐκεῖνοι
1084 381 1167 444 μὲν
1204 383 1253 432 ἐν
1289 381 1484 434 τούτοις.
1551 379 1692 449 Τύριοι
1716 379 1764 431 δὲ
1789 382 1870 443 τῆς

294 469 388 514 τῶν
412 461 620 531 ἀδελφῶν
646 461 848 524 διαθήκης
876 463 1302 528 ἀμνημονήσαντες,
1328 463 1387 513 τὰ
1416 463 1527 528 γένη
1553 462 1872 524 συνέβαλλον,

295 548 370 596 καὶ
405 546 600 599 δούλους
640 546 759 612 ε”χειν
795 546 1035 597 ἀνέπειθον
1072 545 1179 599 τοὺς
1217 546 1273 614 ἐξ
1307 545 1500 607 αἵματός
1534 568 1582 595 τε
1614 547 1689 595 καὶ
1727 546 1866 594 ἀδελ-

297 627 428 692 φοὺς,
454 633 553 680 ταῖς
578 627 706 693 παρὰ
731 631 874 695 σφῶν
901 628 1182 691 συμπνοίαις
1207 626 1333 678 πολὺ
1358 627 1466 677 λίαν
1489 624 1872 691 εὐσθενεστέρους
1891 643 1913 680 5

296 715 391 761 τῶν
433 708 781 775 κεκρατηκότων
826 709 1151 778 ἀποφήναντες
1187 709 1485 771 Ἰδουμαίους.
1550 712 1585 759 εἰ
1625 708 1673 758 δὲ
1712 707 1768 772 δή
1805 730 1874 761 τις

297 796 372 844 καὶ
411 793 478 844 ἐπ’
515 793 668 842 αὐτῶν
705 798 842 842 τοῦτο
883 791 1013 857 λέγοι
1051 795 1144 842 τῶν
1185 795 1471 853 Μωαβιτῶν,
1511 790 1553 842 οἳ
1591 790 1648 859 ἐξ
1682 790 1875 851 αἵματος

296 874 422 939 ἦσαν
466 880 548 925 τοῦ
592 874 718 937 Λὼτ,
758 874 828 925 ὅτι
879 873 1179 937 λελυπήκασι
1220 872 1364 943 Τύριοι
1409 870 1606 934 διαθήκην
1651 869 1874 940 ἀδελφῶν,

254 967 280 1007 d
299 960 443 1021 δῆλον
471 956 518 1008 δὲ
545 956 614 1007 ὅτι
638 956 722 1021 τὴν
748 956 804 1025 ἐξ
825 955 1049 1022 (Αβραὰμ
1073 954 1191 1020 πρὸς
1216 955 1298 1005 τὸν
1325 955 1452 1006 Λώτ.
1521 953 1674 1019 ἐπειδὴ
1709 953 1802 1020 γὰρ
1833 956 1875 1004 οἱ

76 1048 236 1123 gen-xm·
299 1042 476 1108 ἀμφοῖν
505 1039 794 1107 ἐμαχέσαντο
820 1038 1043 1101 ποιμένες,
1071 1047 1098 1067 “
1120 1036 1244 1089 Εῗπέ
1269 1042 1419 1106 φησιν
1442 1037 1636 1103 (Αβρὰμ
1670 1041 1736 1106 τῷ
1764 1037 1877 1088 Λώτ
1898 1058 1946 1083 10

102 1117 108 1122 Ι
299 1130 325 1151 “
355 1122 440 1186 Μὴ
467 1123 590 1173 ε”στω
616 1120 743 1190 μάχη
772 1120 859 1172 ἀνὰ
878 1121 1025 1182 μέσον
1051 1122 1162 1183 ἐμοῦ
1187 1124 1261 1171 καὶ
1287 1127 1391 1182 σοῦ,
1413 1123 1486 1171 καὶ
1511 1120 1599 1171 ἀνὰ
1618 1122 1766 1184 μέσον
1785 1125 1878 1171 τῶν

301 1215 327 1236 “
351 1209 583 1270 ποιμένων
616 1230 706 1270 μου
745 1209 818 1257 καὶ
857 1205 945 1257 ἀνὰ
976 1207 1123 1268 μέσον
1160 1210 1254 1256 τῶν
1286 1206 1517 1268 ποιμένων
1552 1229 1656 1269 σου,
1691 1205 1762 1256 ὅτι
1799 1206 1879 1255 ἀν-

301 1297 327 1319 “
353 1293 531 1356 θρωποι
569 1291 767 1356 ἀδελφοὶ
809 1290 935 1352 ἡμεῖς
978 1289 1158 1351 ἐσμε’ν.”
1223 1287 1650 1354 ἐμπρησθήσεσθαι
1695 1286 1751 1352 δὴ
1798 1288 1879 1338 οὖν

300 1371 517 1439 ταύτῃτοι
555 1372 738 1425 δικαίως
779 1373 929 1437 φησὶν
971 1370 1128 1434 αὐτὴν,
1163 1373 1239 1421 καὶ
1277 1370 1333 1438 ἐξ
1369 1371 1522 1420 αὐτῶν
1555 1368 1875 1434 κατασεισθή-

80 1464 184 1513 Exssd-
300 1458 474 1503 σεσθαι
492 1452 700 1518 βάθρων.
743 1451 796 1503 τὸ
822 1452 914 1518 γάρ
935 1460 961 1481 “
980 1453 1084 1502 Οὐκ
1110 1453 1197 1521 ε”σῃ
1221 1452 1337 1516 μετὰ
1362 1451 1593 1504 πλειόνων
1617 1453 1691 1504 ἐπὶ
1716 1453 1876 1521 κακίᾳ”
1902 1470 1947 1508 15

79 1518 167 1537 nm.
192 1517 218 1537 ²*
262 1564 282 1588 e
300 1536 535 1602 χρήσιμον
559 1538 793 1601 πανταχῆ.

239 1813 280 1837 11
305 1792 418 1834 Τάδε
455 1793 566 1839 ΛέΓει
595 1791 863 1849 ΚύριοςἘΠὶ
896 1789 988 1833 ταῖς
1026 1792 1156 1848 τρισὶν
1193 1790 1404 1841 ἀσεβείαις
1441 1791 1777 1841 τῆςἸὸουμαίαε
1812 1793 1881 1833 καὶ

371 1876 440 1917 ὲΠὶ
478 1873 568 1917 ταῖς
607 1878 843 1933 τέσσαρσιν,
881 1876 956 1916 οὐκ
996 1875 1386 1932 ἀποστραφήσομαι
1430 1876 1596 1927 αὐτοὺς,
1633 1877 1776 1917 ἕνεκεν
1811 1879 1883 1918 τοῦ

372 1958 523 2001 διῶξαι
549 1959 703 2000 αὐτοὺς
728 1959 772 1999 ἐν
800 1958 988 2017 ῥομφαία
1013 1959 1086 2000 τὸν
1112 1957 1302 2014 ἀδελφὸν
1330 1960 1486 2001 αὐτῶν.

381 2078 608 2128 Μέτεισιν
639 2080 664 2128 ὁ
699 2078 844 2145 λόγος
878 2078 946 2130 ἐπ’
974 2079 1115 2129 αὐτὸν
1149 2079 1236 2143 ἤδη
1268 2077 1350 2130 τὸν
1379 2076 1629 2148 ’molucam
1655 2081 1802 2144 δῆλον
1836 2078 1884 2131 δὲ
1904 2106 1951 2131 20
1986 2079 1988 2081 ¹

303 2158 374 2209 ὅτι
408 2159 514 2213 τοὺς
549 2161 606 2229 ἐξ
640 2161 818 2223 “Ησαῦ,
858 2161 1264 2229 ὑπενεχθήσεσθαι
1297 2161 1345 2213 δὲ
1384 2164 1458 2213 καὶ
1497 2160 1662 2217 αὐτοὺς
1699 2167 1794 2216 τοῖς
1831 2163 1888 2231 ἐξ

302 2241 447 2307 ὀργῆς
496 2243 845 2307 συμβαίνουσιν
895 2244 944 2294 εὖ
992 2245 1125 2307 μάλα
1177 2245 1314 2312 φησί.
1383 2244 1742 2309 πεπολεμήκασι
1790 2244 1884 2312 γὰρ

353 2434 385 2457 2.
411 2423 528 2457 ἐκεῖνοι
546 2424 637 2458 Α.Β.
656 2425 761 2459 ἐκεῖνο
780 2424 871 2459 Edd.
1227 2438 1260 2471 3.
1286 2427 1502 2467 συνέβαλλον
1521 2428 1562 2462 Β.
1582 2428 1773 2470 συνέβαλον
1792 2428 1882 2463 Edd.

304 2482 338 2512 4.
364 2469 487 2505 δόλους
499 2470 587 2515 (sic)
602 2472 646 2505 A.
699 2472 823 2505 Statim
839 2473 930 2517 ἔχειν
946 2472 1120 2507 ἀνέπειθον
1137 2473 1226 2507 Α.Β.
1244 2472 1284 2507 ἂν
1300 2475 1390 2518 ἔχειν
1406 2475 1539 2508 ἔπειθον
1557 2475 1648 2509 Edd.
1743 2486 1776 2521 5.
1796 2491 1883 2520 συμ-

303 2516 449 2562 molam]
471 2519 670 2561 συμπονίαις
689 2518 779 2553 Edd.
893 2519 925 2553 6.
944 2522 1190 2563 κεκρατηκότων
1200 2521 1244 2554 A.
1264 2521 1354 2555 Edd.
1373 2522 1622 2566 κεκρατημένων
1633 2522 1675 2556 Β.
1724 2522 1752 2556 εἷ
1770 2523 1805 2557 δὲ
1823 2522 1881 2568 δή]

306 2563 364 2596 Sic
381 2563 473 2597 edidi
491 2576 532 2598 ex
550 2564 594 2598 A.
614 2564 669 2609 (δή
689 2566 965 2610 suprascriptum
982 2567 1043 2608 A.)
1062 2567 1122 2611 ἤδη
1142 2567 1178 2601 δέ
1198 2567 1288 2601 Edd.
1411 2578 1441 2613 7.
1464 2569 1560 2614 λέγοι
1577 2569 1668 2603 A.B.
1687 2568 1771 2613 λέγῃ
1791 2569 1883 2604 Edd.

304 2608 337 2643 οἳ
348 2610 391 2643 A.
406 2610 540 2655 Migne.
555 2613 586 2644 οἱ
599 2612 689 2645 Edd.
802 2613 834 2646 8.
861 2612 948 2655 ἦσαν
965 2619 1188 2658 assumptum
1207 2626 1248 2647 ex
1265 2614 1356 2648 AB.
1415 2615 1466 2648 ὅτι
1483 2615 1712 2659 λελυπήκασι]
1731 2616 1783 2650 ὅτι
1799 2614 1884 2650 λελῦ

309 2682 315 2689 .
331 2683 337 2690 .
352 2671 430 2690 κασι
457 2657 612 2701 (duobus
630 2660 701 2692 fere
721 2659 787 2692 litt.
807 2660 928 2703 erasis)
956 2660 998 2694 A.
1018 2661 1067 2694 ὅτι
1094 2661 1153 2694 οὐκ
1178 2660 1396 2705 ἐμνήσθησαν
1420 2667 1456 2695 T.
1481 2662 1638 2706 διαθήκης
1661 2659 1823 2706 ἀ.“δῆλον
1847 2663 1884 2697 δὲ

304 2702 355 2736 ὅτι
373 2705 431 2747 τῆς
451 2703 491 2737 B.
724 2717 777 2739 10.
804 2703 892 2752 εἶπέ]
913 2704 1006 2741 εἶπον
1025 2706 1116 2741 Edd.
1357 2719 1408 2742 11.
1436 2709 1489 2742 καὶ
1505 2709 1567 2742 ἀνὰ
1582 2709 1691 2753 μέσον
1707 2713 1771 2744 τῶν
1787 2724 1882 2754 ποιμ-

303 2764 368 2791 μου
385 2751 438 2783 καὶ
455 2751 516 2784 ἀνὰ
532 2766 568 2795 μ.
586 2755 652 2786 τῶν
668 2767 704 2786 π.
724 2767 789 2786 σου
806 2764 876 2787 om.
897 2754 938 2787 Β.
1216 2764 1269 2799 15.
1295 2755 1350 2788 ἐπὶ
1367 2756 1461 2799 κακίᾳ
1479 2755 1570 2790 A.B.
1588 2756 1643 2790 ἐπὶ
1659 2756 1773 2792 κακίας
1790 2756 1882 2791 Edd.

307 2795 359 2828 16.
387 2799 601 2841 χρησάμενον
626 2811 688 2843 pro
712 2799 883 2844 χρήσιμον
908 2799 967 2834 iid.
1016 2799 1187 2846 πανταχῃ]
1214 2804 1387 2846 πανταχοῦ
1411 2802 1471 2836 iid.
1711 2803 1763 2837 18.
1789 2802 1884 2837 ἕνεκα

305 2841 394 2875 Α.Β.
415 2844 527 2887 (Vat.)
546 2844 655 2879 ἕνεκεν
676 2846 710 2879 F.
732 2846 823 2880 Edd.
844 2847 975 2890 (Alex.)
1167 2859 1218 2892 19.
1246 2848 1378 2903 διῶξαι]
1397 2849 1598 2892 καταδιώξαι
1617 2849 1654 2884 F.
1673 2849 1766 2884 Edd.
1785 2848 1883 2894 (42.)

303 2887 411 2922 αὐτῶν
429 2891 472 2923 A.
492 2891 584 2925 Aub.
605 2893 706 2926 αὐτοῦ
726 2892 767 2926 Β.
790 2893 890 2927 Pont.
907 2894 984 2929 τοὺς
1001 2894 1174 2939 ἀδελφοὺς
1190 2895 1298 2928 αὐτῶν
1316 2895 1352 2929 1⁴.
1745 2907 1800 2930 21.
1829 2897 1884 2930 καὶ

304 2945 374 2967 οῐη.
393 2935 436 2968 A.
765 2951 819 2973 22.
846 2942 956 2985 φησιν
972 2940 1009 2974 εὖ
1025 2942 1116 2985 μάλα
1133 2941 1202 2975 inv.
1222 2941 1342 2975 ordine
1363 2942 1403 2976 B.
1452 2942 1709 2987 πεπολεμήκασι
1729 2941 1812 2988 γὰρ]
1831 2942 1883 2976 ὅτι

304 2981 582 3024 πεπολεμήκασιν
601 2985 643 3017 Α.
