2021 3434
306 230 360 269 88
695 234 745 272 B.
791 233 1064 272 CYRILLI
1107 234 1483 276 ALEXANDR.
1700 236 1754 276 iii.
1774 250 1814 287 4,
1838 248 1877 289 5.
1925 220 1929 224 .

82 353 200 384 Ezech.
303 340 464 408 ὥσπερ
505 347 566 397 εἷς
608 343 761 394 πάντα
803 344 987 408 ἄνεμον·
1028 344 1257 409 ἄπρακτοι
1300 344 1348 395 δὲ
1388 347 1463 396 καὶ
1504 349 1565 398 εὶς
1605 348 1737 411 δεῦρο
1773 349 1878 413 περὶ

83 406 112 426 v.
136 406 184 429 ω’
302 423 384 474 τὸν
423 424 563 486 νόμον
601 428 731 487 εἰσὶν,
775 425 1163 490 ἐμπεπρησμένου
1199 425 1284 488 μὲν
1321 432 1404 477 τοῦ
1448 428 1496 477 ἐν
1536 431 1631 480 τοῖς
1667 428 1873 494 Ἱεροσο-

301 505 467 568 λύμοις
518 505 651 560 ὄντος
701 512 825 569 ναοῦ,
867 507 1204 575 περιῃρημένου
1249 531 1299 559 τε
1337 514 1419 559 τοῦ
1458 508 1764 578 θυσιαστηρίου,
1804 512 1879 560 καὶ

300 587 585 653 ἀνῃρημένης
621 586 787 650 θυσίαις,
823 591 897 639 καὶ
933 588 1172 655 ἀργούσης
1212 589 1477 657 ἱερωσύνης,
1510 592 1586 641 καὶ
1621 587 1758 651 δήλων
1792 592 1879 659 οὐχ

99 678 152 711 62
176 678 227 711 Α.
258 688 279 711 a
299 668 557 733 ὁρωμένων.
622 670 676 720 οὐ
711 669 803 737 γὰρ
837 671 970 724 ὄντος
1005 672 1250 739 ἀρχιερέως
1283 675 1564 738 ἱεροπρεπῶς
1588 673 1878 736 ἐσταλμένου
1898 697 1919 733 5

296 748 414 799 κατὰ
452 749 533 801 τὸν
573 750 731 814 νόμον,
759 757 858 806 πῶς
885 751 942 817 ἧν
977 754 1043 804 ε”τι
1074 751 1225 814 δήλους
1260 757 1399 815 ἷδεῖνς
1439 755 1486 805 τί
1509 753 1557 805 δὲ
1584 757 1658 805 καὶ
1685 758 1725 805 οἱ
1753 752 1877 814 δῆλοι

296 836 558 894 νομισθεῖεν
587 832 656 895 ἂν,
686 833 776 886 οἶδε
808 834 892 897 μὲν
926 835 1042 890 ἴσως
1068 837 1093 887 ὁ
1121 836 1402 905 φιλομαθὴς,
1431 838 1701 900 ὑπομνῆσαι
1729 835 1777 887 δὲ
1804 835 1879 887 διὰ

293 914 511 981 βραχέων
537 916 619 966 οὐκ
643 917 842 983 ἀκερδές.

359 994 479 1047 “Ore
520 996 579 1047 τὰ
630 1002 693 1051 εἷς
744 997 926 1060 κόσμον
975 1002 1058 1050 τοῦ
1105 1000 1351 1068 ἀρχιερέως
1400 1000 1622 1066 γενέσθαι
1666 1000 1871 1066 προστέ-

292 1100 433 1145 ταχεν
469 1079 492 1129 ὁ
525 1083 619 1130 τῶν
651 1079 777 1131 ὅλων
804 1080 939 1144 Θεὸς,
975 1081 1080 1132 τότε
1118 1082 1236 1149 πρὸς
1267 1082 1350 1133 τὸν
1383 1083 1502 1149 ἱερὸν
1537 1083 1628 1150 ἔφη
1664 1082 1878 1133 Μωυσέα
1902 1104 1947 1129 10
1996 1082 2000 1112 ³

72 1169 177 1243 Ξζέἰιίῑῐ-
292 1167 319 1190 “
350 1163 442 1211 Καὶ
483 1160 695 1225 ποιήσεις
739 1162 903 1228 λόγιον
945 1165 1140 1229 κρίσεως
1183 1165 1320 1230 ε”ργον
1360 1167 1588 1234 ὑφαντοῦ,
1635 1167 1877 1229 σπιθαμῆς

76 1238 195 1296 1}·„1({.
294 1254 320 1276 “
344 1246 397 1297 τὸ
447 1250 608 1310 μῆκος,
654 1250 729 1298 καὶ
776 1252 1019 1313 σπιθαμῆς
1062 1249 1116 1301 τὸ
1161 1251 1306 1316 εὖρος·
1358 1249 1647 1317 τετράγωνος
1694 1250 1875 1301 ε”ο-ται.”

293 1326 391 1380 εἶτα
446 1329 768 1398 προστέταχεν
818 1331 875 1400 ἐξ
934 1331 1159 1395 ὀνόματος
1222 1337 1316 1384 τῶν
1379 1337 1547 1401 φυλῶν
1608 1333 1878 1383 δυοκαίδεκα

72 1415 359 1479 Ιῢ-9,ιο-ὶ)τῷ
408 1411 726 1479 τεχνιτεύματι
767 1418 935 1482 σοφῶς
976 1417 1052 1464 καὶ
1101 1415 1321 1483 ἐντέχνως
1370 1416 1651 1485 ὑφαίνεσθαι
1696 1416 1874 1468 λίθους·

294 1493 375 1544 δύο
425 1493 573 1559 γεμὴν
622 1495 803 1560 ἑτέρους
852 1496 1032 1565 μεταξὺ
1083 1502 1178 1547 τῶν
1230 1498 1408 1560 ἄλλων,
1452 1496 1518 1551 οἷς
1555 1495 1613 1560 ἧν
1657 1496 1875 1561 ὀνόματα,
1901 1514 1946 1552 15

73 1591 121 1621 lb.
145 1589 193 1620 26.
292 1576 320 1639 ἡ
367 1575 577 1640 δήλωσις
629 1579 704 1628 καὶ
746 1578 774 1641 ἡ
828 1578 1035 1643 ἀλήθεια.
1123 1577 1221 1631 εἶτα
1277 1585 1416 1631 τοῦτο
1473 1579 1526 1630 τὸ
1579 1579 1744 1644 λόγιον
1795 1582 1878 1643 τῆς

72 1669 229 1708 Ib-24‚5·
294 1657 489 1723 κρίσεως
527 1661 576 1709 ἐκ
615 1662 696 1723 τῆς
734 1662 963 1723 ἐπωμίδος
1003 1667 1202 1728 χρυσαῖς
1241 1662 1494 1730 ἀπῃώρητο
1531 1666 1722 1728 σειραῖς·
1774 1663 1877 1713 ἐπε-

73 1757 190 1788 1b.26.
294 1741 459 1810 νήχετό
499 1766 548 1795 τε
584 1748 651 1814 τῷ
689 1747 870 1815 στέρνῳ
912 1752 995 1797 τοῦ
1033 1746 1292 1815 ἀρχιερέως,
1334 1750 1409 1798 καὶ
1448 1747 1574 1812 ἦσαν
1618 1751 1681 1801 εἷς
1731 1746 1878 1798 τύπον

71 1835 221 1865 5010211·
292 1830 374 1876 τοῦ
413 1825 722 1890 Ἐμμανουὴλ
767 1827 794 1891 ἡ
845 1827 1054 1892 δήλωσις
1105 1833 1180 1880 καὶ
1230 1830 1257 1893 ἡ
1309 1829 1520 1894 ἀλήθεια.
1585 1828 1740 1881 πάντα
1783 1827 1877 1895 γὰρ

73 1889 124 1909 xv.
146 1888 193 1917 15.

292 1905 321 1958 ἃ
360 1908 532 1972 ἤκουσε
584 1907 713 1972 παρὰ
757 1915 840 1960 τοῦ
888 1911 1092 1977 Πατρὸς,
1145 1911 1431 1978 ἀπήγγειλεν
1479 1912 1601 1975 ἡμῖν,
1667 1913 1742 1962 καὶ
1796 1914 1872 1962 δε-
1898 1930 1945 1955 20
1992 1920 1995 1981 ξ

292 1991 474 2058 δήλωκε
523 1992 576 2044 τὸ
635 1992 817 2057 θέλημα
869 2001 952 2046 τοῦ
1007 1995 1324 2061 γεννήσαντος
1377 1996 1533 2048 αὑτὸν·
1615 1998 1690 2047 καὶ
1737 1996 1871 2046 κατέ-

292 2097 475 2139 στησεν
516 2077 687 2141 ἐναργῆ
729 2079 811 2140 τῆς
854 2078 1090 2143 σωτηρίας
1134 2077 1218 2143 τὴν
1259 2080 1382 2130 ὀδόν.
1451 2078 1521 2130 ὅτι
1563 2078 1611 2129 δὲ
1655 2080 1758 2129 ἐστὶ
1800 2079 1876 2129 καὶ

255 2182 276 2208 e
295 2156 500 2220 ἀλήθεια,
543 2162 643 2212 πῶς
685 2156 742 2208 ἂν
786 2159 1040 2210 ἐνδοιάσειέ
1083 2183 1166 2224 τις,
1209 2162 1349 2212 αὐτοῦ
1398 2162 1621 2226 λέγοντος
1669 2161 1875 2226 ἐναργῶς

73 2251 208 2325 tI5b-xiv-
294 2246 321 2268 “
346 2238 476 2304 Ἐγώ
515 2243 604 2303 εἶμι
647 2240 674 2304 ἡ
714 2241 910 2305 ἀλήθεια
929 2240 968 2302 ;”
1010 2241 1086 2292 διὰ
1131 2249 1270 2294 τοῦτο
1310 2245 1385 2294 καὶ
1425 2244 1541 2311 αὐτῇ
1579 2246 1637 2311 τῇ
1675 2248 1758 2294 τοῦ
1792 2244 1876 2309 ἀρ-

98 2319 103 2325 ’
294 2321 478 2388 χιερέως
520 2321 802 2388 ἐπεκρέματο
846 2325 1025 2392 καρδίᾳ,
1063 2328 1314 2392 μονονουχὶ
1356 2329 1565 2386 βοῶντος
1603 2330 1686 2376 τοῦ
1726 2325 1876 2377 τύπου
1896 2347 1943 2385 25
1989 2355 2011 2397 j,

294 2406 367 2453 καὶ
412 2403 682 2472 ἀναφανδὸν
720 2404 1101 2471 ἀνακεκραγότος,
1140 2406 1210 2457 ὅτι
1250 2405 1332 2458 τὸν
1374 2411 1468 2458 τῶν
1510 2407 1636 2458 ὅλων
1676 2411 1876 2475 Σωτῆρα

295 2486 369 2534 καὶ
404 2485 658 2552 λυτρωτὴν,
690 2486 775 2551 τὴν
809 2486 1034 2552 ἀλήθειαν
1068 2490 1142 2539 καὶ
1176 2487 1260 2553 τὴν
1293 2488 1518 2553 δήλωσιν,
1552 2493 1614 2544 εἰς
1652 2495 1761 2541 νοῦν
1798 2492 1875 2542 καὶ

296 2567 486 2632 καρδίαν
521 2567 574 2619 τὸ
611 2567 731 2634 ἱερὸν
765 2569 857 2637 ἕξει
889 2570 1036 2635 γένος.
1100 2571 1247 2635 ἤγουν
1278 2571 1348 2621 ὅτι
1384 2571 1520 2622 πᾶσά
1545 2595 1644 2626 πως
1678 2571 1873 2638 ἀνάγκη,

295 2647 400 2702 τοὺς
450 2651 713 2716 ἱερουργοὺς
758 2653 826 2702 ἀεὶ
875 2655 1141 2716 μεμνῆσθαι
1191 2656 1420 2719 Χριστοῦ,
1471 2657 1546 2705 καὶ
1608 2656 1873 2706 ἐνοικοῦντα

297 2729 452 2798 φέρειν
487 2731 560 2782 διὰ
601 2739 682 2784 τοῦ
724 2733 1012 2798 Πνεύματος·
1074 2733 1196 2789 οἶκος
1239 2734 1288 2786 δὲ
1328 2737 1469 2787 αὐτοῦ
1513 2741 1619 2791 νοῦς
1657 2735 1872 2803 καθαρὸς,
1893 2754 1942 2790 30
1986 2731 2009 2758 ”’

346 2868 377 2900 5.
405 2859 622 2901 ἱεροπρεποῦς
641 2862 686 2896 D.
889 2874 920 2908 7.
946 2863 1004 2907 ἴση
1024 2863 1103 2909 (Sic)
1121 2864 1165 2898 D.
1373 2876 1426 2910 13.
1450 2865 1700 2911 προστέταχεν]
1720 2870 1756 2907 -Ι-
1773 2868 1791 2900 ὁ
1807 2869 1874 2901 τῶν

298 2903 386 2937 ὅλων
405 2907 488 2940 Θεὸς
505 2908 579 2940 τότε
596 2911 680 2950 πρὸς
697 2910 754 2943 τὸν
772 2910 861 2954 ἱερὸν
878 2911 957 2953 (Sic)
975 2923 992 2944 e
1011 2923 1115 2956 Supra
1134 2911 1180 2945 D.
1402 2923 1454 2954 14.
1480 2912 1710 2958 τεχνιτεύματι
1731 2913 1775 2947 D.
1794 2928 1873 2958 τεχ-

298 2950 472 2994 νητεύματι
493 2952 581 2987 Edd.
632 2956 683 2988 καὶ
701 2964 923 3000 assumptum
940 2969 980 2992 ex
1001 2958 1045 2992 D.
1222 2969 1276 2992 20.
1302 2956 1322 2991 ἃ
1339 2970 1408 2992 om.
1430 2958 1474 2992 D.
1645 2971 1700 3002 24.
1725 2960 1805 2994 αὐτὸ
1826 2961 1872 2994 D.

300 3009 354 3041 25.
383 2998 586 3042 ἐπεκρὲματο
607 3000 650 3034 D.
670 3002 784 3045 ιὶπεκρ.
808 3003 896 3038 Edd.
1096 3004 1150 3038 26.
1177 3008 1242 3039 τῶν
1260 3017 1328 3039 0111.
1351 3005 1393 3038 D.
1597 3007 1650 3040 28.
1677 3010 1742 3040 τῶν
1761 3006 1874 3052 ἱερέων

299 3056 360 3089 pro
380 3047 416 3077 τί]
436 3047 523 3088 ἱερὸν
545 3046 587 3080 U.
