2021 3434
79 192 132 231 ix.
157 192 193 231 6.
538 193 609 232 IN
651 192 847 232 AMOS.
909 192 1062 231 TOM.
1107 191 1184 230 lv,
1567 188 1647 226 535

80 303 279 369 θεμελιοῖ
312 304 382 354 ἐπὶ
423 303 495 364 τῆς
534 304 633 370 γῆς.
697 305 969 373 διέψευσται
995 302 1088 368 γὰρ
1118 302 1344 364 οὐδαμῶς,
1371 300 1659 362 ἀποπερανεῖ

80 385 128 435 δὲ
154 390 343 448 μᾶλλον
369 385 486 451 ἅπερ
521 384 577 436 ἂν
612 387 719 450 ἡμῖν
744 387 1084 452 ἐπαγγείληται
1117 386 1388 448 κατορθοῦν.
1453 380 1544 476 ἔφη
1571 375 1654 441 μὲν
1673 383 1699 423 d

200 467 221 484 (Ι

80 466 172 533 γὰρ
198 491 267 518 οτι
294 475 321 497 “
342 467 623 534 Συμφερει
601 474 719 532 υμῖν,
747 492 820 518 ινα
850 467 940 533 ἐγὼ
979 466 1186 518 ἀπέλθω·
1226 464 1306 515 εἀν
1336 462 1430 529 γὰρ
1461 459 1551 526 ἐγὼ
1590 458 1654 523 μὴ
1716 469 1863 543 Ξ-νῖἶῡαῐῑ-

81 558 107 578 “
135 549 342 607 ἀπελθω,
379 551 403 599 ὁ
440 550 755 616 Παράκλητος
794 550 846 600 οὐ
883 548 947 612 μὴ
982 549 1099 615 ε’λθῃ
1132 570 1249 613 προς
1285 547 1415 609 ὑμᾶς
1459 543 1571 594 όταν
1607 540 1655 592 δε
1804 531 1829 552 l

39 648 60 685 5
83 639 109 660 “
135 631 339 693 ἀπελθω,
379 633 556 700 πεμψω
598 631 737 682 αὐτὸν
778 629 895 697 πρὸς
939 632 1068 693 ὑμᾶς.
1166 627 1403 694 τοιγάρτοι
1445 626 1519 676 καὶ
1561 627 1656 676 τοῖς

82 714 229 778 ἁγίοις
267 712 556 767 ἀποστόλοις
593 713 856 764 κεκέλευκεν
890 720 916 741 “
934 711 1026 763 ἀπὸ
1054 708 1368 777 Ἰερουσαλὴμ
1407 705 1469 771 μὴ
1509 705 1651 772 χωρί-
1718 712 1868 787 YtaiSS·

83 804 109 824 ‘⁶
136 795 308 860 ζεσθαι,
359 796 614 862 περιμένειν
658 794 705 845 δὲ
748 793 833 857 τὴν
876 794 1162 859 ἐπαγγελίαν
1204 796 1286 842 τοῦ
1334 787 1522 853 Πατρὸς
1568 785 1655 850 ἢν”
1754 767 1784 797 Ρ·
1812 769 1859 794 ’4.

82 877 339 941 ἀκηκόασιν
377 879 534 928 αὐτοῦ.
601 876 710 927 ἀλλ’
739 876 888 945 ἐξέχεε
926 875 1168 928 πλουσίως
1206 874 1359 926 αὐτοῖς
1391 869 1475 934 τὴν
1508 867 1658 935 χάριν.

82 959 318 1026 τοιγάρτοι
355 960 430 1010 καὶ
467 957 695 1024 γεγόνασι
725 965 752 988 “
777 956 1026 1023 Μάρτυρες
1064 959 1145 1020 τῆς
1185 954 1324 1023 δόξης
1363 954 1504 1003 αὐτοῦ
1539 950 1586 1000 ε”ν
1613 972 1661 1000 τε

18 1049 110 1081 10“
136 1039 451 1107 Ἰερουσαλὴμ
501 1042 574 1090 καὶ
625 1041 674 1090 ἐν
716 1043 774 1107 τῇ
819 1037 1064 1107 Ἰουδαι’ᾳ,”
1111 1039 1186 1088 καὶ
1230 1038 1278 1087 ἐν
1318 1033 1453 1102 πάσῃ
1491 1036 1549 1101 τῇ
1587 1035 1663 1100 γῇ.
1726 1051 1823 1082 1b.8.

85 1125 158 1173 καὶ
209 1125 316 1173 καθ’
363 1123 518 1188 ἕτερον
559 1121 606 1172 δὲ
649 1120 824 1187 τρόπον
867 1119 1249 1188 τεθεμελιωμένην
1293 1115 1553 1183 εὑρήσομεν
1598 1113 1666 1173 τὴν

85 1208 372 1271 ἐπαγγελίαν
413 1206 555 1254 αὐτοῦ·
598 1202 972 1265 πεπιστεύκαμεν
1010 1202 1117 1268 γὰρ,
1162 1200 1233 1252 ὅτι
1280 1202 1355 1251 καὶ
1400 1200 1450 1249 ἐκ
1495 1201 1707 1263 νεκρῶνρ

84 1288 202 1350 ἡμᾶς
229 1289 385 1353 ἐγερεῖ,
412 1288 487 1336 καὶ
515 1290 695 1355 φθορᾶς
728 1285 940 1348 ἀμείνους
967 1283 1229 1351 ἐργάσεται,
1257 1284 1331 1333 καὶ
1360 1289 1386 1311 “
1404 1285 1668 1347 Μετασχη-
1730 1284 1815 1358 {³1¹¹st
1832 1283 1877 1314 ffi-

86 1378 112 1399 ‘⁶
138 1370 324 1433 ματίσει
362 1368 416 1419 τὸ
450 1372 593 1431 σῶμα
630 1370 711 1431 τῆς
749 1365 1074 1419 ταπεινώσεως
1114 1366 1245 1429 ἡμῶν
1282 1365 1571 1431 σύμμορφον
1602 1365 1670 1430 τῷ

20 1459 66 1497 15
87 1459 113 1481 ‘⁴
137 1450 324 1513 σώματι
362 1453 444 1514 τῆς
482 1449 623 1519 δόξης
661 1449 841 1511 αὐτοῦ,”
870 1453 945 1499 καὶ
983 1451 1065 1512 τῆς
1099 1449 1262 1498 ἑαυτοῦ
1294 1446 1544 1508 βασιλείας
1570 1466 1665 1494 κοι-

87 1532 256 1587 νωνοῦς
281 1531 548 1601 εἷσδέξεται.
638 1530 775 1585 αὐτὸς
814 1531 947 1584 οῦτός
978 1533 1108 1581 ἐστιν
1147 1536 1165 1582 ὁ
1206 1528 1592 1599 προσκαλούμενος
1623 1520 1669 1577 το

87 1615 192 1685 ὕδωρ
223 1615 296 1675 τῆς
341 1615 575 1674 θαλάσσης
618 1615 695 1665 καὶ
733 1613 894 1676 ἑκχεβων
935 1612 1039 1664 αὐτό
1079 1614 1151 1663 ἐπὶ
1192 1611 1425 1679 προσώπου
1463 1609 1536 1669 τῆς
1570 1607 1667 1673 γῆς,

87 1698 346 1760 τουτέστιν,
390 1697 414 1747 ὁ
453 1695 512 1747 τὰ
554 1694 698 1761 πικρά
734 1718 783 1746 τε
824 1697 898 1746 καὶ
943 1694 1242 1760 ἀπαράδεκτα
1282 1716 1356 1743 και
1395 1695 1457 1745 εἰς
1495 1693 1668 1758 χρῆσιν

89 1781 170 1830 οὐκ
203 1779 433 1843 ἐπιτήδεια
471 1780 727 1842 μετατιθεὶς
764 1781 826 1831 εἷς
864 1777 918 1828 τὸ
958 1779 1192 1845 ὠφελοῦν.
1277 1773 1547 1825 ‘o’moxrevec
1584 1797 1668 1835 μεν
1728 1780 1839 1854 125ch

22 1871 116 1902 20“
142 1861 233 1929 γὰρ
271 1860 324 1912 τὸ
362 1859 590 1926 γράμμα”
631 1860 685 1911 τὸ
726 1858 927 1922 νομικὸν,
970 1857 1093 1910 καθά
1135 1862 1286 1926 φησιν
1327 1858 1351 1907 ὁ
1385 1856 1707 1924 σοφώτατοςει
1734 1873 1817 1908 347
1836 1872 1885 1906 A.

92 1949 298 2006 Παῦλος,
326 1945 399 1994 καὶ
431 1943 560 1993 ε”στιν
591 1942 706 2006 αὐτὴ
733 1944 840 1993 καθ’
870 1940 1034 2006 ἑαυτὴν
1060 1938 1308 2009 ἀνωφελὴς
1333 1940 1359 2004 ἡ
1386 1939 1513 2001 σκιὰ,
1539 1937 1668 1988 ἀλλὰ

89 2027 279 2091 γε’γονεν
320 2026 429 2089 ἡμῖν
469 2030 564 2078 τοῖς
609 2030 798 2075 νοοῦσιν
839 2022 1177 2092 χρησιμωτάτη
1220 2024 1330 2073 λίαν
1368 2025 1430 2075 εἷς
1474 2021 1670 2073 σύνεσιν

90 2107 175 2171 τὴν
215 2109 288 2159 ἐπὶ
325 2110 536 2176 Χριστῷ,
578 2108 653 2156 καὶ
698 2105 826 2160 ὑετὸς
867 2103 1031 2172 ὥσπερ
1074 2127 1143 2158 τις
1182 2105 1420 2171 ἀνεδείχθη
1464 2126 1669 2167 πνευμα-

91 2188 226 2252 τικὸς,
267 2188 509 2255 κατάρδων
545 2188 722 2254 τρόπον
756 2186 859 2239 τινὰ
897 2186 981 2251 τὴν
1020 2186 1094 2238 ὑπ’
1128 2184 1337 2253 οὐρανόν·
1378 2185 1502 2250 ε’ίπερ
1540 2187 1671 2235 ἐστὶν

25 2291 72 2326 25
93 2271 262 2336 ἀληθὲς
297 2273 358 2324 ὡς
393 2272 418 2321 ὁ
454 2271 604 2321 πάλαι
643 2275 736 2323 τοῖς
775 2269 1091 2337 ἀρχαιοτέροις
1122 2267 1285 2334 πικρὸς
1321 2269 1395 2318 καὶ
1433 2265 1672 2335 ἀφόρητος

93 2352 244 2416 νόμος,
272 2353 462 2419 γέγονεν
489 2353 598 2416 ἡμῖν
622 2350 922 2417 παιδαγωγὸς
955 2353 1027 2402 ἐπὶ
1061 2349 1115 2402 τὸ
1150 2354 1366 2416 Χριστοῦ
1399 2350 1672 2415 μυστήριον,
1733 2357 1805 2388 Gal.
1822 2358 1867 2388 iii-

93 2438 154 2489 ὡς
193 2436 269 2486 καὶ
305 2437 354 2485 ἐν
392 2435 516 2503 αὐτῷ
551 2434 780 2485 δύνασθαι
811 2437 1142 2500 καρποφορεῖν,
1168 2431 1221 2483 τὸ
1253 2434 1335 2496 τῆς
1360 2435 1496 2484 σκιᾶς
1521 2429 1673 2498 πάχος
1735 2412 1784 2440 Μ’

147 2635 175 2658 1.
195 2622 360 2668 θεμελιοῖ]
381 2628 417 2663 4-
432 2624 502 2658 τοῖς
517 2622 559 2656 Β.
574 2622 684 2656 invito
697 2622 740 2656 A.
790 2621 912 2666 διεψευ
915 2636 993 2655 σται
1008 2621 1049 2655 A.
1068 2619 1292 2665 διαψεὺσεται
1307 2618 1399 2653 Edd.
1481 2629 1512 2652 2.
1531 2618 1614 2663 ὅπερ
1628 2620 1672 2654 A.

97 2671 335 2715 ἐπαγγείληται
353 2670 396 2703 Α.
416 2668 667 2713 ἐπαγγέλληται
687 2668 885 2711 Edd.pae¹11
902 2668 1034 2701 om.B.
1239 2666 1337 2708 4.οὖ
1354 2666 1397 2709 μὴ
1415 2665 1500 2709 ἔλθῃ
1520 2666 1561 2699 Α.
1581 2665 1673 2700 Edd.

97 2718 156 2751 οὐκ
174 2716 351 2751 ἐλευσεται
370 2716 412 2750 Β.
466 2715 599 2750 Haec‘'
580 2729 660 2749 οταν
677 2715 875 2759 δὲ-πρὸς’
861 2716 944 2758 υμᾶς
961 2719 1181 2748 accesserunt
1198 2725 1239 2746 ex
1258 2713 1301 2747 A.
1508 2712 1540 2746 6.
1566 2712 1674 2756 ἁγίοις

98 2770 320 2808 assumptum
337 2775 379 2797 ex
393 2764 435 2796 A
442 2762 484 2796 B.
863 2772 895 2806 7.
921 2760 1125 2805 ἐπαγγελίαν
1140 2762 1200 2793 τοῦ
1216 2760 1343 2802 πατρὸς
1360 2759 1426 2793 hoc
1444 2758 1563 2792 ordine
1581 2760 1623 2792 A.
1630 2759 1672 2793 B.

103 2822 155 2845 10.
182 2811 215 2843 ἐν
234 2811 290 2844 alt.
310 2812 531 2853 assumptum
549 2820 591 2842 ex
604 2808 647 2842 A.
654 2807 695 2841 B.
941 2818 993 2850 1.4
1020 2806 1111 2850 ἡμῶν
1128 2812 1347 2850 assumptum
1367 2817 1407 2839 ex
1426 2806 1470 2839 A.
1489 2817 1551 2850 pro
1569 2805 1672 2849 ἡμῶν,

98 2858 139 2891 αι’
141 2859 200 2891 τοῦ
219 2857 298 2900 (Sic)
320 2856 359 2890 B.
546 2865 598 2900 15.
625 2853 760 2899 ἑαυτοῦ]
780 2854 881 2888 αὐτοῦ
900 2853 942 2888 Β.
1119 2852 1171 2886 16.
1201 2852 1278 2886 Hoc
1296 2852 1393 2887 οὗτός
1409 2852 1553 2886 accessit
1570 2864 1610 2886 ex
1630 2853 1671 2886 A.

104 2914 156 2948 17.
182 2907 366 2946 πρόσωπον
384 2901 475 2936 Edd.
776 2912 828 2946 19.
856 2899 1029 2934 ἀποκτὲνει
1048 2900 1090 2934 Β.
1108 2900 1298 2934 ἀποκτέννει
1316 2899 1359 2934 A.
1377 2899 1563 2933 ἀποκτείνει
1581 2899 1673 2933 Edd.

102 2961 155 2984 20.
187 2950 281 2984 Haec
299 2950 382 2983 καθά
400 2950 541 2995 φησιν’
525 2964 543 2981 ο
561 2950 647 2993 σοφ.
666 2949 802 2983 Παυλος
819 2953 1038 2982 accesserunt
1063 2959 1103 2981 ex
1123 2948 1165 2980 A.
1173 2946 1213 2980 B.
1451 2956 1505 2980 21.
1531 2944 1611 2990 αὕτη
1630 2948 1673 2980 A.

104 3008 156 3041 25.
182 2999 286 3031 60m.
307 2998 348 3030 A.
