2021 3434
331 216 384 255 32
731 219 779 258 Β.
823 218 1096 258 CYRILLI
1139 218 1513 259 ALEXANDR..
1758 219 1783 259 i.
1807 220 1844 267 6,
1871 230 1909 272 7.
2011 228 2021 258 Γ

398 345 570 386 ἐλεῆσαι
603 344 675 386 τὸν
710 340 1034 402 οἶκονἸσροιὲιλ,
1062 345 1150 386 ἀλλ’
1184 346 1208 386 ιῖἰ
1242 345 1598 395 ἀντιτασσόμενος
1630 346 1906 394 ἀντιτάξομαι
2010 346 2021 397 ξι

289 432 313 476 7
400 425 557 468 αὐτοῖς.
624 427 722 468 τοὺς
763 427 808 469 δὲ
846 425 960 468 υἶοὺε
988 428 1130 469 Ἰούδα
1169 428 1351 479 &Ae-(⁴00³,
1398 428 1466 469 καὶ
1508 427 1638 471 σώσω
1675 429 1828 470 αὐτοὺς
1862 429 1905 469 ὲν
2011 415 2013 421 ,

285 526 312 566 b
401 509 536 566 Κυρίῳ
572 510 669 563 Θεῷ
712 510 866 561 αὐτῶν,
912 511 979 552 καὶ
1023 512 1070 552 οὐ
1113 510 1243 554 σώσω
1282 511 1435 554 αὐτοὺς
1474 511 1519 552 ἐν
1562 513 1684 566 τόξῳ,
1728 513 1824 553 οὔτε
1863 512 1908 552 ὲν

397 592 588 652 ῥομφαίᾳ
625 594 723 635 οὔτε
771 594 815 635 ἐν
858 596 1035 649 Πολὲμῳ
1083 595 1180 637 οὔτε
1223 596 1267 636 ὲν
1312 597 1494 652 ἅρμασιν
1538 595 1634 636 οὔτε
1674 595 1718 636 ἐν
1763 595 1910 636 ἵπποιο

396 675 493 716 οὔτε
526 675 571 716 ὲν
610 673 815 719 ἱππεῦσιν.
1931 688 1953 726 5
2007 673 2010 680 ¹

404 793 543 846 Μετὰ
573 793 627 847 τὸ
659 800 879 864 τεχθῆναι
913 796 996 849 τὸν
1020 797 1237 866 Ἰεσράελ
1275 798 1547 864 γεγέννηται
1586 799 1652 865 τῷ
1689 793 1912 864 προφήτῃ

328 876 484 942 κόριον
509 878 559 928 ἐκ
592 880 675 941 τῆς
702 877 869 945 Γόμερ,
897 878 933 949 ᾧ
965 882 1039 931 καὶ
1074 880 1222 944 ὄνομα
1257 885 1441 931 κεῖσθαι
1473 883 1566 931 δεῖν
1600 877 1910 944 προστέταχε,

327 956 381 1008 τὸ
434 959 539 1009 Οὐκ
589 959 837 1024 ἠλεημένη.
914 962 1120 1030 ἐπιφέρει
1171 961 1218 1012 δὲ
1268 964 1559 1029 παραχρῆμα
1601 965 1685 1011 τοῦ
1735 961 1912 1012 τοιοῦδε

327 1039 413 1103 τὴν
452 1040 713 1109 πρόφασιν,
757 1044 831 1093 καὶ
883 1042 967 1107 τὴν
1016 1044 1167 1095 αἰτίαν
1214 1043 1348 1098 εὐθὺς
1398 1044 1683 1106 καθίστησιν
1725 1043 1910 1108 ἐναργῆ,

328 1122 541 1185 οὐδεμιᾶς
592 1123 658 1174 ε”τι
709 1128 894 1193 φειδοῦς
945 1125 1300 1194 ἀξιωθήσεσθαι
1357 1125 1511 1191 λέγων
1560 1125 1643 1176 τὸν
1688 1123 1906 1190 Ἰσραήλ·
1934 1119 2021 1194 τοι1

328 1206 677 1269 ἀνταναστῆναι
715 1205 763 1257 δὲ
801 1205 962 1274 ὥσπερ
998 1208 1166 1271 αὐτοῖς,
1199 1209 1273 1259 καὶ
1307 1209 1356 1258 ἐν
1387 1206 1518 1275 τάξει
1556 1207 1777 1272 γενέσθαι
1815 1210 1912 1256 τῶν

289 1285 400 1346 ρὸτι
449 1285 665 1350 μάλιστα
715 1287 1095 1352 πολεμιωτάτων,
1147 1291 1222 1340 καὶ
1277 1294 1377 1342 ταῖς
1425 1288 1697 1354 εὐπραγίαις
1758 1288 1912 1338 αὐτῶν

329 1369 685 1420 ἀντιπεσεῖσθαι
727 1374 960 1434 γεννικῶς,
1001 1373 1062 1424 ὡς
1102 1375 1164 1424 εἰς
1202 1370 1410 1439 ἐσχάτην
1448 1369 1614 1424 αὐτοὺς
1653 1368 1913 1434 ἀθλιότητα

329 1455 643 1512 κατολισθεῖν,
685 1475 760 1502 και
805 1451 1063 1504 δύσοιστον
1103 1455 1292 1518 ἀληθῶς
1336 1455 1593 1516 ἀνατλῆναι
1634 1450 1906 1520 συμφοράν.

330 1535 454 1582 Θεοῦ
481 1531 573 1599 γὰρ
600 1533 960 1598 ἀνθεστηκότος,
986 1534 1295 1599 οὐδαμόθεν
1269 1542 1326 1586 ἀν
1347 1534 1528 1601 γε’νοιτο
1554 1539 1650 1589 τοῖς
1673 1539 1911 1585 παθοῦσιν
1934 1557 1996 1604 15·

110 1636 211 1686 Hjob.
331 1613 358 1676 ἡ
385 1612 562 1678 ὄνησις.
630 1622 657 1644 “
672 1614 789 1666 Ἐὰν
814 1614 907 1683 γὰρ
943 1618 1112 1685 κλείσῃ
1148 1615 1268 1667 κατὰ
1296 1616 1558 1683 ἀνθρώπου,
1583 1617 1652 1670 τίς
1678 1616 1908 1685 ἀνοι’ξει;”

110 1690 237 1754 ΧΕῙζὲιιῗῲ
331 1697 495 1763 φησιν·
548 1699 623 1747 καὶ
656 1695 685 1765 ᾗ
722 1700 872 1766 φησὶν
903 1699 927 1749 ὁ
962 1698 1222 1767 προφήτης,
1258 1698 1405 1763 “Τὴν
1439 1704 1571 1766 χεῖρα
1605 1697 1692 1763 τὴν
1717 1698 1911 1767 ὑψηλὴν

108 1777 175 1797 mv.
194 1777 245 1807 ²⁷*
332 1785 358 1807 ‘⁶
384 1779 453 1832 τίς
479 1779 775 1849 ἀποστρέψει
795 1781 836 1843 ;”
877 1779 906 1845 ὴ
933 1781 1000 1834 τίς
1021 1779 1206 1846 ἐλεήσει
1231 1781 1313 1832 τὸν
1333 1779 1409 1833 διὰ
1433 1784 1515 1846 τῆς
1541 1781 1719 1833 ἄνωθεν
1738 1780 1912 1879 ψήφου

329 1863 813 1927 καταδεδικασμενον;
853 1861 1008 1914 πάντα
1050 1887 1141 1930 γαρ
1186 1869 1282 1918 τοῖς
1323 1863 1458 1918 θειοις
1500 1887 1656 1915 επεται
1695 1862 1907 1928 νεύμασι.
1989 1927 1991 1931 Ι

330 1966 406 1993 και
432 1943 546 2011 ὅπερ
582 1943 639 1994 ἂν
675 1945 828 1996 ἕλοιτο
854 1947 1160 2011 κατορθοῦν
1141 1970 1166 1997 ο
1197 1944 1470 2011 Δεσπότης,
1495 1952 1634 1997 τοῦτο
1673 1947 1910 2010 ἀμελλητι
1932 1936 1992 2017 2οξ

286 2025 484 2090 ίῙπάντη
520 2049 569 2077 τε
606 2028 681 2077 καὶ
718 2027 905 2081 πάντως
947 2029 1300 2094 διαπεραίνεται,
1347 2027 1749 2095 συνεργαζομενης
1787 2029 1912 2079 αὐτῶ

330 2109 412 2171 τῆς
439 2108 648 2171 κτίσεως,
675 2111 751 2159 καὶ
781 2115 879 2163 ταῖς
910 2115 993 2160 τοῦ
1025 2116 1304 2176 κρατοῦντος
1330 2110 1684 2174 ἀκολουθούσης
1709 2110 1910 2178 ψήφοις.

112 2206 217 2237 Exod.
330 2191 452 2241 οὕτω
487 2191 737 2242 κεκόλακεν
773 2193 1070 2258 Αἰγυπτίους,
1113 2192 1615 2260 μεταστοιχειουμένων
1656 2196 1750 2243 τῶν
1795 2193 1906 2244 ὑδά-

111 2251 165 2281 vii.
183 2261 252 2291 sqq.
1981 2250 1986 2284 ί

331 2294 425 2322 των
459 2295 520 2326 εις
551 2271 678 2336 αἷμα,
718 2276 794 2325 καὶ
828 2277 910 2338 τῆς
951 2274 1150 2338 αιθάλης
1194 2298 1255 2329 εις
1294 2279 1511 2337 σκνῖπας,
1549 2297 1625 2325 και
1669 2273 1911 2344 ἀφορήτου

331 2353 540 2420 χαλάζης
575 2356 859 2421 καθιεμενης,
886 2363 1051 2424 μικροῦ
1087 2356 1135 2407 δε
1173 2358 1249 2407 καὶ
1285 2379 1532 2422 τριημερου
1568 2357 1911 2424 καταχεομένου
1931 2383 1984 2421 25.

332 2434 544 2499 σκότους,
589 2441 664 2488 καὶ
703 2442 798 2489 τῶν
849 2439 1014 2489 ἄλλων
1062 2437 1283 2490 ἁπάντων
1324 2439 1478 2492 αὐτοῖς
1522 2439 1909 2505 ἐπενηνεγμενων.

333 2516 498 2567 οὐκοῦν
524 2518 670 2582 ὄνομα
702 2523 768 2590 τῷ
793 2521 934 2590 κορίω
968 2544 1022 2572 το
1055 2521 1159 2571 Οὐκ
1197 2518 1442 2585 ἠλεημενη,
1469 2521 1716 2587 χρησίμως
1752 2544 1801 2573 τε
1836 2545 1911 2573 και

334 2600 607 2663 ἀναγκαίως·
660 2602 735 2652 ἵνα
762 2601 848 2667 τὴν
879 2605 1030 2653 αἰτίαν
1063 2608 1145 2653 τοῦ
1176 2601 1454 2668 πράγματος
1482 2608 1911 2672 φιλοπευστοῦντες
1976 2594 1980 2622 ³

335 2683 417 2742 ἀεὶ,
445 2684 519 2732 καὶ
545 2683 600 2747 δὴ
627 2688 700 2736 καὶ
725 2686 1040 2749 μανθάνοντες
1076 2690 1117 2737 οἱ
1150 2686 1203 2737 τὸ
1229 2686 1443 2750 τηνικάδε
1470 2686 1546 2738 διὰ
1570 2689 1653 2751 τῆς
1676 2688 1911 2739 πολυθέου

335 2763 519 2828 πλάνης
543 2767 970 2834 προσκεκρουκότες
998 2772 1119 2838 Θεῷ,
1145 2773 1334 2837 φρονεῖν
1369 2791 1419 2820 τε
1454 2771 1528 2819 καὶ
1567 2771 1682 2837 δρᾷν
1716 2771 1905 2821 ἀναπεί·
1930 2797 1968 2834 3<

1970 2869 1975 2890 ἑ

382 2933 416 2966 3.
442 2925 517 2957 οὔτε
541 2923 576 2957 ἐν
598 2923 768 2971 ῥομφαίᾳ]
800 2928 894 2961 Haec
923 2928 1075 2964 desunt
1070 2940 1105 2963 m
1134 2927 1225 2963 Edd.
1277 2927 1401 2962 Statim
1428 2927 1511 2960 haec
1536 2928 1611 2960 οὔτε
1637 2926 1672 2960 ἐν
1693 2925 1803 2969 πολέμ
1808 2941 1832 2960 ω
1856 2925 1910 2960 bis
1969 2893 1975 2959 ί

335 2969 439 3003 habet
455 2969 496 3004 B.
617 2971 649 3005 6.
675 2972 849 3017 γεγένηται
867 2974 958 3009 Edd.
1100 2987 1153 3017 14.
1179 2973 1446 3010 κατολισθαινειν
1462 2972 1554 3008 Edd.
1689 2982 1744 3018 25.
1770 2941 1907 3018 μικροῦ]

334 3018 463 3060 μακροῦ
481 3016 573 3051 Aub.
1967 3035 1972 3072 I
