2021 3434
317 205 404 245 640
711 208 762 249 B.
800 208 1077 250 CYRILLI
1116 210 1501 252 ALEXANDR.
1759 207 1802 248 ii.
1833 218 1894 247 12.

391 312 706 384 Ἐνεσ-τοίλοιξε
731 314 779 366 δὲ
813 318 889 366 καὶ
915 321 1010 370 τοῖς
1036 317 1312 384 Φαρισαίοις
1347 317 1372 367 ὁ
1405 314 1624 382 πονηρὸς,
1657 317 1681 366 ὁ
1713 313 1897 380 δράκων

316 394 342 444 ὁ
391 394 679 460 ἀποστάτης,
723 396 809 461 τὴν
853 401 927 450 ἐπὶ
970 402 1171 468 Χριστῷ
1219 399 1534 468 ψευδοδοξίαν
1577 399 1652 448 καὶ
1701 396 1898 447 ε”κτοπον

91 495 244 546 §.soa-n.
316 475 572 541 πλάνησιν.
651 479 764 530 ποτὲ
826 481 911 544 μὲν
971 481 1063 548 γὰρ
1114 482 1322 550 ἔφασκεν
1372 485 1430 532 Εἰ
1481 479 1538 545 ἧν
1587 479 1720 532 οὗτος
1767 475 1897 543 παρὰ

92 540 238 624 ssxii'ifi&
318 562 444 609 Θεοῦ
487 560 512 609 ὁ
558 560 817 627 ἄνθρωπος,
860 564 943 614 οὐκ
994 561 1053 614 ἀν
1097 563 1203 615 ἔλυε
1252 564 1307 615 τὸ
1358 562 1627 624 σάββατον·
1693 559 1807 612 ποτὲ
1849 558 1898 610 δὲ

93 627 256 658 S.Matth.

93 672 207 711 xi-19·
317 642 393 691 καὶ
435 644 743 710 Σαμαρείτην,
785 646 860 695 καὶ
905 645 1060 709 μέντοι
1103 648 1178 696 καὶ
1216 646 1440 712 πάροινον
1484 647 1740 696 ἀποκαλεῖν
1776 644 1893 693 ἀπε·
1917 665 1939 704 5

270 733 296 774 b
316 721 523 787 τόλμων.
581 727 656 775 καὶ
694 726 821 793 εἴπερ
857 728 987 778 ἐστὶν
1020 728 1206 792 ἀληθὲς,
1233 730 1295 781 ὡς
1327 729 1470 780 οὐδεὶς
1506 727 1633 792 λέγει
1656 723 1897 787 Ἀνάθεμα

91 792 202 875 {hcc}
313 805 513 868 Ἰησοῦς,
554 810 591 857 εἰ
628 806 693 871 μὴ
730 809 778 859 ἐν
810 809 1115 876 Βεελζεβοὺλ,
1145 814 1245 864 πῶς
1283 811 1366 861 οὐκ
1404 810 1734 874 ἀταλαίπωρον
1772 809 1897 867 ἰδεῖν,

314 885 385 938 ὅτι
411 886 468 952 δὴ
491 887 708 951 μάλιστα
737 891 845 957 παρ’
874 892 1029 945 αὐτοῖς
1062 894 1238 960 πνεῦμα
1270 892 1421 952 ἔστησε
1445 886 1644 961 ψεῦδοςς
1674 889 1898 939 κατεστά-

312 970 430 1039 λοιξε
455 969 503 1021 δὲ
528 973 603 1021 καὶ
627 975 690 1025 εἷς
716 978 826 1023 νοῦν
853 974 1005 1027 αὐτοῖς
1041 976 1116 1024 καὶ
1150 975 1356 1040 καρδίαν,
1382 972 1467 1038 τὴν
1502 971 1577 1023 διὰ
1614 970 1898 1035 πλανήσεως

313 1052 473 1116 μέθην,
506 1054 578 1122 ἐφ’
608 1052 638 1121 ᾗ
673 1055 857 1109 δικαίως
895 1057 969 1106 καὶ
1008 1056 1310 1119 ἀπολώλασι,
1344 1058 1664 1122 θηριοπρεπῶς
1701 1052 1897 1120 ἐπιθρώ-
1920 1082 1968 1108 10

313 1158 522 1199 σκοντες,
549 1138 694 1188 παντί
714 1160 762 1189 τε
787 1137 953 1204 θράσει
979 1139 1055 1189 καὶ
1082 1138 1329 1207 δυσφημίᾳ
1354 1138 1600 1206 χρώμενοι.

247 1393 291 1417 12
316 1370 391 1413 Καὶ
427 1372 546 1414 ἔσται
582 1372 628 1413 ἐκ
665 1377 739 1414 τῆς
777 1374 982 1421 mcxl-&voc
1019 1377 1088 1416 τοῦ
1124 1377 1228 1416 λαοῦ
1256 1375 1418 1416 τούτου·
1463 1371 1748 1420 συνατόμενοε
1774 1385 1899 1412 συνα-

273 1480 296 1506 0
380 1455 581 1511 χθύσεται
601 1456 757 1506 Ἰακὼβ
795 1457 869 1499 σὺν
907 1462 1049 1510 Πᾶσιν,
1076 1458 1355 1514 ἐκδεχόμενος
1386 1457 1615 1505 ἐκδέξομαι
1639 1455 1737 1497 τοὺς
1765 1469 1897 1495 κατα-

380 1539 557 1581 λοίπουε
599 1543 673 1582 τοῦ
700 1540 891 1598 Ἰσραὴλ,
941 1541 1010 1584 ἐπὶ
1048 1543 1096 1584 τὸ
1135 1543 1238 1585 αὐτὸ
1279 1543 1464 1592 θήσομαι
1510 1541 1586 1583 τήν
1613 1539 1896 1598 ἀποστροφήν

380 1622 538 1664 αὐτῶν.
1726 1634 1730 1637 ’
1919 1633 1965 1672 15
1991 1655 1993 1658 .

390 1753 528 1805 Κατὰ
562 1753 720 1823 βραχὺ
756 1756 875 1822 πρὸς
912 1757 1115 1826 αὔξησιν
1151 1756 1278 1809 ἰόντα
1316 1757 1375 1809 τὰ
1414 1762 1590 1827 φαῦλα,
1619 1758 1694 1809 καὶ
1725 1757 1773 1808 ἐν
1797 1757 1897 1808 ὀλί-

312 1859 414 1902 γοις
449 1837 723 1902 ἀνθήσαντα
757 1839 843 1904 τὴν
877 1840 1040 1908 ἀρχὴν,
1066 1840 1434 1908 καταδράττεταί
1459 1864 1559 1895 πως
1593 1842 1660 1892 ἀεὶ
1698 1842 1774 1892 καὶ
1803 1845 1897 1892 τῶν

313 1919 379 1969 ε”τι
404 1918 650 1982 πλειόνων,
679 1921 885 1973 ἐπέκεινα
918 1946 966 1974 τε
1000 1928 1094 1974 τῶν
1133 1925 1181 1974 ἐν
1218 1925 1382 1991 ἀρχαῖς
1420 1923 1662 1974 ἐκτείνεται
1695 1923 1892 1989 μέτρων.

311 2000 399 2052 ἰ’δοι
434 2003 476 2051 δ’
506 2001 564 2052 ἄν
589 2026 658 2056 τις
692 2003 876 2070 ἀτρεκὲς
900 2003 925 2055 ὃ
952 2004 1092 2070 λέγω,
1124 2004 1183 2056 τὰ
1219 2004 1560 2070 συμβεβηκότα
1593 2009 1659 2075 τῷ
1683 2005 1896 2075 Ἐφραῒμ

312 2089 350 2135 εἰ
382 2091 608 2152 περινοεῖν
635 2085 789 2138 ἕλοιτο
826 2093 1024 2142 λεπτῶς.
1089 2093 1272 2155 πρῶτος
1306 2088 1390 2152 μὲν
1416 2088 1509 2157 γὰρ
1534 2089 1794 2155 Ἱεροβοάμ,
1820 2090 1901 2142 καί
1914 2113 1964 2144 20

267 2177 430 2221 (1τινες
474 2172 569 2219 τῶν
613 2169 893 2238 ὁμοφρόνων
946 2172 1071 2240 αὐτῷ
1122 2170 1204 2224 τὰς
1254 2170 1477 2235 δαμάλεις
1520 2177 1616 2225 τοῖς
1655 2172 1896 2236 τεμένεσιν

311 2250 646 2316 ἐνιδρύσαντες,
673 2252 1113 2318 προσκεκυνήκασιν
1139 2254 1315 2315 αὐταῖς,
1345 2256 1420 2304 καὶ
1452 2259 1546 2307 τοῖς
1571 2258 1666 2304 τῶν
1691 2255 1897 2305 ἀνοσίων

309 2331 674 2399 ψευδομάντεων
699 2333 846 2400 ἤγουν
869 2337 1281 2404 ψευδοπροφητῶν
1314 2335 1680 2403 προσεσχήκασι
1713 2336 1891 2402 λόγοις.

310 2411 409 2464 εἶτα
435 2415 700 2482 διέρποντος
727 2422 809 2467 τοῦ
835 2422 992 2480 κακοῦ,
1019 2419 1093 2468 καὶ
1120 2419 1187 2467 ἀεὶ
1218 2422 1313 2472 τοῖς
1339 2417 1539 2484 πρώτοις
1561 2418 1896 2485 προστιθέντος

361 2598 391 2621 1.
418 2588 436 2621 ὁ
455 2588 513 2621 alt.
532 2593 755 2632 assumptum
772 2600 815 2623 ex
832 2589 877 2623 A.
1221 2590 1254 2625 6.
1280 2591 1319 2625 οὗ
1337 2591 1389 2626 δεῖ
1403 2591 1516 2637 λέγειν
1532 2604 1595 2637 pro
1611 2591 1720 2628 οὐδεὶς
1735 2592 1829 2638 λέγει
1849 2593 1893 2628 Β.

312 2642 345 2678 7.
362 2633 496 2677 Ἰησοῦς
512 2635 556 2669 A.
569 2634 704 2678 Ἰησοῦν
723 2635 764 2669 Β.
781 2635 896 2680 Ἰησοῦ
915 2635 1007 2671 Edd.
1056 2637 1095 2671 οὐ
1112 2637 1326 2683 ταλαίπωρον
1344 2638 1436 2673 Edd.
1455 2639 1572 2673 invitis
1589 2639 1681 2673 Α.Β.
1777 2641 1810 2674 8.
1828 2641 1892 2684 μά-

309 2682 416 2715 λιστα
433 2682 473 2725 δὴ
491 2681 563 2716 inv.
583 2681 659 2716 ord.
677 2682 723 2716 A.
771 2682 915 2728 ἔστησε]
940 2688 977 2724 -†-
997 2684 1035 2717 τὸ
1054 2683 1146 2718 Edd.
1164 2685 1274 2719 invito
1291 2686 1334 2719 Α.
1658 2698 1692 2731 9.
1717 2686 1830 2722 αὐτοῖς
1846 2687 1892 2722 Α.

311 2728 420 2762 αὐτῶν
439 2727 529 2762 Edd.
897 2741 950 2764 10.
976 2730 1082 2774 λήθην
1098 2743 1162 2776 pro
1177 2732 1282 2776 μέθην
1299 2732 1390 2767 Edd.
1457 2732 1582 2767 Statim
1604 2733 1706 2766 αὐτοῦ
1731 2732 1812 2768 add.
1830 2733 1891 2770 iid.

312 2775 590 2819 repugnantibus
607 2775 699 2809 AB.
765 2775 820 2821 ἐφ’
838 2773 876 2822 ᾗ]
898 2776 952 2823 ἐφ’
970 2777 1008 2822 ἧς
1024 2777 1084 2811 iid.
1417 2791 1470 2813 11.
1496 2794 1532 2813 τε
1549 2786 1770 2824 assumptum
1788 2792 1829 2814 ex
1846 2781 1892 2815 A.

313 2823 479 2865 χρώμενοι
496 2822 539 2855 Α.
557 2823 741 2867 μαχόμενοι
757 2823 817 2857 iifl.
963 2836 1015 2858 12.
1042 2823 1156 2870 ἔσται]
1180 2829 1217 2866 4-
1239 2840 1296 2860 σοι
1315 2825 1350 2861 F.
1369 2826 1462 2861 Edd.
1481 2826 1582 2871 (Co.)
1727 2837 1779 2871 13.
1808 2826 1890 2873 σὺν]

313 2867 349 2900 ἐν
370 2867 408 2901 Β.
458 2868 650 2914 ἐκδέξομαι]
673 2874 710 2911 -1-
731 2869 851 2906 αὗτοὺς
870 2870 961 2905 Edd.
980 2870 1078 2916 (23.)
1095 2871 1204 2905 invito
1221 2872 1266 2906 A.
1504 2884 1557 2916 14.
1582 2871 1659 2917 τοῦ]
1683 2876 1721 2914 4
1741 2872 1834 2908 οἴκου
1851 2874 1890 2908 F.

314 2912 406 2948 Edd.
425 2913 531 2959 (Co.)
816 2917 870 2952 16.
899 2918 1012 2961 αὔξειν
1029 2917 1087 2963 (=
1111 2918 1233 2963 αὔξην)
1250 2919 1294 2954 Α.
1575 2930 1631 2953 20.
1661 2919 1690 2953 εἷ
1705 2919 1888 2966 περινοεῖν]

313 2958 405 3003 εἴπερ
423 2963 509 2995 νοεῖν
527 2961 619 2996 Edd.
667 2966 802 3007 πρῶτον
818 2964 862 2998 A.
1041 2976 1097 3000 21.
1121 2965 1223 3000 αὐτοῦ
1240 2966 1284 3000 A.
1463 2977 1519 3001 22.
1544 2968 1614 3002 τοῖς
1631 2965 1726 3001 deest
1742 2967 1779 3002 in
1798 2967 1889 3002 Edd.

315 3017 368 3048 ²4-
396 3008 633 3051 προστιθέντες
649 3009 695 3044 Α.
