2021 3434
110 306 269 357 SAEQtth.

109 361 210 381 xxvu.
222 360 272 390 51.

331 184 415 225 342
721 186 772 227 B.
813 186 1087 228 CYRILLI
1128 188 1504 229 ALEXANDR.
1668 188 1709 229 ii.
1733 201 1800 244 30,
1823 200 1889 243 31.

330 292 504 356 ε’νάτης,
542 293 779 360 ἐσχίζοντο
813 294 861 346 δὲ
896 299 971 347 καὶ
1009 299 1053 347 αἱ
1091 296 1266 362 πέτραι,
1306 296 1428 364 τάχα
1465 294 1518 346 δέ
1549 317 1640 346 που
1676 296 1751 345 καὶ
1787 296 1893 360 περὶ

328 373 410 425 τὸν
452 377 533 438 τῆς
577 378 754 436 σελήνης
797 376 971 428 κύκλον
1011 377 1260 443 ἐπράττετό
1303 400 1347 428 τι
1388 382 1482 429 τῶν
1531 375 1790 440 ἀσυνήθων,
1831 378 1894 429 ὡς

327 458 476 506 δοκεῖν
507 461 566 511 εἰς
591 455 711 524 αἷμα
745 461 1146 523 μεταπεποιῆσθαι
1183 461 1257 509 καὶ
1296 458 1454 523 αὐτήν.
1522 458 1773 523 σεσίγηται
1811 456 1895 519 μὲν

326 537 407 587 οὖν
446 535 500 588 τὸ
540 538 716 589 τοιόνδε
750 539 879 606 παρὰ
910 545 1006 594 τοῖς
1039 541 1187 606 ἁγίοις
1219 542 1606 606 Εὐαγγελισταῖς,
1644 537 1895 607 ἀξιόχρεως

324 618 472 684 γεμὴν
509 620 538 684 ἡ
582 621 742 674 πίστις
779 623 829 672 ἐκ
871 625 953 686 τῆς
989 623 1288 691 προφητείας.
1356 622 1427 673 ὅτι
1465 621 1512 672 δὲ
1547 625 1641 674 τοῖς
1675 626 1757 672 τοῦ
1796 624 1893 684 Δη-
1914 639 1935 678 5

323 707 546 768 μιουργοῦ
581 702 805 767 νεύμασιν
842 705 924 754 οὐκ
968 706 1015 755 ἐν
1059 705 1177 773 ἡλίῳ
1218 703 1346 774 μόνῳ
1383 703 1442 755 τὰ
1480 707 1652 768 σημεῖα
1689 702 1894 767 γέγονεν,

323 785 431 834 ἀλλ’
472 783 569 835 οἷον
607 784 696 850 ὅλη
733 785 850 852 πρὸς·
887 785 941 837 τὸ
980 786 1183 840 ἀκαλλὲς
1224 789 1298 837 καὶ
1337 786 1566 850 ἀσύνηθες
1604 786 1720 852 αὐτῇ
1757 807 1895 848 μετα-

322 866 582 933 κεχώρηκεν
619 867 647 931 ἡ
686 867 849 930 κτίσις,
890 867 1042 936 σαφὲς
1083 868 1139 919 ἂν
1179 869 1359 934 γε’νοιτο
1400 872 1524 919 Θεοῦ
1562 866 1782 933 λέγοντος
1820 865 1896 917 διὰ

100 961 156 992 ΕΞ·
174 963 194 994 1.
212 972 240 1003 3-
277 951 480 1015 (Ιφωνῆς
523 948 731 1000 Ἱ-Ισαΐου
780 956 807 978 “
830 952 923 1001 Καὶ
978 949 1157 1001 ἐνδύσω
1204 949 1286 1001 τὸν
1340 948 1534 1017 οὐρανὸν
1584 947 1768 1010 σκότος,
1820 951 1894 998 καὶ

104 2039 263 2071 SMatth.

103 2085 169 2115 xvi.
188 2092 236 2124 αῖ.

321 1037 348 1059 “
373 1031 508 1094 θήσω
559 1033 620 1084 ὡς
674 1030 852 1083 σάκκον
901 1030 954 1083 τὸ
1004 1031 1306 1099 περιβόλαιον
1356 1032 1542 1083 αὐτοῦ.”
1608 1030 1803 1096 οὐρανὸν
1847 1029 1894 1081 δὲ
1917 1054 1963 1079 10

321 1111 433 1163 ὅταν
458 1112 587 1182 λε’γῃ,
614 1113 770 1165 πάντα
803 1137 896 1166 που
924 1113 1108 1169 πάντως
1145 1117 1266 1183 φησὶ
1304 1114 1363 1165 τὰ
1400 1115 1448 1165 ἐν
1486 1114 1666 1183 οὐρανῷ
1696 1115 1771 1163 καὶ
1798 1111 1894 1163 οἷον

321 1193 484 1263 σάκκῳ
517 1199 582 1264 τῷ
615 1194 774 1246 σκότει
804 1196 1132 1264 καταμφίεσαι,
1156 1195 1414 1248 πενθοῦντά
1447 1219 1496 1246 τε
1530 1197 1605 1246 καὶ
1640 1198 1893 1260 ἀλγοῦντα,

322 1277 397 1326 καὶ
441 1275 603 1343 ὥσπερ
644 1276 976 1344 διακεκραγότα
1013 1283 1078 1348 τῷ
1115 1278 1339 1346 σχήματι.
1409 1280 1570 1346 σημεῖα
1607 1275 1692 1340 μὲν
1735 1277 1815 1328 οῦν
1857 1277 1894 1328 ἐν

325 1361 475 1428 οὐρανῷ
514 1360 644 1410 ταυτὶ
682 1361 826 1428 φαίην
864 1359 933 1410 ἄν·
972 1358 1031 1410 τὰ
1069 1361 1124 1411 δέ
1155 1383 1208 1426 γε
1246 1364 1307 1413 εἰς
1344 1359 1422 1426 γῆν
1461 1358 1581 1428 αἷμά
1606 1382 1656 1410 τε
1684 1361 1764 1410 καὶ
1791 1361 1890 1429 πῦρ,

327 1446 401 1492 καὶ
453 1445 590 1508 ἀτμὶς
643 1444 809 1493 καπνοῦ
852 1443 1225 1506 καταδηλώσειεν
1269 1440 1325 1492 ἂν
1368 1440 1493 1505 οἶμαι
1541 1465 1633 1493 που
1676 1440 1759 1495 τὰς
1799 1445 1894 1491 τῶν
1916 1459 1962 1496 15

323 1524 558 1574 Ἰουδαίων
595 1522 860 1591 συμφορὰς,
899 1521 954 1577 ἃς
991 1525 1016 1574 ὁ
1053 1523 1361 1592 παγχάλεπος
1404 1524 1557 1577 αὐτοῖς
1599 1522 1892 1589 ἐπεσώρευσε

285 1605 541 1669 οπόλεμος,
574 1607 598 1656 ὁ
638 1605 713 1657 διὰ
751 1609 832 1670 τῆς
860 1608 1104 1670 “Ρωμαίων
1137 1605 1301 1674 χειρός.
1368 1606 1530 1673 αἵματι
1571 1604 1664 1671 γὰρ
1697 1605 1897 1668 ἡπᾶσα

322 1688 406 1751 μὲν
449 1688 602 1742 αὐτοῖς
647 1689 964 1756 κατερῥαίνετο
1006 1689 1149 1757 χώρα.
1213 1689 1378 1752 ε’ζιιελλε
1417 1687 1465 1739 δὲ
1511 1689 1626 1752 ὁμοῦ
1665 1692 1764 1742 ταῖς
1800 1687 1888 1739 πό-

322 1777 431 1822 λεσι
469 1771 887 1836 καταπίμπρασθαι
919 1774 994 1822 καὶ
1032 1771 1165 1825 αὐτὸς
1201 1772 1225 1822 ὁ
1262 1770 1507 1835 διαβόητος
1546 1769 1668 1833 νεὼς,
1695 1768 1813 1821 οἶκοί
1845 1793 1894 1821 τε

323 1853 624 1920 καπνίζεσθαι
667 1853 1098 1916 κατασεσεισμένοι.
1163 1853 1232 1905 ὅτι
1274 1852 1321 1904 δὲ
1365 1856 1441 1904 καὶ
1477 1851 1569 1919 πρὸ
1607 1855 1689 1917 τῆς
1722 1853 1891 1919 ἡμέρας
1913 1873 1963 1898 20

323 1938 405 2000 τῆς
436 1935 646 2002 μεγάλης
685 1936 760 1986 καὶ
802 1937 1067 2003 ἐπιφανοῦς,
1107 1935 1213 1987 καθ’
1248 1934 1305 2000 ἦν
1340 1933 1490 1987 ἅπασι
1527 1934 1581 1986 τὸ
1620 1939 1741 1986 θεῖον
1778 1958 1892 2001 προ-

324 2019 526 2069 κείσεται
574 2021 706 2082 βῆμα
754 2021 968 2084 Χριστοῦ
1019 2017 1225 2072 διδόντος
1275 2017 1460 2086 ἑκάστῳ
1511 2017 1629 2069 κατὰ
1675 2017 1734 2068 τὰ
1779 2017 1894 2085 ε”ργα

325 2102 479 2164 αὐτοῦ,
520 2100 579 2152 τὰ
619 2101 771 2152 τοιάδε
811 2105 905 2155 τοῖς
938 2099 1176 2155 Ἰουδαίοις
1213 2099 1524 2166 συμβήσεται,
1562 2099 1895 2165 διαμεμήνυκεν

375 2300 404 2324 1.
424 2288 538 2333 ἐνάτης
551 2288 681 2323 correxi
700 2300 741 2323 ex
756 2300 784 2323 c.
799 2287 832 2322 d.
846 2287 1041 2333 Legebatur
1057 2287 1200 2331 ἐννάτ-ης.
1250 2288 1283 2321 αἱ
1299 2293 1518 2333 assumptum
1533 2299 1573 2321 ex
1587 2287 1629 2321 B.
1642 2287 1676 2322 d.
1741 2299 1774 2333 3.
1793 2303 1893 2332 μετα-

325 2336 495 2371 ποιεῖσθαι
513 2348 541 2370 c.
594 2335 716 2369 Statim
735 2336 787 2369 καὶ
805 2344 1025 2380 assumptum
1042 2347 1082 2368 ex
1100 2335 1134 2369 b.
1147 2347 1176 2369 c.
1192 2334 1226 2370 d.
1631 2348 1664 2377 4.
1689 2336 1727 2369 τὸ
1745 2335 1890 2382 τοιόνδε]

325 2386 425 2418 τοῦτο
442 2383 477 2417 b.
525 2383 616 2427 παρὰ
632 2389 852 2435 ¹assumptum
869 2394 910 2416 ex
928 2382 970 2416 Β.
989 2382 1023 2416 b.
1037 2394 1066 2416 c.
1087 2381 1120 2415 d.
1313 2391 1346 2426 5.
1371 2383 1429 2426 τῆς
1445 2388 1665 2427 assumptum
1682 2394 1723 2415 ex
1743 2382 1784 2417 B.
1831 2383 1893 2426 μὲν

327 2442 389 2475 pro
406 2431 442 2464 δέ
461 2429 552 2464 Edd.
569 2430 686 2464 invitis
706 2429 747 2463 B.
763 2441 791 2463 c.
805 2429 838 2463 d.
997 2428 1029 2463 6.
1055 2431 1144 2474 μόνῳ
1162 2440 1190 2462 c.
1204 2427 1237 2462 d.
1255 2430 1357 2472 μόνον
1375 2428 1465 2463 Edd.
1629 2429 1662 2463 8.
1688 2429 1796 2464 κτίσις
1812 2441 1841 2463 c.
1856 2430 1890 2464 d.

326 2477 434 2523 φύσις
451 2477 645 2511 Ε(1(1.διὰ
661 2478 702 2521 φ.
721 2476 880 2521 λέγοντος
896 2487 959 2521 pro
977 2478 1064 2509 Θεοῦ
1080 2476 1155 2521 λέγ.
1173 2476 1227 2510 διὰ
1243 2477 1283 2520 φ.
1302 2487 1331 2509 c.
1351 2475 1383 2509 d.
1714 2487 1767 2510 11.
1795 2475 1892 2511 Haec

325 2539 391 2559 που
408 2525 539 2559 πάντως
556 2530 588 2557 et
606 2524 659 2557 καὶ
676 2530 854 2567 assumpta
871 2535 912 2556 ex
930 2535 959 2557 c.
972 2522 1005 2557 d.
1297 2534 1349 2556 12.
1368 2521 1498 2568 σκότει]
1519 2524 1677 2569 σκοτεινῷ
1695 2522 1754 2557 11(1.
1803 2524 1893 2568 φησὶ

327 2576 408 2616 post
425 2571 652 2615 καταμφίεσαι
669 2569 748 2604 add.
765 2570 823 2604 lid.
872 2585 908 2604 τε
921 2575 1140 2613 assumptum
1155 2581 1195 2602 ex
1209 2568 1343 2602 iisdem.
1391 2568 1575 2615 ἀλγοῦντα]
1589 2571 1819 2614 κατηλγηκότα
1831 2569 1892 2604 iid.

331 2629 384 2663 13.
410 2618 498 2664 αὐτῷ
517 2618 556 2659 δὴ
574 2616 680 2664 τούτῳ
698 2619 811 2661 (τοῦτο
828 2629 856 2650 c.
863 2618 874 2660 )
900 2628 962 2662 pro
985 2618 1100 2661 ὥσπερ
1117 2615 1176 2649 11(1.
1225 2615 1298 2660 οῦν]
1318 2618 1392 2657 -4-”
1370 2631 1441 2660 ητοι
1458 2616 1579 2660 τέρατα
1595 2617 1636 2650 τὰ
1654 2618 1708 2660 (τὰ
1725 2628 1795 2651 0111.
1814 2616 1847 2650 b.
1863 2618 1892 2659 ?)

1996 2544 2004 2640 vu*

331 2987 428 3023 Ἰουδ.
447 2989 585 3025 inverso
602 2990 721 3025 ordine
741 2991 781 3025 B.

327 2664 362 2698 b.
375 2676 404 2698 c.
417 2664 451 2698 (1.
749 2675 802 2706 14.
827 2679 866 2698 αν
883 2670 1103 2708 assumptum
1120 2674 1160 2697 ex
1180 2662 1220 2696 Β.
1237 2663 1269 2696 b.
1284 2675 1313 2696 c.
1332 2662 1366 2696 d.
1414 2677 1452 2708 γε
1470 2669 1690 2707 assumptum
1707 2675 1748 2697 ex
1765 2663 1799 2697 b.
1812 2675 1842 2697 c.
1857 2663 1892 2697 d.

329 2712 387 2754 τὴν
403 2717 482 2756 post
499 2711 545 2747 εἷς
563 2710 643 2745 add.
660 2710 695 2744 b.
1168 2718 1221 2754 15.
1254 2708 1368 2755 ἀτμὶς]
1384 2709 1451 2750 -f-
1436 2725 1454 2753 η
1473 2709 1564 2744 Edd.
1583 2710 1699 2744 invitis
1716 2709 1891 2744 omnibus.

329 2757 449 2800 ἀτμίδα
466 2770 496 2792 c.
511 2757 545 2792 d.
593 2756 633 2792 ἂν
650 2764 683 2791 et
697 2772 764 2792 που
781 2762 959 2802 assumpta
976 2769 1017 2791 ex
1033 2756 1068 2791 b.
1083 2768 1111 2790 c.
1127 2755 1160 2790 d.
1438 2756 1490 2790 16.
1517 2756 1729 2801 ε’πεσώρευσε
1746 2758 1893 2800 πόλεμος

329 2803 395 2838 hoc
414 2804 487 2838 οι·(1.
506 2804 541 2839 b.
554 2816 583 2838 c.
599 2804 633 2839 d.
923 2814 975 2849 17.
1000 2806 1039 2848 τῆ
1043 2819 1058 2839 ς
1075 2803 1129 2837 διὰ
1145 2814 1207 2849 pro
1225 2803 1278 2837 διὰ
1294 2804 1352 2847 τῆς
1370 2802 1460 2837 Edd.
1511 2803 1635 2837 Statim
1651 2806 1716 2837 τῶν
1733 2802 1813 2836 add.
1831 2801 1891 2837 iid.
1994 2827 1999 2841 .

335 2851 386 2884 18.
413 2851 524 2886 αυτοῖς
539 2851 575 2885 b.
590 2863 619 2885 c.
633 2850 666 2885 (1.
685 2851 792 2885 αὐτῶν
812 2850 903 2885 Edd.
1230 2861 1282 2895 19.
1309 2850 1603 2894 καταπίμπρασθαι
1621 2857 1700 2894 post
1716 2850 1892 2892 διαβόητος

331 2902 460 2940 transp.
481 2897 570 2932 Edd.
589 2898 704 2931 invitis
723 2898 756 2931 b.
772 2910 801 2932 c.
814 2897 848 2931 d.
1151 2908 1203 2933 20.
1230 2895 1547 2942 κατασεσεισμένοι]
1568 2893 1839 2939 διασεσωσμένοι
1855 2894 1890 2929 b.
1994 2859 1999 2934 1

334 2953 387 2975 21.
413 2944 450 2976 τὸ
468 2944 556 2977 θεῖον
571 2945 784 2987 προκείσεται
801 2944 867 2979 hoc
885 2943 1004 2979 ordine
1020 2944 1055 2979 b.
1070 2957 1099 2979 c.
1112 2944 1144 2979 d.
1515 2954 1568 2989 23.
1596 2942 1806 2987 συμβήσεται
1822 2943 1890 2977 τοῖς
1993 2940 1999 2998 l

1994 3013 1998 3035 ι

1992 3049 1998 3095 ff
