2021 3434
303 185 388 224 422
704 183 754 222 B.
799 182 1071 222 CYRILLI
1113 181 1488 222 ALEXANDR.
1760 179 1820 220 iii.
1846 180 1884 220 6.

303 293 410 346 τοὺς
445 291 504 342 τὰ
540 291 706 360 ὑψηλὰ
744 297 932 358 φρονεῖν
976 291 1207 354 εἰωθότας,
1247 291 1353 346 τοῦς
1395 289 1623 356 ἀλαζόνας
1661 289 1742 341 τὸν
1777 294 1886 340 νοῦν

83 379 209 453 ἐξῇ-6,
304 377 378 425 καὶ
404 375 660 440 μετεώρους
693 373 776 428 τὰς
811 375 996 442 φρένας,
1024 376 1099 425 καὶ
1132 372 1187 425 τὸ
1221 374 1584 439 συναπάγεσθαι
1609 377 1704 426 τοῖς
1730 394 1886 423 ταπει-

266 461 398 509 ενοῖς
437 457 519 506 οὐκ
553 456 869 523 ἀνεχομένους·
911 455 986 506 διὰ
1028 456 1075 507 δὲ
1106 460 1199 507 τῶν
1236 458 1283 507 ἐν
1322 458 1524 521 παγίσι-ιν
1562 455 1887 516 ἁλισκομένων

303 542 397 589 τῶν
422 539 635 604 ἐπιγείων
659 537 766 592 τοὺς
792 538 1007 605 ἐραστὰς,
1035 541 1110 589 καὶ
1145 538 1266 601 μόνα
1303 538 1551 604 ζητοῦντας
1587 535 1647 586 τὰ
1684 535 1887 602 σαρκικὰ

304 622 379 671 καὶ
403 622 782 672 καταπιαίνοντα.
852 622 987 694 ὶξευτῇ
1015 620 1063 671 δὲ
1097 622 1171 672 καὶ
1208 620 1374 686 way&
1406 619 1552 671 πάλιν
1579 618 1742 670 ἑαυτὸν
1766 641 1885 684 παρ-
1905 637 1927 675 5

305 702 465 769 εικάζει
484 701 617 766 Θεὸς,
638 703 987 770 κατακομίζοντι
1013 702 1096 766 μὲν
1116 707 1176 756 εἷς
1202 703 1285 766 τὴν
1306 705 1395 767 γῆν
1415 700 1520 756 τοὺς
1545 700 1884 767 ὑπερηφάνους,

303 789 572 837 συνθλῶντι
608 787 655 836 δὲ
691 784 852 851 ὥσπερ
880 789 952 836 καὶ
977 785 1218 852 άγρεύοντι
1244 784 1361 852 πρὸς
1387 785 1609 851 τιμωρίαν
1635 781 1740 836 τοῦς
1766 781 1887 846 μόνα

307 873 596 934 φρονοῦντας
621 867 679 919 τὰ
705 869 778 919 ἐπὶ
802 872 883 932 τῆς
908 871 1009 934 γῆς.
1068 867 1290 934 ἀλαζόνες
1316 867 1363 918 δὲ
1388 866 1514 932 ἦσαν
1534 870 1576 917 οἱ
1601 867 1657 934 ἐξ
1672 864 1887 930 Ἰσραὴλ,

306 955 708 1019 καταφρονοῦντες
743 954 868 1002 Θεοῦ
907 953 980 1001 καὶ
1018 950 1264 1019 προφήτας
1301 948 1652 1016 παρωθούμενοι
1685 948 1760 998 καὶ
1790 949 1888 997 ἀτι-

85 1048 170 1084 278
187 1047 237 1081 A.
270 1032 525 1099 αμάζοντες
566 1033 723 1096 νόμον·
780 1032 906 1098 ἦσαν
948 1032 995 1083 δὲ
1038 1033 1167 1084 οὐδὲν
1205 1033 1347 1098 ἧττον
1391 1036 1465 1082 καὶ
1510 1032 1736 1098 γλίσχροι
1779 1030 1888 1080 λιάν
1910 1052 1956 1083 10

306 1117 411 1181 περὶ
448 1114 507 1167 τὰ
545 1117 592 1166 ἐν
626 1114 792 1185 κόσμῳ
827 1114 1097 1181 πράγματα,
1124 1120 1196 1166 καὶ
1236 1114 1356 1176 μόνα
1390 1113 1705 1180 ἐπιζητοῦντες
1730 1111 1789 1163 τὰ
1815 1114 1888 1163 ἐπὶ

305 1201 389 1261 τῆς
413 1201 512 1264 γῆς,
541 1196 605 1248 ὧν
639 1200 713 1248 καὶ
747 1202 847 1251 ταῖς
879 1196 1087 1251 ἐκτόποις
1125 1199 1383 1261 ἐπιθυμίαις
1413 1197 1671 1260 ἡττημένοι,
1697 1194 1780 1246 τὸν
1805 1201 1888 1246 τοῦ

309 1283 432 1331 Θεοῦ
473 1279 618 1346 λόγον
654 1281 706 1330 οὐ
741 1279 1004 1346 προσίεντο,
1032 1281 1401 1346 ἀντέπραττοντο
1441 1278 1488 1329 δὲ
1526 1283 1620 1331 τοῖς
1659 1283 1889 1328 καλοῦσιν

88 1373 235 1405 Es-xxx-
308 1365 370 1415 εἰς
412 1362 593 1428 ἀρετήν.
660 1363 872 1431 ἔφασκον
912 1361 1004 1429 γὰρ
1047 1367 1142 1415 τοῖς
1188 1362 1334 1428 ἁγίοις
1377 1359 1642 1430 προφήταις
1683 1358 1889 1410 ιςἈλλά

91 1428 138 1449 ω’
308 1451 336 1473 “
361 1444 469 1507 ἡμῖν
519 1449 705 1495 λαλεῖτε
754 1447 828 1495 καὶ
882 1443 1200 1511 ἀναγγέλλετε
1249 1445 1358 1508 ἡμῖν
1401 1443 1559 1509 ἑτέραν
1599 1441 1885 1506 πλάνησιν.”
1911 1462 1956 1502 15

307 1525 433 1591 ε’ίπερ
471 1527 551 1577 οὖν
587 1528 678 1592 ἐγώ
716 1530 818 1590 εἰμι,
854 1529 1016 1594 φησὶν,
1059 1528 1084 1577 ὁ
1128 1528 1175 1577 ἐν
1215 1527 1373 1596 lieu-ro&
1413 1524 1573 1594 τρόπῳ
1613 1523 1889 1593 καταφέρων

308 1607 416 1663 τοὺς
450 1608 789 1678 ὑπερηφάνους,
817 1610 892 1659 καὶ
924 1611 984 1662 ὡς
1020 1611 1067 1659 ἐν
1094 1608 1222 1678 τάξει
1252 1605 1452 1674 παγίδος
1479 1611 1694 1658 συνθλᾶν
1721 1603 1890 1658 εἰωθὼς

265 1699 291 1739 b
308 1691 390 1741 τὸν
427 1691 670 1744 ἀλώπεκος
709 1691 839 1756 δίκην
879 1690 908 1756 ἢ
946 1691 1061 1754 μυὸς
1100 1692 1346 1758 γλίσχρως
1387 1690 1554 1758 ἔχοντα
1590 1689 1708 1756 πρὸς
1745 1688 1804 1739 τὰ
1842 1690 1890 1739 ε’ν

308 1773 474 1843 κόσμῳ
500 1773 772 1841 πράγματα,
802 1775 850 1825 τί
882 1773 1035 1838 μάτην
1071 1775 1255 1825 διώκετε
1286 1771 1392 1826 τοῦς
1424 1773 1594 1839 ἁγίους,
1622 1771 1697 1822 ὅτε
1720 1769 1890 1832 μόνους

306 1859 369 1910 εἰς
405 1858 520 1920 ὑμᾶς
561 1856 878 1922 διακομίζουσι
910 1855 1094 1922 λόγους,
1121 1857 1232 1919 ἐμοῦ
1264 1860 1558 1921 πληροῦντος
1585 1853 1643 1906 τὰ
1667 1854 1724 1923 ἐξ
1746 1855 1890 1921 ὀργῆς
1910 1879 1956 1905 20
2020 1878 2021 1895 ³

305 1943 402 1992 τοῖς
427 1942 752 1999 δυσσεβοῦσιν
778 1938 1116 2006 ἐπεῤῥιμμένα;

265 2159 285 2194 6
313 2146 357 2189 Εἰ
385 2150 577 2204 φωνήσει
605 2149 781 2195 σάλπη-Ξ
808 2148 851 2189 ἐν
878 2149 1001 2189 Πόλει
1029 2148 1096 2189 καὶ
1130 2148 1233 2189 λαός
1271 2148 1318 2189 οὐ
1357 2148 1672 2199 ΠτοΗΘύσεται;
1711 2144 1746 2187 εἰ
1771 2146 1889 2188 ἔσται

377 2232 500 2274 κακία
527 2233 570 2274 ὲν
597 2234 719 2275 Πόλει
746 2233 795 2273 ιῖν
826 2232 973 2289 Κύριος
999 2233 1074 2273 οὐκ
1101 2232 1328 2285 &minoem

380 2344 510 2411 Ἐγὼ
548 2345 645 2409 μὲν,
682 2349 845 2414 φησὶν,
885 2346 1045 2413 ἐπάγω
1084 2346 1142 2398 τὰ
1181 2348 1237 2416 ἐξ
1271 2348 1427 2413 ὀργῆς,
1467 2345 1691 2414 χρήσιμοι
1729 2344 1777 2397 δὲ
1814 2346 1890 2396 καὶ

307 2432 493 2491 μεσῖται
531 2427 649 2493 πρὸς
682 2426 851 2491 μόνους
892 2431 1011 2480 εἰσὶν
1049 2433 1091 2480 οἱ
1127 2432 1368 2497 προφῆται
1406 2427 1514 2483 τοὺς
1551 2426 1738 2494 λόγους.
1783 2429 1883 2477 δια·
1909 2440 1954 2481 25
1990 2443 1991 2446 ’

360 2596 390 2619 Ι.
415 2585 457 2619 τὰ
473 2591 694 2630 assumptum
711 2597 754 2619 ex
771 2585 814 2619 A.
830 2585 864 2619 b.
1126 2597 1157 2620 2.
1184 2585 1440 2630 συνυπάγεσθαι
1458 2585 1501 2619 Β.
1771 2585 1804 2619 6.
1830 2584 1890 2627 τὴν

309 2638 530 2677 assumptum
548 2644 590 2666 ex
607 2633 650 2665 A.
662 2632 696 2666 b.
981 2642 1012 2678 7.
1038 2633 1155 2677 ὥσπερ
1173 2644 1243 2667 Om.
1258 2634 1302 2667 A.
1557 2643 1590 2677 9.
1615 2630 1886 2677 παρωθούμενοι]

308 2679 567 2723 παραιτούμενοι
586 2678 677 2713 Edd.
692 2679 810 2713 invitis
829 2679 920 2714 A.B.
1377 2690 1430 2713 11.
1456 2679 1606 2720 πρακτέα
1624 2678 1715 2713 Edd.
1776 2679 1888 2721 ἐπιζη-

309 2728 444 2762 τοῦντες
464 2726 505 2759 Β.
524 2728 696 2770 ζητοῦντες
713 2727 756 2760 A.
776 2726 867 2760 Edd.
1133 2738 1185 2760 12.
1212 2726 1265 2760 καὶ
1283 2732 1504 2771 assumptum
1521 2738 1562 2759 ex
1580 2727 1624 2760 A.
1676 2725 1801 2760 Statim
1817 2726 1889 2760 ταῖς

310 2784 380 2806 om.
398 2773 442 2807 A.
491 2772 667 2816 ἡττημένοι
684 2774 727 2806 A.
747 2773 870 2817 ἡττώμ.
891 2772 982 2807 Edd.
1290 2784 1342 2816 13.
1368 2771 1567 2818 προσίεντο]
1587 2773 1778 2818 προσίεσαν
1797 2771 1887 2806 Edd.

310 2819 428 2853 invitis
446 2820 536 2853 A.B.
589 2819 713 2854 Statim
731 2820 995 2865 ἆντεπράττοντο
1013 2819 1055 2854 A.
1074 2819 1300 2865 ἀντέπραττον
1317 2819 1409 2854 Edd.
1703 2831 1755 2862 14.
1781 2818 1889 2864 ἁγίοις

311 2866 457 2900 accessit
473 2878 515 2900 ex
532 2866 624 2900 Α.Β.
672 2866 762 2900 ἀλλὰ
780 2867 823 2901 A.
842 2868 932 2901 ἄλλα
951 2866 1042 2901 Edd.
1422 2878 1475 2912 19.
1500 2866 1650 2910 πρακτέα
1670 2866 1762 2900 Edd.
1811 2865 1887 2900 τοὺς

311 2922 381 2945 om.
403 2912 444 2946 B.
502 2912 558 2947 ὅτε
576 2914 618 2947 Α.
638 2912 689 2947 ὅτι
708 2913 799 2948 Edd.
852 2913 977 2948 Statim
993 2916 1096 2956 μόνον
1112 2914 1156 2948 A.
1510 2925 1565 2947 21.
1592 2914 1827 2954 δυσσεβοῦσιν
1843 2913 1887 2945 Α.

311 2957 522 2999 δυσσεβέσιν
540 2959 631 2993 Edd.
683 2960 806 2995 Statim
825 2959 1049 3005 ἐπεῤῥιμμὲνα
1066 2961 1157 2995 Α.Β.
1175 2960 1419 3006 ἀπερῥιμμένης
1439 2959 1528 2994 Edd.
1730 2969 1785 3002 25.
1811 2958 1888 2994 τοὺς

311 3015 427 3038 assum
434 3011 530 3049 ptum
548 3018 589 3040 ex
609 3006 651 3040 B.
