2021 3434
97 199 154 238 ix.
179 198 217 248 8,
239 211 277 253 9.
562 197 634 238 IN
676 197 918 239 OSEAM.
977 197 1128 238 TOM.
1171 196 1224 238 V.
1592 195 1670 235 191

98 309 363 372 ἀναγκαῖον.
428 308 594 360 οὐκοῦν
622 307 865 374 ἐπειδήπερ
891 306 1051 374 γε’γονε
1079 308 1250 362 σκοπὸς
1274 310 1370 360 τοῖς
1395 304 1451 374 ἐξ
1473 302 1676 374 Ἐφροιῗμ

98 390 194 458 μεθ’
235 390 436 442 ἑκάστου
486 395 580 442 τῶν
628 389 948 460 ψευδωνύμων
1000 389 1095 441 Θεῶν
1144 391 1219 440 καὶ
1261 389 1482 458 προφήτης
1521 384 1675 447 ὶδικὸς,

97 474 315 542 ταύτῃτοι
356 472 525 525 λοιπὸν
561 471 678 540 πρὸς
717 478 812 525 πᾶν
851 474 1004 524 ὁτιοῦν
1035 476 1130 523 τῶν
1167 472 1431 539 αἰσχίστων
1464 467 1676 536 ἀσχέτως

99 557 450 608 ἀπονενεύκασι.
516 562 655 607 τοῦτο
688 555 878 622 γε’γονεν
913 555 1037 624 αὐτῷ
1079 556 1153 604 καὶ
1191 558 1341 619 παιγὶς
1379 549 1559 604 σκολιά.
1623 550 1720 601 0131>

58 654 79 691 5
100 637 192 704 γὰρ
235 637 291 702 ἦν
332 638 693 689 κατευθύνεσθαι
737 639 812 688 καὶ
856 638 1005 703 ὀρθῶς
1047 635 1249 702 βαδίζειν
1294 634 1527 686 δύνασθαί
1563 656 1678 685 ποτε

100 720 205 774 τοὺς
243 725 303 774 εἷς
340 720 577 784 τοσαύτην
609 717 865 771 πολυθείαν
900 717 1240 781 ὠλισθηκότας,
1268 719 1329 770 ὡς
1367 715 1459 767 σὺν
1493 714 1677 784 ἑκάστῳ

100 801 177 872 θεῷ
238 805 310 854 καὶ
370 804 586 871 προφήτην
635 801 754 869 ἔχειν
804 800 963 851 ἱδικόν·
1039 802 1113 850 καὶ
1174 798 1382 865 προσέτι,
1445 801 1680 850 ποιεῖσθαι

100 885 279 947 σκοπὸν,
314 883 397 935 τὸν
433 887 516 948 τῆς
552 886 614 937 εἷς
652 881 776 934 Θεὸν
809 881 1047 945 εὐσεβείας
1081 880 1434 947 ἀποκομίζοντα,
1473 882 1548 931 καὶ
1585 885 1680 933 τοῖς

101 969 183 1030 τῆς
208 967 443 1020 ἀπωλείας
467 965 641 1017 ἐνιέντα
666 964 872 1032 βόθροις.

36 1071 83 1095 10
176 1049 475 1115 Προσεκτέον
516 1047 572 1113 δὴ
617 1048 698 1099 οὖν
745 1052 841 1101 τοῖς
884 1048 1102 1098 ἐθελοῦσι
1141 1050 1276 1107 βιοῦν
1319 1043 1536 1108 ἐννόμως,
1579 1044 1680 1111 οὐχὶ

101 1135 196 1184 τοῖς
231 1130 538 1182 διδάσκουσιν
565 1131 745 1193 ἁπλῶς,
770 1128 873 1180 οὐδὲ
911 1133 1006 1182 τοῖς
1045 1133 1251 1179 λαλοῦσι
1281 1126 1341 1178 τὰ
1372 1125 1465 1178 ἀπὸ
1492 1125 1682 1193 καρδίας
1742 1132 1882 1208 {¹:316

102 1213 268 1276 αὐτῶν,
295 1214 404 1263 ἀλλ’
433 1211 500 1266 οἶς
536 1210 595 1263 ἀν
631 1212 659 1276 ἡ
698 1212 797 1263 θεία
832 1213 907 1262 καὶ
945 1210 1123 1262 ἄνωθεν
1160 1208 1514 1277 ἐπιμαρτυρήσῃ
1548 1207 1682 1276 χάρις
1766 1201 1774 1207 Δ
1826 1201 1832 1207 ”
1884 1200 1892 1207 ’

103 1297 185 1359 τῆς
219 1297 280 1349 εἷς
310 1293 432 1346 Θεὸν
464 1293 650 1361 ἀγάπης
688 1292 742 1345 τὸ
780 1292 995 1359 γνήσιον.
1043 1290 1281 1359 τοιγάρτοι
1311 1295 1386 1343 καὶ
1418 1293 1443 1342 ὁ
1470 1289 1682 1358 Χριστός

104 1384 131 1406 “
158 1377 440 1446 Προσέχετε,
478 1377 642 1445 φησὶν,
677 1375 770 1427 ἀπὸ
810 1380 904 1427 τῶν
940 1378 1364 1445 ψευδοπροφητῶν,
1400 1374 1560 1428 οἵτινες
1601 1373 1675 1439 ἐρ·
1743 1385 1902 1435 S5Matth-

39 1476 84 1516 15
106 1468 132 1491 ‘⁶
156 1483 317 1529 χονται
349 1459 467 1528 πρὸς
503 1461 619 1525 ὑμᾶς
656 1461 704 1510 ἐν
738 1458 962 1522 ἐνδύμασι
994 1456 1262 1525 προβάτων,
1297 1457 1472 1508 ε”σωθεν
1504 1456 1559 1508 δέ
1590 1459 1720 1512 εἰσιρ
1742 1440 1798 1460 vn.
1818 1439 1865 1469 ’δ’

105 1551 133 1574 “
158 1543 292 1595 λύκοι
343 1541 594 1610 ἅρπαγες.”
673 1545 829 1609 θηρῶν
879 1540 972 1607 γὰρ
1021 1541 1197 1607 ἀγρίων
1247 1540 1388 1606 ὀλίγα
1438 1542 1681 1605 διενεγκεῖν

106 1625 259 1694 φαμὲν
291 1625 609 1690 ἀληθεύοντες,
633 1623 740 1678 τοὺς
773 1627 867 1675 τῶν
901 1623 1105 1674 ἀνοσίων
1134 1622 1358 1689 αἱρέσεων
1388 1620 1572 1689 εὑρετὰς
1604 1622 1679 1671 καὶ

105 1706 467 1775 προεστηκότας,
512 1714 539 1736 “
560 1705 684 1761 Τοὺς
733 1707 1064 1760 κατεσθίοντας
1109 1704 1191 1756 τὸν
1229 1702 1432 1770 Ἰσραὴλ
1473 1703 1571 1773 ὅλῳ
1613 1707 1680 1773 τῷ
1740 1718 1855 1750 Es.ix.

380 1790 404 1806 ,‚
1745 1771 1794 1794 12.

107 1797 134 1820 ‘⁶
160 1788 375 1854 στόματι.
469 1791 715 1840 δαπανῶσι
754 1788 847 1855 γὰρ
888 1786 1052 1855 ὥσπερ
1092 1787 1175 1841 τὰς
1211 1791 1305 1838 τῶν
1343 1785 1682 1852 ἁπλουστέρων

40 1895 88 1919 20
107 1872 280 1941 ψυχὰς,
315 1876 410 1925 τοῖς
442 1874 524 1935 τῆς
562 1869 742 1936 ἀπάτης
779 1872 943 1922 ὀδοῦσι
975 1871 1320 1936 συντρίβοντες.
1384 1868 1588 1935 εἰρήσθω
1627 1867 1684 1932 δὴ

107 1955 187 2006 οὖν
212 1956 286 2005 καὶ
311 1953 429 2020 πρὸς
455 1954 586 2018 ἡμῶν
612 1960 638 1982 “
658 1955 720 2005 ‘O
742 1952 863 2008 Θεὸς
887 1954 1137 2021 συντρίψει
1169 1951 1277 2006 τοὺς
1308 1950 1501 2005 ὀδόντας
1532 1951 1684 2001 αὐτῶν
1744 1963 1798 1993 Ps-
1817 1963 1885 1994 lvii-

108 2044 134 2066 ‘⁶
160 2038 207 2087 ἐν
237 2039 302 2106 τῷ
328 2034 530 2100 στόματι
556 2036 720 2098 αὐτῶν,
746 2035 830 2089 τὰς
860 2035 1013 2098 μύλας
1038 2039 1132 2085 τῶν
1157 2033 1363 2085 λεόντων
1388 2032 1685 2084 συνέθλασεν
1748 2015 1818 2048 7-9·

107 2125 135 2148 ⁴⁶
161 2119 185 2169 ὁ
213 2118 400 2185 Κύριος.
454 2116 907 2186 ἐξουδενωθήσονται
938 2120 999 2170 ὡς
1034 2119 1156 2183 ὕδωρ
1192 2115 1589 2183 διαπορευόμενον,
1615 2115 1685 2164 ἐν-
1703 2124 1731 2164 (1

109 2207 136 2230 “
161 2204 283 2251 τενεῖ
310 2199 365 2251 τὸ
396 2199 538 2268 τόξον
571 2200 712 2250 αὑτοῦ
750 2199 834 2254 ἕως
872 2200 926 2251 οῦ
960 2199 1327 2264 ἀσθενήσουσιν.
1396 2200 1457 2252 ὡς
1490 2198 1514 2248 ὁ
1546 2195 1687 2264 κηρὸς

42 2304 89 2342 25
110 2289 137 2313 “
162 2283 188 2333 ὁ
213 2285 361 2336 τακεὶς
396 2281 914 2349 ἀνταναιρεθήσονται.”

109 2446 277 2489 ΛΛανίαν
303 2447 347 2488 ἐν
374 2445 481 2501 οἴκῳ
509 2448 656 2504 Κυρίου
684 2450 939 2491 κατέΠΗΕαν,
999 2449 1249 2504 ἑφθαρΗσαν
1278 2447 1382 2488 κατὰ
1415 2446 1490 2487 τὰς
1522 2446 1684 2501 ἡμέρας
1706 2464 1727 2499 9

177 2534 249 2572 τοῦ
289 2533 444 2580 βουνοῦ·
506 2532 790 2578 μνΗσθιὶισεται
830 2530 995 2572 ἀδικίας
1035 2532 1177 2582 αὐτοῦ,
1220 2530 1432 2572 ἐκδικήσει
1475 2528 1685 2586 ἁμαρτίας

178 2616 319 2656 αὐτοῦ.

187 2709 362 2758 Μανίαν
388 2704 585 2756 κάνθάδε
608 2706 823 2770 συνήθως
847 2709 968 2774 φησὶ
991 2705 1075 2770 τὴν
1101 2707 1482 2775 ψευδομαντείαν.
1539 2706 1686 2774 Κυρίου

166 2840 217 2874 17.
235 2828 396 2873 αἱρέσεων
414 2839 482 2861 om.
503 2827 549 2861 D.
694 2839 747 2872 23.
775 2829 792 2861 ὁ
810 2840 880 2863 om.
902 2829 946 2862 D.
1090 2840 1144 2871 24.
1163 2827 1428 2873 ἀσθενήσουσιν]
1448 2828 1686 2872 (ἰσθενὴσωσιν

116 2876 207 2911 Edd.
274 2875 398 2909 Statim
427 2875 510 2908 haec
539 2875 582 2910 ὡς
609 2876 626 2908 ὁ
654 2877 753 2918 κηρὸς
778 2877 796 2908 ὁ
823 2876 931 2910 τακεὶς
955 2875 1291 2920 ἀνταναιρεθὴσονται
1319 2882 1538 2910 accesserunt
1567 2888 1607 2909 ex
1637 2876 1683 2910 D.

117 2924 172 2958 26.
198 2921 399 2966 κατέπηξαν]
421 2921 602 2965 κατέπηξεν
619 2922 807 2955 Aubertus.
857 2923 915 2957 τὰς
933 2921 1028 2956 deest
1046 2923 1080 2956 in
1101 2923 1191 2957 Edd.
1408 2932 1462 2968 27.
1491 2923 1606 2957 αὐτοῦ.
1621 2950 1628 2956 .
1645 2949 1652 2956 .
1668 2950 1675 2957 .

115 2972 217 3004 αὑτοῦ
236 2969 481 3013 ss.1).(A1ex.)
496 2968 556 3002 sed
575 2968 618 3003 cf.
636 2969 725 3002 infra
746 2980 808 3013 134
826 2981 856 3002 a.
875 2969 982 3004 αὐτῶν
997 2997 1003 3004 .
1018 2997 1026 3006 .
1043 2997 1050 3005 .
1065 2997 1071 3004 .
1085 2970 1193 3005 αὐτῶν
1204 2969 1294 3004 Edd.
1308 2969 1429 3015 (Vat.)
1526 2981 1580 3016 29.
1598 2971 1686 3015 ψευ-

117 3017 294 3061 δομαντίαν
313 3016 354 3050 Β.
406 3015 530 3050 Statim
549 3018 637 3050 Θεοῦ
654 3028 716 3061 pro
734 3016 859 3060 Κυρίου
876 3016 909 3050 b.
