2021 3434
684 210 1120 251 PRAEFATIO.
1658 207 1696 246 xi

166 331 333 387 Aliquid
364 333 487 375 etiam
519 334 598 375 huc
628 334 860 376 attulerunt
889 335 1070 377 Catenae
1101 333 1142 374 in
1171 332 1259 374 aliis
1289 331 1364 371 SS.
1390 330 1697 386 Scripturarum

108 399 306 453 partibus.
369 401 635 444 Utilissimam
662 403 797 444 inveni
825 403 934 444 illam
964 403 1004 443 in
1037 403 1142 444 Acta
1172 401 1247 442 SS.
1272 399 1565 455 Apostolorum
1592 403 1634 439 et
1658 397 1699 437 in

108 467 313 521 Epistolas
336 469 582 520 catholicas,
605 485 728 526 quam
757 478 918 512 nostras
940 471 1067 512 edidit
1090 468 1326 512 Cramerius
1346 483 1383 509 a.
1412 468 1514 521 1838
1533 482 1542 515 ;
1575 472 1700 521 atque

108 534 267 577 Catena
293 536 335 577 in
364 537 501 579 Libris
523 539 683 595 Regum
709 539 824 592 (Maii
846 539 952 580 Bibl.
976 539 1095 579 Nova
1116 538 1198 591 Ill)
1220 536 1432 578 commoda
1457 535 1579 576 etiam
1606 534 1699 583 fuit,

106 603 257 658 quippe
285 618 390 659 quae
417 605 591 661 primam
619 607 807 648 lacunam
833 607 875 647 in
899 607 1005 648 Osee
1029 619 1082 646 20
1104 621 1138 647 e.
1162 605 1274 655 satis,
1297 610 1344 646 ut
1370 618 1504 660 spero,
1533 603 1698 658 supple·

105 671 224 713 verit.
284 672 459 715 Nicetae
486 675 538 716 de
565 675 737 716 Psalmis
767 674 861 716 libri
891 689 940 716 ea.
970 674 1149 715 editione
1179 688 1275 715 usus
1303 688 1391 714 sum
1424 686 1546 727 quam
1575 685 1700 726 supra.

105 740 202 790 dixi,
236 740 341 782 Maii
370 743 477 784 Bibl.
507 744 626 785 Nova
654 744 732 793 ΙΙΙ,
764 758 893 799 usque
923 743 977 784 ad
1005 742 1314 798 nonagesimum
1343 741 1431 783 fere
1461 740 1697 781 Psalmum:

104 816 263 851 eeteros
283 817 490 867 utcunque
510 826 532 853 e
553 812 676 853 variis
699 812 828 854 Codd.
850 811 1016 853 MSStis
1038 810 1197 866 collegi,
1221 811 1278 851 ita
1300 810 1436 851 citavi.

162 877 335 920 Praeter
356 879 430 920 has
458 880 593 921 nullae
614 884 725 929 sunt,
748 895 849 935 quas
870 879 976 927 novi,
1002 880 1255 921 Graecorum
1281 878 1475 920 Codicum
1498 876 1697 917 materiae

102 947 167 987 vel
196 947 250 988 ad
278 948 487 989 minimum
516 949 647 990 utiles.
709 949 802 1004 Ego
825 949 929 990 enim
954 949 1174 1003 Catalogos
1195 945 1352 1002 inspexi
1385 945 1699 1001 praecipuarum

103 1015 453 1058 Bibliothecarum
485 1018 664 1067 Parisiis,
693 1018 977 1066 Vindobonae,
1009 1016 1185 1065 Monaci,
1219 1015 1467 1062 Florentiae,
1497 1013 1698 1061 Venetus,

104 1084 340 1134 Mediolani,
363 1086 551 1141 Neapoli,
575 1087 834 1128 Muscoviae:
870 1085 1054 1142 Heysius
1081 1090 1234 1132 autem,
1265 1089 1432 1139 praeter
1454 1097 1527 1123 sua
1556 1096 1699 1137 opera,

103 1169 179 1209 pro
201 1169 265 1196 me
286 1169 373 1196 rem
396 1155 553 1197 Romae
579 1155 807 1211 indagavit.
868 1155 920 1196 In
942 1154 1139 1195 Biblioth.
1162 1152 1310 1194 Pala-tii
1333 1150 1554 1193 Escorialis
1576 1165 1698 1205 quam

104 1222 317 1278 Philippus
334 1224 378 1264 II
398 1238 473 1264 rex
493 1224 692 1272 fundavit,
712 1228 837 1279 atque
858 1224 900 1264 in
922 1223 1119 1264 Biblioth.
1142 1222 1270 1277 ipsius
1292 1221 1405 1262 urbis
1428 1219 1700 1269 Matritensis,

103 1297 197 1331 sunt
218 1291 418 1346 quaedam
439 1293 690 1348 exemplaria
710 1293 1001 1348 plerorumque
1022 1306 1074 1332 ex
1094 1291 1158 1331 his
1186 1289 1413 1346 prophetis,
1436 1288 1571 1329 seculo
1595 1288 1699 1328 XVI

102 1359 376 1415 transcripta:
428 1360 499 1401 sed
539 1361 686 1411 omnia,
729 1366 896 1416 praeter
932 1374 1056 1402 unum
1098 1359 1256 1415 pariter
1298 1363 1396 1399 sunt
1439 1356 1534 1398 vilia
1574 1362 1699 1411 atque

102 1426 274 1469 inutilia.
353 1429 435 1469 Hic
471 1444 574 1470 unus
607 1430 737 1471 codex
772 1429 840 1471 ille
876 1435 939 1471 est
972 1428 1043 1484 qui
1073 1428 1312 1469 inscribitur
1342 1433 1378 1479 ψ
1401 1426 1442 1466 ii.
1468 1439 1520 1477 43
1563 1440 1588 1465 a
1619 1439 1699 1479 qno

102 1502 218 1538 extat
241 1497 404 1538 Matriti
432 1498 702 1554 apographon
731 1513 862 1554 paene
888 1512 1154 1553 aequaevum.
1218 1495 1299 1546 Qui
1322 1496 1363 1535 in
1385 1493 1546 1535 Palatio
1568 1499 1642 1541 est,
1665 1492 1698 1533 is

103 1565 286 1606 Hurtadi
314 1572 404 1607 erat
432 1567 483 1608 de
515 1567 720 1608 Mendoza
751 1567 1005 1614 Cardinalis;
1044 1565 1114 1621 qui
1144 1579 1238 1606 suos
1268 1564 1395 1605 libros
1417 1561 1598 1617 Principi
1627 1576 1699 1602 suo

102 1633 278 1674 moriens
308 1634 488 1690 legavit;
522 1635 591 1690 qui
613 1635 869 1676 Graecorum
893 1634 1056 1690 quidem
1078 1634 1275 1674 librorum
1298 1632 1397 1681 sola,
1419 1631 1556 1679 credo,
1579 1629 1699 1671 ullius

102 1703 224 1759 pretii
254 1719 425 1745 munera
453 1704 539 1759 jam
572 1719 750 1760 unquam
786 1704 829 1745 in
861 1704 971 1745 illam
1005 1703 1303 1744 Bibliothecam
1337 1703 1554 1742 venerunt.
1618 1699 1697 1740 Hic

102 1777 240 1813 autem
267 1771 396 1813 codex
425 1774 550 1813 Amos
574 1778 616 1814 et
643 1772 874 1813 Michaeam
900 1771 1005 1813 solos
1031 1771 1238 1817 continet;
1273 1776 1315 1811 et
1336 1769 1444 1810 idem
1465 1782 1621 1809 revera·
1634 1773 1699 1808 est

102 1844 242 1881 textus
268 1845 392 1895 atque
423 1841 523 1882 Cod.
547 1842 606 1889 A;
641 1841 717 1882 etsi
743 1855 824 1881 non
846 1840 899 1881 ad
920 1839 1046 1896 ipsius
1068 1839 1279 1894 exemplar
1299 1837 1352 1879 sit
1372 1842 1602 1884 exaratum,
1626 1835 1698 1877 sed

102 1907 277 1950 fortasse
308 1923 359 1950 ex
389 1909 488 1951 Cod.
522 1910 706 1951 Ottobon
737 1922 817 1964 233
847 1910 940 1963 (sec.
972 1909 1052 1949 XV
1074 1907 1297 1960 exeuntis),
1325 1920 1446 1961 quem
1475 1904 1634 1947 Codicis
1658 1905 1698 1944 A

102 1992 190 2019 esse
223 1979 494 2035 apographon
530 1979 711 2035 Heysius
741 1979 912 2035 judicat.
974 1977 1125 2019 Totum
1162 1978 1270 2018 hunc
1308 1976 1408 2018 Cod.
1445 1990 1553 2017 anno
1590 1973 1696 2028 1858

102 2061 179 2102 ego
209 2047 380 2104 perlegi,
411 2054 554 2103 utpote
585 2048 655 2103 qui
686 2049 725 2089 A
754 2054 796 2089 et
825 2047 924 2089 Cod.
958 2046 1283 2088 Ottobonensem
1314 2050 1401 2085 tum
1432 2044 1695 2099 ignorarem:

101 2129 223 2165 nunc,
254 2130 345 2157 cum
380 2116 554 2158 eundem
588 2116 676 2157 fere
712 2122 871 2157 textum
907 2121 1032 2170 atque
1071 2116 1110 2155 A
1142 2113 1350 2162 exhibeat,
1383 2111 1554 2168 paginas
1585 2109 1695 2151 nolui

101 2183 276 2239 amplius
310 2198 507 2235 onerare,
549 2199 624 2227 nec
654 2184 730 2226 nisi
768 2190 833 2226 ter
863 2189 1062 2239 qua-terve
1096 2181 1231 2231 citavi,
1268 2180 1337 2222 ubi
1375 2181 1426 2221 ab
1462 2180 1503 2219 A
1539 2178 1696 2220 distare

102 2252 328 2294 videretur.

160 2387 453 2429 Observaverit
471 2388 610 2437 lector,
634 2387 686 2429 de
707 2402 787 2429 uno
808 2387 907 2429 Cod.
927 2386 1175 2427 mentionem
1197 2383 1286 2425 fieri
1307 2383 1442 2424 adhuc
1462 2382 1503 2423 in
1524 2382 1696 2424 Oriente

101 2455 256 2497 relicto.
308 2457 372 2497 Ex
394 2456 565 2497 Henrici
587 2456 703 2498 Coxii
725 2455 906 2503 relatu&
926 2454 1205 2495 Bibliothecae
1223 2451 1472 2493 Bodleianae
1489 2450 1694 2502 Custodis,

101 2538 207 2579 quae
226 2524 308 2565 illic
327 2524 370 2564 in
385 2524 642 2565 bibliothecis
662 2524 882 2579 supersint,
898 2523 1142 2578 plerumque
1158 2526 1412 2576 compertum
1431 2519 1566 2560 habui.
1620 2519 1696 2561 Cui

102 2592 189 2633 viro
217 2592 282 2632 hic
312 2592 412 2632 mihi
441 2592 562 2634 liceat
589 2598 728 2648 grates
756 2606 896 2648 agere,
922 2606 998 2646 pro
1026 2588 1326 2631 humanissimis
1354 2603 1456 2644 erga
1480 2603 1545 2629 me
1570 2588 1695 2629 bene-

101 2660 213 2708 ficiis,
245 2666 333 2701 turn
368 2660 420 2701 de
455 2660 531 2701 hac
564 2660 653 2716 ipsa
688 2675 734 2701 re
769 2666 857 2701 tum
890 2659 932 2700 in
964 2658 1110 2700 ceteris
1139 2658 1289 2699 nostris
1319 2655 1695 2698 consuetudinibus.

102 2729 220 2772 Quae
249 2728 318 2769 ille
339 2728 469 2769 visere
499 2743 581 2769 non
611 2728 758 2784 potuit,
787 2728 868 2769 duo
898 2727 987 2768 loca
1015 2726 1102 2782 ipse
1132 2725 1228 2775 adii,
1261 2724 1362 2766 Sina
1392 2725 1481 2766 dico
1513 2730 1694 2765 montem

101 2804 226 2853 atque
247 2797 375 2838 Atho.
433 2798 509 2837 Ex
527 2796 785 2838 monasteriis
812 2795 1069 2852 undeviginti
1089 2795 1132 2836 in
1152 2800 1290 2837 monte
1314 2794 1440 2844 Atho,
1464 2793 1600 2834 omnia
1620 2792 1695 2835 visi

145 2950 164 2971 *
189 2948 313 2988 Report
334 2950 370 2978 to
390 2946 466 2978 Her
485 2945 661 2987 Majesty's
681 2945 909 2976 Government
928 2956 970 2976 on
986 2945 1043 2976 the
1059 2945 1170 2977 Greek
1185 2944 1414 2986 Manuscripts
1432 2947 1489 2985 yet
1511 2944 1694 2985 remaining

104 3001 137 3031 in
155 3001 211 3033 the
227 3001 393 3033 Libraries
410 3001 447 3031 of
458 3001 515 3032 the
532 3001 672 3038 Levant,
691 3000 735 3040 by
751 3000 797 3032 H.
816 3000 853 3031 O.
867 3001 967 3037 Coxe,
987 2999 1082 3031 M.A.
1132 2999 1282 3038 London,
1307 3000 1398 3039 1850.

864 3054 934 3096 b2
