2021 3434
325 198 409 237 464
714 200 762 238 B.
806 199 1084 239 CYRILLI
1135 200 1512 240 ALEXANDR.
1674 216 1710 240 v.
1740 213 1802 249 12,
1829 212 1891 253 13.

326 311 490 372 φησιν,
515 306 584 356 ὅτι
610 307 716 361 τοὺς
741 307 800 358 τὰ
825 310 987 374 μέτρια
1019 314 1208 374 φρονεῖν
1233 311 1578 372 ἀναπείθοντας,
1606 312 1677 360 καὶ
1704 312 1751 360 ἐν
1775 310 1895 375 παῤ-

325 389 468 456 ῥησίᾳ
514 390 617 455 περὶ
667 389 832 441 τούτου
887 391 1300 454 συμβουλεύοντας
1362 392 1599 442 ἐποιοῦντο
1650 389 1893 460 φευκτούς·

283 475 310 514 d
327 468 472 533 ἤγουν
507 468 576 520 ὅτι
611 469 669 520 τὰ
694 475 787 521 τῶν
812 471 1022 536 πενήτων
1049 472 1249 538 κρίματα
1281 473 1579 538 παρακρίνειν
1605 473 1896 535 ἀπετόλμων,

326 552 379 601 οὐ
406 552 691 616 λεληθότως·
735 551 878 604 πόθεν
899 576 908 612 ;
944 554 1045 605 οὐδὲ
1071 556 1207 605 οἱονεὶ
1233 553 1531 622 σοφιζόμενοι
1555 552 1640 618 τὴν
1665 555 1896 615 ἀσέβειαν,

325 635 434 683 ἀλλ’
480 637 614 684 οἱονεὶ
667 635 703 685 ἐν
747 634 934 698 πόλεως,
979 635 1220 686 τουτέστιν
1263 635 1531 704 ἀναφανδὸν
1575 639 1649 686 καὶ
1697 638 1743 686 ἐν
1787 635 1896 704 ὄψει

323 719 534 778 πολλῶν,
561 715 692 766 οὐδὲν
724 716 788 767 ἔτι
821 722 1200 783 κατερυθριῶντες
1235 717 1369 780 ὅλως,
1398 719 1499 768 οὔτε
1533 718 1625 781 μὴν
1660 720 1771 768 αἰδῶ
1795 716 1897 767 τινὰ

323 803 406 847 τοῦ
444 798 567 848 θείου
603 798 863 862 ποιούμενοι
900 798 1059 862 νόμου.
1124 804 1184 853 εἷς
1222 805 1358 850 τοῦτο
1392 799 1439 850 δὲ
1473 799 1560 864 ἤδη
1600 797 1894 868 φαυλότητός

323 901 371 928 τε
424 881 497 930 καὶ
551 880 745 948 πονηρίας
794 882 1117 942 κατεβίβασαν
1177 880 1259 932 τὸν
1306 880 1460 946 καιρόν,
1511 883 1572 935 ὡς
1621 885 1694 931 καὶ
1743 882 1896 935 αὐτοῖς

323 963 509 1027 ἄμεινον
543 965 745 1030 ὁρᾶσθαι
779 970 873 1018 τοῖς
916 971 1103 1034 σοφοῖς,
1144 967 1217 1016 καὶ
1256 971 1349 1018 τοῖς
1387 966 1592 1016 συνιέναι
1631 965 1896 1029 δυναμένοις

323 1047 584 1109 οἰκονομίας
633 1046 939 1113 πραγμάτων,
986 1045 1039 1098 τὸ
1088 1046 1203 1112 μήτε
1256 1048 1462 1115 ἐλέγχειν
1512 1048 1591 1109 ἔτι,
1639 1046 1754 1110 μήτε
1804 1046 1897 1111 μὴν

285 1128 608 1194 θέπανορθοῦν
651 1127 756 1182 τοὺς
800 1132 1052 1191 δυσσεβεῖν
1091 1130 1350 1193 ἑλομένους,
1395 1130 1540 1180 διάτοι
1585 1128 1638 1180 τὸ
1682 1134 1778 1183 τοῖς
1815 1131 1897 1181 οὐκ

323 1207 513 1275 ἔχουσιν
557 1212 669 1260 ὠτία
713 1212 1034 1277 προσεοικέναι
1079 1210 1245 1262 λοιπὸν
1287 1210 1392 1265 τοὺς
1436 1212 1780 1279 ἐλεγχομένους,
1822 1214 1897 1262 καὶ

322 1291 519 1354 κυνηδὸν
545 1292 849 1358 ἐπιθρώσκειν
880 1298 975 1346 τοῖς
1013 1292 1254 1344 ἐθέλουσιν
1282 1295 1494 1361 ὠφελεῖν,
1521 1294 1596 1343 καὶ
1634 1296 1681 1344 ἐν
1717 1295 1897 1361 ἐχθρῶν

321 1377 555 1423 ποιεῖσθαι
589 1374 728 1442 μοίρᾳ
762 1374 868 1428 τοὺς
901 1379 995 1425 τῶν
1030 1375 1306 1426 καλλίστων
1343 1375 1608 1441 εἰσηγητάς.
1673 1375 1897 1438 ἐπετίμων

321 1455 413 1522 γὰρ
439 1462 533 1510 τοῖς
560 1459 707 1522 ἁγίοις
732 1458 1009 1526 προφήταις,
1035 1462 1108 1510 καὶ
1140 1458 1431 1525 πραγμάτων
1457 1457 1618 1512 αὐτοὺς
1647 1463 1895 1525 πειρᾶσθαι

321 1538 667 1606 παρεσκεύαζον
704 1544 765 1593 εἷς
805 1541 952 1603 μέσον
994 1540 1146 1594 ἰόντας
1184 1542 1286 1592 ἔσθ’
1329 1541 1419 1604 ὅτε,
1467 1543 1540 1592 καὶ
1578 1541 1684 1594 τοὺς
1722 1541 1897 1592 ἄνωθεν

323 1622 476 1674 αὐτοῖς
509 1622 854 1688 διακομίζοντας
887 1623 1075 1688 λόγους.
1141 1625 1215 1673 καὶ
1254 1629 1369 1688 γοῦν
1403 1623 1617 1676 Σεδεκίας
1654 1622 1898 1689 ἀπαγγέλ-

103 1701 198 1732 Hier.

104 1745 180 1775 xliv.
201 1752 249 1783 15,

103 1787 306 1871 gggX⁶·a
323 1784 518 1849 ε’δέσμει,
558 1785 671 1837 ποτὲ
717 1785 765 1837 δὲ
806 1790 879 1837 καὶ
924 1791 986 1840 εἷς
1025 1787 1201 1838 λάκκον
1243 1788 1401 1848 καθιέι,
1441 1788 1517 1838 καὶ
1554 1792 1649 1841 τοῖς
1687 1789 1735 1838 ἐν
1775 1789 1900 1858 αὐτῷ

323 1867 556 1933 τέλμασιν
579 1871 903 1937 ἐναποπνίγειν
930 1871 1112 1936 ἤθελεν.

323 1709 471 1753 λοντα
521 1702 580 1754 τὰ
620 1703 750 1771 παρὰ
794 1708 919 1755 Θεοῦ
966 1704 1049 1755 τὸν
1094 1703 1344 1774 προφήτην
1387 1706 1609 1770 Ἰερεμίαν
1652 1705 1765 1756 ποτὲ
1814 1705 1899 1769 μὲν

397 1951 584 2001 Οὐκοῦν
621 1953 695 2002 ἐπὶ
727 1957 906 2018 μικροῖς
940 1953 1005 2004 ἔτι
1048 1954 1319 2016 πταίσμασι
1361 1957 1596 2017 μετανοεῖν
1634 1955 1899 2020 ἀναγκαῖον,

324 2035 398 2083 καὶ
436 2031 500 2097 μὴ
538 2038 637 2087 ταῖς
671 2038 765 2084 τῶν
800 2033 1020 2101 μειζόνων
1045 2037 1309 2101 ἐπαγωγαῖς
1335 2037 1581 2103 μονονουχὶ
1615 2038 1690 2086 καὶ
1729 2036 1900 2086 ἄκοντα

322 2115 623 2183 παροτρύνειν
649 2116 785 2168 Θεόν.
849 2120 886 2167 εἰ
913 2116 1005 2183 γὰρ
1031 2123 1207 2189 ἰσχυραὶ
1235 2117 1445 2183 γένοιντο
1480 2120 1553 2168 καὶ
1583 2119 1761 2169 πολλαὶ
1792 2117 1901 2168 λίαν

323 2205 371 2250 αἱ
415 2200 651 2267 ἁμαρτίαι,
697 2196 801 2249 τότε
845 2198 901 2263 δὴ
945 2198 1131 2253 πάντως
1181 2200 1516 2262 ἀνταποδώσει,
1566 2202 1641 2250 καὶ
1688 2199 1771 2253 τὰς
1818 2202 1899 2263 τῆς

322 2280 684 2346 ἀγανακτήσεως
716 2281 892 2332 ἐποίσει
923 2281 1127 2347 φλόγας.
1198 2282 1384 2351 ἰσχυρὰς
1416 2280 1463 2333 δὲ
1492 2279 1608 2332 εἶναι’
1636 2287 1791 2349 φαμεν
1817 2281 1899 2336 τὰς

102 2373 267 2447 ἰὸἑεῖοὸῐὶ·
322 2367 565 2433 ἁμαρτίαις,
609 2361 693 2416 τὰς
743 2363 890 2417 δεινάς
939 2387 988 2414 τε
1037 2365 1111 2415 καὶ
1157 2365 1435 2432 ἀφορήτους·
1487 2363 1555 2415 ὅτι
1605 2371 1631 2394 “
1650 2363 1713 2427 μὴ
1763 2369 1899 2415 πᾶσα

125 2441 131 2447 ’
174 2435 200 2456 ‘⁶
323 2450 350 2473 ‘⁶
377 2446 582 2511 ἁμαρτία
632 2444 750 2510 πρὸς
799 2444 1039 2509 θάνατον,”
1092 2446 1210 2497 κατά
1249 2469 1303 2512 γε
1351 2445 1436 2510 τὴν
1484 2446 1770 2513 σοφωτάτην
1816 2452 1898 2497 τοῦ

277 2526 303 2567 b
322 2526 541 2578 Ἰωάννου
572 2526 751 2595 φωνήν·
793 2531 831 2578 εἱ
859 2527 907 2578 δὲ
940 2529 1140 2592 μηδεμία
1172 2533 1301 2579 νικᾶν
1336 2527 1486 2595 ἰσχύει
1510 2527 1595 2592 τὴν
1621 2532 1892 2596 φιλανθρω-

321 2610 432 2659 πίαν
460 2613 597 2672 Θεοῦ,
627 2607 663 2679 ᾧ
687 2610 714 2674 ἡ
741 2609 858 2678 δόξα
883 2613 945 2664 εἷς
970 2609 1076 2664 τοὺς
1102 2614 1283 2664 αἰῶνας.
1350 2609 1517 2674 Ἀμήν.

371 2772 402 2794 2.
428 2761 626 2805 φευκτικούς
643 2773 660 2795 e
678 2773 742 2796 suo
761 2761 896 2807 Migne.
1009 2773 1042 2807 3.
1067 2761 1119 2795 ὅτι
1137 2767 1358 2804 assumptum
1377 2773 1417 2795 ex
1437 2760 1478 2795 B.
1586 2773 1618 2804 4.
1643 2761 1748 2795 πόθεν
1764 2772 1834 2795 om.
1853 2760 1896 2795 B.

322 2808 426 2841 ποθὲν
443 2809 486 2842 A.
537 2809 712 2849 εὐσέβειαν
730 2808 821 2842 Edd.
997 2819 1030 2851 5.
1055 2809 1156 2843 οἱονεὶ
1175 2809 1216 2843 Α.
1235 2806 1305 2842 οἷον
1322 2807 1380 2842 iid.
1554 2819 1605 2842 10.
1631 2807 1820 2851 οἰκονομίαν
1836 2806 1894 2841 iid.

327 2865 378 2887 11.
403 2869 454 2887 τοι
472 2862 693 2900 assumptum
711 2867 752 2889 ex
771 2855 806 2890 b.
1226 2866 1280 2889 20.
1307 2854 1538 2899 ἐναποπνίγειν
1554 2855 1644 2890 Α.Β.
1663 2854 1784 2889 ἀποπν.
1805 2853 1894 2887 Edd.

323 2910 376 2944 23.
403 2901 621 2944 παροτρύνειν
638 2902 681 2935 A.
701 2901 791 2936 Edd.
810 2901 1009 2946 παροξύνειν
1027 2902 1068 2936 Β.
1228 2913 1281 2944 24.
1306 2902 1476 2935 ἀποδώσει
1496 2900 1537 2935 Β.
1697 2911 1750 2946 25.
1780 2901 1895 2935 ποινάς

322 2957 386 2988 pro
404 2948 540 2990 φλόγας
559 2948 600 2981 B.
618 2948 725 2983 invito
743 2949 785 2982 A.
887 2958 939 2993 27.
957 2949 1003 2984 εἷς
1020 2961 1082 2994 pro
1100 2951 1184 2994 πρὸς
1201 2950 1244 2983 A.
1294 2951 1354 2982 τοῦ
1371 2960 1440 2983 om.
1459 2948 1502 2981 A.
1601 2947 1655 2988 28,
1675 2958 1728 2992 29.
1752 2947 1847 2981 Haec
1865 2946 1894 2980 εἰ

321 2991 356 3025 δέ
374 2993 668 3037 μηδεμία-Ἀμήν
685 3002 904 3029 accesserunt
921 3007 961 3029 ex
983 2995 1022 3029 B.

1917 653 1937 690 5

1918 1895 1966 1920 20
