2021 3434
109 223 336 275 iii.11‚12.
495 225 568 265 IN
614 224 999 266 MICHAEAM.
1059 225 1208 266 TOM.
1242 226 1302 267 ΙΙ.
1601 228 1683 267 655

107 331 250 395 αὐτὴν
275 331 394 383 ἵστω
424 334 834 397 πεπλημμεληκὼς
864 333 949 398 τὴν
975 332 1240 400 ἀπόῤῥητον
1266 334 1431 403 δόξαν,
1459 333 1488 399 ἢ
1515 334 1686 400 κρίνειν

105 411 226 464 οἶδεν
250 414 400 479 ὀρθῶς
425 416 500 465 καὶ
527 415 722 469 δικαίως.
768 419 892 466 Θεοῦ
919 415 1011 481 γὰρ
1037 416 1064 480 ἡ
1091 416 1261 481 κρίσις,
1292 419 1354 469 ὡς
1377 416 1510 482 ἔφην.
1562 415 1683 467 πάν-

106 498 254 546 δεινον
280 495 327 547 δὲ
353 495 472 563 πρὸς
494 496 643 566 τούτῳ
671 499 745 547 καὶ
780 497 833 547 τὸ
860 497 1048 563 κέρδους
1080 497 1299 565 ἀφορμὰς
1333 503 1568 549 ποιεῖσθαι
1599 497 1686 561 τὴν

105 575 359 641 εὐσέβειαν,
384 581 458 629 καὶ
483 576 722 644 πορισμὸν
748 579 963 644 ἡγεῖσθαι
987 578 1047 629 τὰ
1072 578 1203 645 παρὰ
1229 583 1366 630 Θεοῦ.
1434 581 1562 646 ἄθρει
1589 579 1685 646 γὰρ

64 676 88 716 5
107 658 233 713 ὅπως
270 660 594 711 ἀκαταιτιάτον
620 661 702 710 οὑκ
740 662 792 728 ἐᾷ
828 661 1079 727 προφήτην
1105 664 1177 711 καὶ
1218 661 1338 727 ἱερεά
1375 667 1685 731 μισθοφορεῖν
1703 688 1725 711 a
1750 678 1835 712 423
1851 676 1905 711 A.

107 739 355 804 ἐθέλοντα,
385 743 447 796 ὡς
481 746 576 796 τοῖς
613 747 898 808 προσιοῦσιν
925 742 1307 808 ἐπαγγέλλεσθαι
1340 749 1523 806 λαλεῖν,
1554 748 1591 795 εὶ
1628 744 1687 809 δὴ

104 823 436 890 προσκομίζειν
476 824 657 874 ἕλοιντο
697 824 897 884 μισθούς
940 847 988 875 τε
1028 827 1102 875 καὶ
1146 828 1285 891 δῶρα.
1350 823 1474 889 οἶμαι
1520 826 1569 877 δὲ
1615 827 1687 878 ὅτι

104 907 512 973 ψευδοπροφητῶν
550 905 852 970 διαμέμνηται
889 904 1036 957 πάλιν
1067 908 1092 957 ὁ
1131 906 1274 972 λόγος
1314 911 1376 960 εἷς
1412 907 1466 958 τὸ
1504 906 1679 973 παρὸν,

106 989 181 1038 καὶ
207 987 309 1054 οὐχὶ
335 985 522 1041 πάντως
549 990 798 1053 ἱερουργῶν
824 992 919 1038 τῶν
944 989 993 1039 ἐκ
1020 986 1165 1051 νόμου
1192 990 1266 1038 καὶ
1295 990 1542 1053 ἀληθινῶς,
1571 991 1684 1040 ἀλλ’

43 1097 91 1122 ιο
108 1070 174 1125 οἷς
211 1070 269 1136 ἧν
293 1071 394 1125 ἔθος
432 1070 515 1124 τὰς
548 1070 740 1122 τοιάσδε
777 1071 915 1135 τιμὰς
954 1071 1235 1139 ὑποτρέχειν,
1262 1075 1336 1123 καὶ
1375 1072 1558 1138 ὠνητὴν
1583 1075 1688 1125 ἑαυ-

106 1158 203 1207 τοῖς
239 1157 579 1220 περιποιεῖσθαι
605 1153 690 1216 τὴν
716 1152 877 1222 δόξαν.
943 1155 997 1204 οὐ
1035 1153 1128 1220 γὰρ
1161 1152 1219 1204 ἂν
1243 1154 1490 1223 προφήτης
1530 1157 1684 1221 ἅγιος,

107 1235 254 1300 ἤγουν
297 1234 438 1301 ἱερεὺς
487 1237 696 1299 ἀληθῶς,
738 1240 833 1289 τοῖς
875 1239 1078 1287 τοιοῖσδε
1122 1237 1394 1300 πταίσμασι
1438 1235 1524 1301 τὴν
1568 1239 1688 1289 ἰδίαν

108 1317 271 1384 ε”νοχον
296 1318 496 1381 καθίστη
523 1316 700 1386 ψυχήν.

184 1397 322 1462 Εἶτα,
375 1405 565 1450 τοιαῦτα
611 1404 1019 1464 πλημμελοῦντες,
1075 1402 1245 1466 φησὶν,
1299 1400 1372 1452 ἐπὶ
1422 1403 1491 1453 τὶν
1539 1401 1684 1471 Κύριον
1702 1419 1730 1459 b

44 1497 91 1535 15
111 1481 432 1533 ἐπαινεποιῦοντο
459 1481 658 1547 λέγοντες
683 1486 804 1544 Οὐχὶ
830 1484 977 1546 Κύριος
1003 1483 1039 1533 ἐν
1064 1485 1159 1549 ἡμῖν
1184 1483 1326 1544 ἑστίνς
1369 1486 1412 1534 οὐ
1437 1482 1497 1550 μη
1526 1483 1685 1560 ἐπέλθῃ

110 1565 180 1631 ἐφ’
206 1566 324 1632 ἡμᾶς
355 1565 498 1615 κακοί.
558 1563 615 1629 ἧν
641 1563 725 1626 μὲν
763 1563 856 1630 γὰρ
895 1564 1282 1629 ὁμολογουμένως
1319 1566 1367 1615 ἐν
1393 1568 1459 1634 τῷ
1484 1566 1688 1633 Ἰσραὴλ

109 1646 135 1696 ὁ
160 1650 254 1696 τῶν
279 1645 405 1696 ὅλων
431 1646 571 1708 Θεὸς,
600 1646 802 1715 ἐξείλετο
827 1645 875 1696 δὲ
900 1645 1065 1698 αὐτοῦς
1091 1648 1173 1709 τῆς
1198 1647 1246 1696 ἐν
1273 1647 1500 1717 Αἰγύπτῳ
1523 1657 1688 1699 ταλαι-

108 1728 305 1794 πωρίας,
334 1727 648 1790 εἶσκεκόμικεν
675 1732 737 1782 εἰς
768 1726 853 1791 τὴν
878 1731 967 1792 γῆν
998 1730 1080 1790 τῆς
1119 1729 1423 1793 ἐπαγγελίας,
1454 1731 1688 1796 κρείττους

109 1814 185 1860 καὶ
228 1810 569 1875 ἀλκιμωτέρους
607 1809 777 1878 ἔδειξεν
817 1810 1014 1876 ἐχθρῶν.
1081 1811 1190 1859 ἀλλ’
1236 1810 1324 1860 ἔδει
1363 1834 1456 1862 που
1499 1811 1688 1866 πάντως

44 1919 93 1944 20
110 1893 298 1955 ἐννοεῖν,
327 1891 397 1942 ὅτι
422 1897 761 1956 πλημμελοῦσι
789 1894 944 1944 δεινῶς
977 1893 1051 1942 καὶ
1081 1893 1154 1942 ἐπὶ
1185 1895 1280 1945 τοῖς
1309 1893 1454 1946 οὕτως
1480 1892 1690 1947 ἐκτόποις

110 1974 522 2040 κατεγνωσμένοις,
543 1975 624 2024 οῦκ
652 1972 709 2024 ἂν
734 1974 961 2041 ἠνέσχετο
988 1978 1192 2024 συνεῖναι
1213 1974 1348 2028 Θεός.
1406 1974 1688 2037 ἀσύμβατον

108 2056 201 2122 γὰρ
237 2060 303 2125 τῷ
339 2055 536 2125 βεβήλῳ
574 2056 627 2106 τὸ
666 2055 820 2121 ἅγιον,
859 2056 935 2106 καὶ
980 2055 1220 2123 ἀσυναφὲς
1257 2060 1324 2125 τῷ
1367 2058 1588 2123 ῥυποῦντι
1631 2057 1727 2112 τὸο

0 2189 1 2193 ,
108 2137 327 2204 καθαρόν.
388 2137 459 2189 ὅτι
499 2138 654 2189 τοίνυν
697 2136 871 2200 μάταια
914 2137 1283 2204 πεφρονήκασιν,
1328 2139 1575 2202 οἷηθέντες,
1615 2139 1687 2190 ὅτι

0 2217 3 2242 >

0 2321 4 2368 ἶ
44 2324 91 2362 25
109 2301 285 2356 παντὸς
321 2301 526 2353 ἐπέκεινα
564 2307 727 2364 κακοῦ,
757 2301 983 2352 συνέσται
1017 2300 1164 2352 πάλιν
1198 2302 1352 2354 αὐτοῖς
1390 2301 1521 2352 οὐδὲν
1546 2302 1688 2367 ἧττον

108 2217 196 2270 κᾶν
224 2224 260 2271 εἰ
294 2222 376 2284 τῆς
411 2219 708 2288 φαυλότητος
744 2217 832 2270 εἶεν
858 2219 1060 2286 ἐργάται,
1087 2218 1172 2270 κᾶν
1198 2222 1236 2269 εἷ
1271 2223 1386 2285 δρᾶν
1416 2219 1597 2271 ἕλοιντο
1628 2221 1688 2272 τὰ

112 2384 251 2444 Θεὸς,
296 2384 353 2453 ἐξ
397 2385 549 2435 αὐτῶν
589 2383 935 2449 ἐπιγνώσονταί
981 2388 1102 2450 φησι
1152 2387 1247 2433 τῶν
1289 2385 1686 2448 συμβησομένων.

112 2466 489 2537 ἀροτριοισθήσετοιι
530 2466 614 2530 μὲν
650 2465 744 2533 γὰρ
775 2466 802 2529 ἡ
830 2469 952 2524 Σιὼν,
985 2465 1108 2516 ἔσται
1144 2464 1192 2515 δὲ
1231 2467 1288 2520 ὡς
1321 2464 1691 2535 ὀπωροφυλοίκιον

163 2657 192 2680 1.
219 2645 237 2690 ἣ
257 2646 299 2681 Β.
317 2644 340 2691 ᾗ
355 2647 399 2681 Α.
417 2646 435 2690 ἡ
456 2647 557 2681 Pont.
575 2646 593 2691 ἦ
612 2646 706 2681 Aub.
814 2657 847 2691 3.
872 2645 1030 2690 ἀφορμὰς
1047 2644 1090 2678 Α.
1109 2644 1266 2689 ἀφορμὴν
1286 2644 1376 2678 Edd.
1473 2657 1506 2687 4.
1531 2643 1626 2686 ἄθρει
1643 2644 1689 2677 A.

5 2685 8 2710 ¹
113 2692 175 2738 ὅρα
194 2693 235 2726 Β.
257 2695 325 2737 ὁρῶ
343 2693 434 2728 Edd.
616 2693 648 2727 6.
676 2693 856 2727 ἐθέλουσιν
874 2693 953 2734 (sic)
972 2693 1014 2725 Α.
1065 2690 1124 2736 ὡς]
1145 2696 1181 2731 -ὗ-
1202 2693 1240 2725 τὸ
1258 2692 1302 2725 Α.
1350 2694 1528 2736 προϊοῦσιν
1546 2692 1625 2734 (sie)
1643 2692 1689 2725 A.

5 2719 8 2770 ξ
111 2739 392 2785 ἀπαγγέλλεσθαι
418 2740 510 2775 Edd.
561 2740 685 2774 Statim
711 2742 829 2773 λαλεῖν
854 2740 898 2773 Α.
924 2739 1036 2783 λέγειν
1062 2737 1153 2772 Edd.
1211 2737 1229 2781 ἢ
1255 2739 1306 2772 δεῖ
1330 2750 1393 2783 pro
1418 2739 1447 2772 εἰ
1472 2739 1511 2781 δὴ
1538 2738 1618 2781 (Sic)
1644 2738 1688 2772 A.

7 2819 9 2834 Ι
114 2786 146 2820 8,
174 2786 390 2831 διαμέμνηται
406 2788 509 2821 πάλιν
526 2789 544 2821 ὁ
561 2789 664 2832 λόγος
683 2787 725 2820 Β.
744 2788 761 2819 ὁ
778 2788 882 2830 λόγος
899 2786 988 2829 διαμ.
1007 2786 1110 2819 πάλιν
1129 2784 1220 2818 Edd.
1448 2797 1481 2829 9.
1508 2786 1692 2829 ἱερουργῶν

7 2849 9 2890 Ι
111 2836 178 2867 τῶν
196 2833 238 2866 Β.
257 2833 519 2879 ἱερουργούντων
537 2834 628 2868 Edd.
677 2833 843 2876 ἀληθινῶν
861 2834 904 2866 A.
1172 2842 1225 2865 11.
1251 2832 1501 2876 περιποιεῖσθαι
1517 2831 1608 2865 A.B.
1629 2846 1689 2866 πε-

8 2906 9 2911 ,
111 2880 272 2923 ποιῆσθαι
290 2880 382 2915 Edd.
638 2880 690 2914 16.
717 2879 771 2924 ἐφ’
790 2878 873 2922 ἡμᾶς
891 2879 971 2912 κακά
989 2878 1056 2912 hoc
1075 2877 1195 2911 ordine
1213 2878 1302 2912 A.B.
1553 2888 1606 2922 17.
1633 2877 1688 2923 δὲ]

7 2914 11 2958 Ι,
111 2927 178 2971 γὰρ
197 2926 239 2960 Β.
383 2938 438 2961 20.
459 2926 579 2972 οὕτως]
600 2926 761 2961 τοιούτοις
779 2925 872 2960 Edd.
923 2925 1047 2959 Statim
1066 2925 1213 2959 ἐκτόπως
1234 2925 1273 2958 Β.
1418 2936 1473 2959 21.
1500 2925 1540 2958 ἂν
1557 2936 1625 2958 om.
1644 2925 1689 2959 A.

8 2969 11 2981 ‘
115 2983 170 3015 24.
196 2973 225 3006 εἷ
241 2973 300 3006 alt.
319 2973 415 3008 deest
432 2975 467 3008 in
485 2973 577 3008 Edd.
870 2972 925 3006 26.
953 2972 1197 3017 ἐπιγνώσονταί
1215 2971 1256 3006 Β.
1281 2972 1469 3017 γνὼσονταί
1487 2972 1530 3006 A.
1549 2972 1690 3018 ἐπιγνώ-

115 3019 240 3054 σεσθαί
258 3019 349 3054 Edd.
