2021 3434
293 194 379 233 542
692 193 742 233 B.
784 191 1061 232 CYRILLI
1101 189 1482 231 ALEXANDR.
1635 186 1690 225 ix.
1718 192 1866 239 13—15.

72 305 222 389 ZiJ‘gin·
294 301 651 370 διαψεύσασθαι
696 301 898 366 λέγοντα
941 300 1023 351 τὸν
1066 298 1282 366 Χριστόν
1327 295 1487 348 (ίἙὰν
1537 294 1600 358 μὴ
1639 296 1664 344 ὁ
1705 292 1870 346 κόκκος·

121 374 127 381 ’
295 390 321 412 “
346 389 428 433 τοῦ
463 384 597 434 σίτου
629 382 792 434 πεσὼν
826 387 888 435 εἰς
919 382 1003 445 τὴν
1027 384 1117 446 γῆν
1143 380 1368 447 ἀποθάνῃ,
1400 377 1537 430 αὐτὸς
1561 376 1701 440 μόνος
1727 375 1865 438 μένει·

295 471 321 494 “
347 466 427 515 ἐαν
491 464 538 515 δὲ
593 465 820 532 ἀποθάνῃ,
875 462 1053 529 καρπὸν
1103 463 1300 514 πλείονα
1350 459 1517 528 φέρει.”
1594 461 1668 509 καὶ
1725 456 1872 509 πάλιν

75 561 194 602 1b.32.
295 554 322 576 ‘⁶
342 546 498 598 ‘'Orav
533 550 712 614 ὑψωθῶ
747 549 796 597 ἐκ
830 550 912 610 τῆς
943 549 1042 612 γῆς,
1068 544 1247 598 πάντας
1279 543 1467 594 ἑλκύσω
1492 540 1608 607 πρὸς
1635 537 1870 602 ἐμαυτόν.”

297 631 393 680 κατ’
424 631 584 693 ἐκείνην
620 628 676 692 δὴ
711 630 791 679 οὖν
826 627 912 692 τὴν
951 627 1123 697 ἡμέραν,
1158 625 1262 677 καθ’
1292 624 1349 690 ἢν
1380 626 1580 689 ἀνεγερῶ
1617 621 1703 686 τὴν
1739 634 1913 672 κατε-5

77 726 156 760 351
171 724 222 759 A.
258 709 568 779 εισ-κοιμμὲνην
613 713 687 761 καὶ
736 716 984 762 πεσοῦσαν
1027 707 1176 769 σκηνὴν
1217 709 1289 759 τοῦ
1332 704 1510 768 Δαυεὶδ,
1553 702 1874 769 κληθήσονται

297 794 451 845 πάντα,
483 793 544 844 τὰ,
579 792 675 856 ἔθνη,
710 794 784 843 καὶ
820 793 886 843 ἐπ’
917 794 1064 846 αὐτοῖς
1098 791 1232 841 ε”σται
1268 788 1313 840 τὲ
1353 788 1448 856 ε’μὲν
1485 790 1633 855 ὄνομα.
1703 787 1778 836 καὶ
1804 784 1875 834 ὅτι

296 875 450 939 πάντη
476 898 525 925 τε
550 877 624 926 καὶ
649 875 836 928 πάντως
867 878 928 927 εἷς
962 873 1105 939 πέρας
1136 872 1384 935 ἐκβήσεται
1414 869 1472 921 τὰ
1497 866 1875 935 προηγγελμένα,

297 957 695 1026 πεπληροφορηκε
729 956 954 1023 προσθείς
982 957 1118 1021 Λέγει
1147 954 1294 1022 Κύριος
1320 960 1337 1005 ὁ
1365 953 1476 1008 Θεὶς
1511 958 1528 1004 ὁ
1561 950 1691 1003 ποιεῖν
1717 951 1876 1001 ταῦτα.
2009 1011 2011 1025 ¹

300 1044 338 1091 εὶ
378 1039 471 1106 γάρ
503 1042 606 1090 ἐστι
646 1038 817 1105 Κύριος
854 1040 878 1089 ὁ
916 1037 1038 1091 Θεὸς
1073 1039 1276 1100 ἀληθῶς,
1311 1035 1464 1099 πάντη
1499 1057 1547 1085 τε
1585 1035 1660 1084 καὶ
1691 1031 1877 1085 πάντως·
1901 1051 1948 1076 10
2006 1030 2009 1043 ³

80 1136 171 1167 Hiob
186 1147 216 1167 v.
300 1121 488 1187 ποιήσει
513 1123 587 1171 καὶ
612 1127 771 1183 ταῦτα,
791 1119 909 1187 πρὸς
936 1119 1066 1171 οὐδὲν
1086 1120 1314 1170 ἀσθενῶν.
1366 1121 1491 1169 ποιεῖ
1514 1115 1608 1183 γὰρ
1625 1123 1651 1145 “
1669 1112 1880 1180 Μεγάλα

302 1213 329 1233 “
357 1207 431 1255 καὶ
472 1203 819 1272 ἀνεξιχνίαστα,
863 1201 1031 1271 ἔνδοξα
1068 1223 1116 1252 τε
1158 1202 1234 1251 καὶ
1277 1200 1475 1269 ἐξαίσια,
1515 1195 1579 1249 ὧν
1623 1199 1706 1249 οὐκ
1749 1196 1880 1247 ε”στιν

302 1294 329 1317 “
355 1285 593 1353 ἀριθμός.”

238 1518 411 1573 13Ἰὸοὺ
449 1518 603 1574 ήμέραι
639 1516 847 1574 ἔρχονται,
873 1517 984 1564 λέγει
1023 1516 1185 1573 Κύριος,
1220 1516 1288 1556 καὶ
1322 1515 1617 1565 καταλήψεται
1642 1515 1664 1557 ὁ
1697 1513 1881 1555 ἀλοήτὸς

258 1609 285 1650 b
370 1602 443 1644 τὸν
486 1601 706 1658 τρυΓΗτὸν,
750 1601 818 1642 καὶ
860 1601 1065 1657 περκάσει
1105 1601 1127 1641 ή
1174 1599 1368 1655 σταφυλή
1409 1600 1452 1641 ὲν
1500 1601 1562 1653 τῷ
1610 1599 1766 1655 σπόρῳ,
1815 1596 1955 1649 καίῐ5
2007 1618 2009 1652 j

372 1686 663 1727 ἀποσταλάξει
688 1685 739 1726 τὰ
766 1684 845 1741 ὄρή
872 1684 1126 1735 Γλυκασμὸν,
1153 1684 1222 1724 καὶ
1247 1684 1402 1724 πάντες
1435 1681 1473 1724 οἷ
1506 1681 1645 1733 βουνοί
1678 1683 1886 1738 σύμφυτοι

241 1789 286 1823 14
372 1769 553 1811 ἔσονται·
594 1768 662 1808 καὶ
687 1767 934 1825 ἐπιστρέψω
960 1766 1036 1809 τήν
1063 1765 1356 1823 αἰχμαλωσίαν
1381 1769 1454 1808 τοῦ
1477 1769 1582 1807 λαοῦ
1605 1765 1887 1822 μουἸσραήλ,

374 1851 443 1892 καί
479 1849 809 1899 οἰκοδομήσουσι
847 1851 994 1893 πόλεις
1028 1850 1104 1892 τὰς
1143 1850 1434 1906 ήφανισμένας
1472 1849 1540 1890 καὶ
1578 1849 1888 1898 κατοικήσουσι,

377 1934 445 1975 καὶ
472 1935 859 1990 καταφυτεύσουσιν
887 1933 1147 1982 ἀμπελῶνας
1186 1933 1254 1974 καὶ
1288 1932 1457 1974 πίονται
1488 1931 1561 1974 τὸν
1591 1927 1706 1973 οἶνον
1733 1931 1889 1983 αὐτῶν,

244 2032 290 2070 15
378 2019 446 2059 καί
479 2019 733 2074 φυτεύσουσι
769 2018 930 2058 κήπους
969 2017 1037 2058 καὶ
1074 2019 1281 2072 φάΓονται
1306 2016 1378 2058 τὸν
1418 2015 1579 2072 καρπὸν
1606 2015 1763 2056 αὐτῶν.
1821 2014 1890 2055 καὶ
1911 2029 1960 2054 20

378 2101 689 2157 καταφυτεύσω
715 2101 869 2142 αὐτοὺς
902 2101 972 2142 ἐπὶ
1003 2105 1076 2142 τῆς
1109 2104 1182 2148 Γής
1209 2100 1363 2150 αὐτῶν,
1391 2099 1460 2140 καὶ
1485 2099 1532 2139 οὐ
1559 2098 1614 2147 μή
1641 2098 1892 2140 ὲκσπασθῶ-

273 2202 295 2228 c
379 2203 442 2229 σιν
476 2187 615 2227 οὐκετι
649 2185 734 2227 ὰπὸ
767 2189 844 2228 τῆς
880 2189 954 2233 Γής
987 2185 1128 2227 αὐτῶν
1163 2182 1211 2226 ἧς
1246 2184 1388 2226 ἔδωκα
1421 2181 1578 2235 αὐτοῖς,
1605 2185 1717 2231 λέΓει
1745 2183 1892 2241 Κύριος

378 2273 402 2313 ὁ
428 2271 537 2314 Θεὸς
563 2272 586 2313 ὁ
611 2271 944 2328 Παντοκράτωρ.

365 2457 394 2479 1.
419 2443 587 2490 Χριστόν]
610 2448 648 2485 -Ι-
669 2443 720 2478 ὅτι
739 2443 829 2478 Edd.
848 2444 965 2479 invitis
983 2443 1075 2478 A.B.
1139 2444 1183 2488 μὴ
1202 2450 1236 2478 et
1252 2446 1311 2478 τοῦ
1330 2443 1533 2478 σίτου-ἐὰν
1550 2442 1585 2477 δὲ
1604 2442 1731 2476 desunt
1747 2442 1783 2476 in
1803 2443 1894 2477 Edd.

317 2503 349 2526 2.
375 2492 421 2527 εἷς
437 2493 496 2535 τὴν
512 2493 574 2536 γῆν
591 2503 661 2525 om.
681 2491 724 2525 B.
988 2505 1021 2533 4.
1047 2491 1083 2524 ἐκ
1101 2492 1157 2535 τῆς
1173 2492 1235 2537 γῆς
1253 2491 1380 2524 desunt
1396 2491 1432 2524 in
1451 2490 1543 2524 Edd.
1795 2500 1828 2535 5.
1855 2491 1895 2534 δὴ

317 2544 542 2583 assumptum
560 2550 601 2571 ex
619 2538 663 2572 A.
712 2536 753 2571 ἂν
769 2537 875 2582 ἐγερῶ
895 2537 936 2572 B.
955 2538 1062 2571 invito
1081 2538 1125 2572 A.
1269 2539 1301 2571 6.
1329 2537 1398 2583 καὶ]
1423 2541 1459 2577 -ξ-
1479 2537 1539 2579 τὴν
1558 2535 1648 2569 Edd.
1797 2538 1830 2571 8.
1855 2538 1896 2571 τὰ

315 2585 573 2630 προηγγελμένα
591 2585 634 2618 A.
653 2586 691 2618 τὸ
708 2583 984 2630 προηγγελμένων
1002 2584 1093 2619 Edd.
1319 2596 1352 2628 9.
1378 2582 1498 2629 ποιῶν]
1524 2587 1558 2623 -ὗ-
1580 2584 1687 2617 πάντα
1709 2582 1800 2617 Edd.
1817 2591 1897 2618 ante

318 2632 452 2677 Migne.
503 2632 629 2666 Statim
646 2634 751 2666 ταῦτα
767 2643 837 2665 orn.
859 2631 900 2665 B.
1109 2643 1161 2666 10.
1190 2630 1287 2665 Haec
1303 2632 1408 2675 πάντη
1426 2645 1461 2665 τε
1479 2631 1532 2664 καὶ
1549 2636 1730 2674 assumpta
1746 2641 1787 2663 ex
1805 2630 1896 2664 ΑΒ.

322 2690 375 2713 11.
401 2680 454 2713 καὶ
471 2690 542 2712 om.
562 2678 604 2712 B.
797 2689 849 2712 12.
876 2678 911 2712 ἐν
927 2678 1008 2723 δόξῃ
1026 2693 1061 2713 τε
1080 2679 1133 2712 καὶ
1151 2678 1289 2722 ἐξουσίᾳ
1307 2678 1351 2711 A.
1558 2687 1611 2719 14.
1637 2676 1789 2720 ἀλωητὸς
1806 2676 1896 2722 (Sic)

461 2735 476 2751 Ο

320 2757 411 2793 Edd.
428 2758 511 2794 ἁλὸς
529 2758 617 2803 (Sic)
635 2758 679 2792 A.
889 2758 942 2793 16.
967 2758 1154 2803 ἇποστάξει
1171 2758 1216 2793 Α.
1423 2765 1475 2801 17.
1504 2756 1718 2802 ἀποστρέψω
1738 2757 1774 2792 F.
1792 2756 1898 2802 (Co.)

319 2807 379 2838 τοῦ
397 2818 466 2840 om.
485 2806 528 2839 A.
547 2805 666 2848 (XII.)
887 2817 939 2850 19.
966 2804 1281 2850 καταφυτεύσουσιν
1298 2803 1387 2838 Α.Β.
1408 2802 1527 2848 (Alex.
1544 2803 1615 2837 XII
1634 2815 1742 2838 manu
1758 2805 1899 2849 prima.)

320 2852 554 2894 φυτεὺσουσιν
572 2851 663 2885 Edd.
683 2851 806 2896 (Vat.)
1147 2863 1202 2886 20.
1227 2850 1442 2896 φυτεύσουσι
1458 2850 1550 2885 Α.Β.
1568 2850 1696 2895 (XII.)
1713 2850 1899 2895 ποιήσουσι

322 2897 413 2932 Edd.
432 2899 528 2941 (Vat.
543 2898 615 2932 XII
636 2899 724 2942 mg.)
773 2901 831 2933 τὸν
849 2911 918 2933 om.
939 2898 1030 2933 Edd.
1217 2909 1271 2932 22.
1296 2896 1379 2942 ἀπὸ]
1400 2897 1434 2930 ἐκ
1455 2897 1491 2931 F.
1511 2897 1608 2942 (42.)
1798 2908 1854 2942 23.
1880 2899 1899 2930 ὁ

321 2945 406 2979 Θεὸς
431 2947 448 2978 ὁ
473 2946 720 2990 Παντοκράτωρ
738 2946 872 2981 A.B.F.
895 2946 1009 2991 (Alex.
1029 2945 1130 2989 XII.)
1159 2943 1194 2990 [ὁ
1219 2945 1279 2979 alt.
1307 2943 1403 2978 deest
1427 2944 1462 2977 in
1489 2943 1587 2989 Vat.]
1614 2944 1860 2989 Παντοκράτωρ
1880 2945 1899 2978 ὁ

323 2993 408 3026 Θεός
426 2991 517 3026 Edd.
537 2991 613 3035 (91,
635 2992 733 3037 153)
