2021 3434
134 159 201 199 vii.
224 172 264 211 4,
287 170 325 212 5.
587 160 660 201 IN
702 161 937 203 OSEAM.
999 162 1142 202 TOM.
1177 162 1253 202 IV.
1627 162 1704 200 155

131 359 291 401 Πάντεε
323 363 603 417 μοιχεύοντες,
641 364 701 404 ὡς
739 363 934 414 κλίβανος
973 366 1195 413 καιόμενος
1233 361 1292 405 εἷο
1331 365 1456 413 Πεψιν
1496 362 1747 415 κατακαύ-4

195 457 328 490 ματος
363 444 448 486 ἀπὸ
480 451 554 486 τῆς
588 445 760 502 morde,
787 446 871 488 ἀπὸ
903 448 1130 503 φυράσεωε
1158 445 1340 497 σταιτὸς,
1367 447 1451 487 ἕως
1477 448 1549 487 τοῦ
1573 460 1705 502 ζυμω-
1723 451 1749 491 b

195 531 317 567 θιῖιναι
343 528 458 570 αὐτό.
517 529 654 586 ἡμέρα
683 531 892 579 βασιλέων
919 530 1050 578 ὑμῶν.
1724 534 1746 572 5

204 633 341 684 Κατά
366 635 469 685 τίνα
495 635 551 700 δὴ
578 635 752 702 τρόπον
775 638 823 687 ἐν
846 635 930 699 μὲν
954 641 1054 689 ταῖς
1080 635 1254 688 κακίαις
1282 636 1434 686 αὐτῶν
1459 635 1704 702 ηὔφραναν
1764 653 1870 694 Supra

85 734 107 772 5
127 718 360 778 βασιλεῖς,
396 719 443 767 ἐν
474 719 529 768 δέ
552 741 604 783 γε
638 723 734 772 τοῖς
765 718 993 787 ψεύδεσιν
1027 718 1270 785 ἄρχοντας,
1303 718 1351 767 ἐν
1379 716 1558 770 τούτοις
1596 717 1705 780 ἡμῖν
1764 707 1878 736 ve1.3.

127 796 355 863 ἐξηγεῖται
393 803 577 867 σαφῶς.
645 800 736 867 ε”χει
775 799 823 850 δὲ
863 801 1007 853 οὕτως
1040 802 1124 863 τῆς
1162 799 1371 865 ἱστορίας
1401 799 1425 848 ὁ
1457 797 1616 863 λόγος,
1647 797 1705 862 ἣν

126 877 250 944 εἴπερ
284 902 352 933 τις
386 881 519 945 εἰδείη
557 880 712 949 τυχὸν,
744 881 919 932 ε’ίσεταί
944 905 1036 933 που
1074 880 1259 934 πάντως
1297 883 1379 944 τῆς
1416 881 1704 948 προφητείας

124 958 206 1010 τὸν
232 967 354 1013 νοῦν.
413 962 487 1013 ὅτε
509 963 674 1026 τοίνυν,
700 965 1059 1031 ἀποῤῥαγεισῶν
1085 967 1178 1013 τῶν
1210 963 1320 1013 δέκα
1351 966 1532 1031 φυλῶν,
1556 966 1703 1023 βεβα-

123 1044 339 1094 σίλευκεν
364 1046 431 1096 ἐπ’
457 1044 598 1100 αὐτὰς
625 1047 649 1096 ὁ
676 1045 904 1111 ἐπάρατος
928 1044 1187 1112 Ἱεροβοάμ,
1214 1045 1368 1096 ἐδεδίει
1402 1043 1607 1112 σφόδρα,
1635 1043 1701 1108 μὴ

57 1153 104 1177 10
123 1124 212 1190 ἄρα
235 1149 334 1180 πως
359 1131 452 1177 τῶν
477 1127 647 1194 ἑορτῶν
673 1128 804 1178 ἕνεκα
829 1133 922 1179 τῶν
948 1127 1066 1179 κατὰ
1091 1127 1173 1179 τὸν
1204 1127 1347 1191 νόμον
1374 1127 1699 1187 ἀναβαίνοντες
1717 1153 1738 1179 c

123 1210 184 1260 εἷς
208 1207 531 1273 Ἱεροσόλυμα,
556 1214 906 1273 μεταπεισθεῖεν
944 1209 1062 1262 κατὰ
1092 1209 1248 1278 βραχὺ
1276 1208 1330 1260 τὸ
1355 1208 1508 1260 Ἰούδα
1546 1211 1701 1272 σκῆπ-

121 1312 233 1355 τρον
257 1291 537 1343 ἀνθελέσθαι
563 1293 723 1356 πάλιν,
748 1295 822 1344 καὶ
853 1297 946 1344 τῶν
981 1294 1186 1361 ἀρχαίων
1213 1295 1330 1344 ἐθῶν
1357 1290 1615 1359 ἐνεχθέντες
1641 1296 1702 1345 εἷς

122 1371 396 1437 ἀνάμνησιν,
419 1373 445 1439 ὴ
466 1375 698 1426 ἀνέλωσιν
725 1375 877 1438 αὑτὸν,
903 1376 1046 1441 ἤγουν
1072 1375 1314 1444 ἐξώσειαν,
1335 1378 1409 1425 καὶ
1429 1375 1515 1441 οὐχ
1539 1372 1702 1425 ἑκόντα

121 1453 305 1514 λοιπὸν,
346 1459 428 1520 τῆς
466 1456 585 1507 κατὰ
622 1462 766 1525 σφῶν
801 1460 960 1526 ἀρχῆς.
1025 1458 1193 1522 ταύτης
1222 1455 1353 1508 ἕνεκα
1384 1459 1466 1521 τῆς
1504 1456 1650 1510 αἰτίας
1676 1458 1700 1507 ὁ

56 1558 101 1597 15
122 1536 343 1601 θεομισὴς
374 1540 449 1589 καὶ
484 1540 684 1593 δείλαιος
718 1539 801 1594 τὰς
829 1544 1010 1607 χρυσᾶς
1042 1541 1195 1593 αὐτοῖς
1226 1538 1449 1603 δαμάλεις
1479 1540 1701 1608 ἀφιεροῦν

120 1618 383 1683 ἐσκέπτετο,
403 1624 478 1672 καὶ
505 1620 587 1672 τὸν
612 1625 694 1686 τῆς
714 1623 906 1674 ἀνοσίου
922 1622 1289 1691 ψευδολατρείας
1312 1621 1485 1673 ἐπενόει
1511 1621 1698 1687 τρόπον,

121 1701 196 1750 καὶ
223 1708 509 1766 καινοτομεῖν
535 1705 752 1772 ἐπεχείρει
783 1704 866 1759 τὰς
900 1706 973 1756 ἐπὶ
1012 1710 1111 1758 ταῖς
1149 1702 1411 1768 δαμάλεσιν
1437 1702 1609 1769 ἑορτὰς,
1638 1705 1699 1757 ὡς

121 1782 146 1831 ὁ
172 1785 252 1847 τῆς
277 1784 514 1851 Ἑβραίων
549 1789 857 1853 παραδόσεως
891 1787 983 1854 ἔχει
1022 1784 1181 1852 λόγος.
1246 1785 1303 1851 ἧν
1334 1786 1415 1837 οὖν
1452 1787 1500 1836 ἐν
1534 1787 1697 1853 ἀρχαῖς
1715 1794 1743 1835 d

121 1865 174 1915 οὗ
213 1867 407 1933 μετρίως
450 1867 673 1935 περιδεὴς,
716 1868 780 1933 μὴ
823 1869 914 1935 ἄρα
955 1873 1013 1937 τῇ
1055 1869 1231 1921 ἄνωθεν
1271 1870 1346 1919 καὶ
1391 1870 1441 1919 ἐκ
1485 1868 1698 1933 πατέρων

14 2007 15 2011 ¹
55 1972 102 1998 20
121 1947 274 2002 αὐτοῖς
305 1949 484 2018 ἡκούσῃ
518 1951 711 2021 λατρεία
741 1951 1148 2019 συναγορεύοντες,
1179 1950 1208 2017 ἢ
1241 1956 1335 2002 τῶν
1363 1948 1544 2018 θρόνων
1576 1950 1692 2019 ἐξώ-

120 2052 268 2089 σειαν,
319 2030 348 2096 ἢ
397 2034 471 2083 καὶ
521 2033 767 2097 ἀνέλωσιν,
823 2037 886 2088 ὡς
937 2034 1068 2101 ἔφην,
1120 2037 1195 2085 καὶ
1259 2032 1592 2100 παρωσάμενοι
1643 2031 1697 2083 τό

119 2113 383 2180 ἐγχείρημα,
418 2119 750 2180 παλινδρομεῖν
788 2117 968 2168 ἕλοιντο
1006 2116 1125 2183 πρὸς
1161 2115 1215 2167 τὸ
1254 2118 1301 2167 ἐν
1340 2117 1517 2182 ἀρχαῖς,
1550 2121 1692 2165 λελυ-

119 2195 315 2259 πημένοι
369 2219 418 2247 τε
475 2200 547 2248 καὶ
599 2200 965 2264 ἀγανακτοῦντες
1027 2197 1225 2261 εἰκότως,
1288 2200 1348 2251 ὡς
1413 2197 1697 2263 ὑβρισμένου

122 2276 381 2341 Μωυσέως,
407 2280 481 2329 καὶ
515 2282 596 2343 τῆς
634 2281 756 2334 θείας
795 2282 948 2334 αὐτοῖς
986 2281 1274 2345 πατηθείσης
1308 2281 1515 2342 ἐντολῆς.
1583 2278 1694 2330 ταύ-

53 2382 101 2420 25
120 2381 247 2426 τῃτοι
285 2359 446 2425 πικρὸς
485 2359 549 2411 ὧν
587 2366 648 2415 εἷς
682 2361 862 2425 δόλους,
891 2362 1035 2414 καθιέι
1066 2362 1279 2417 πολλοὺς
1318 2363 1366 2412 ἐν
1403 2365 1469 2430 τῷ
1493 2361 1696 2427 Ἰσραὴλ

121 2441 518 2507 διαθρυλλοῦντάς
559 2467 608 2494 τε
649 2447 722 2495 καὶ
766 2444 1004 2509 λέγοντας,
1037 2444 1107 2495 ὅτι
1145 2444 1235 2511 χρὴ
1279 2446 1354 2494 καὶ
1391 2449 1695 2510 μοσχοποιεῖν
1713 2471 1734 2498 e

121 2522 299 2586 αὐτοὺς,
337 2526 411 2574 καὶ
446 2531 731 2592 καινουργεῖν
769 2526 928 2591 ἑορτὰς
968 2528 1099 2589 ἰδίας,
1135 2529 1209 2577 καὶ
1242 2531 1378 2577 τοῦτο
1417 2525 1528 2576 αὐτὸ
1565 2525 1695 2592 παρὰ

182 2613 202 2622 Α
397 2607 409 2623 Ι
526 2611 536 2625 9
590 2613 610 2622 Α
719 2609 728 2624 t
841 2607 854 2624 X
930 2608 940 2625 Κ
1040 2608 1052 2623 X
1120 2608 1143 2625 ,Ι
1331 2610 1340 2624 5
1393 2607 1406 2622 Ι
1677 2607 1689 2623 ἱ

121 2629 203 2658 του
225 2612 465 2668 βασιλεως
492 2631 644 2660 αιτειν.
707 2612 859 2672 επειδη
894 2611 941 2659 δε
976 2632 1082 2662 τους
1114 2616 1285 2675 οχλους
1318 2613 1544 2671 εμανθανε
1568 2615 1694 2660 πολυ

171 2745 200 2768 1.
227 2734 308 2768 κατὰ
326 2732 491 2777 καύματος
511 2733 551 2767 Β.
694 2744 726 2767 2.
744 2732 894 2779 φλογὸς]
916 2734 973 2768 Sic
990 2734 1134 2768 correxi.
1152 2734 1288 2779 φλογῆς
1305 2733 1397 2768 Edd.
1446 2735 1583 2770 σταιτὸς
1599 2735 1692 2770 B.D.

122 2781 263 2816 στέατος
281 2780 372 2814 Edd.
392 2780 499 2823 (A.V.
519 2779 627 2814 MSS.
647 2779 742 2814 Pars.
761 2780 909 2825 omnes.)
1112 2793 1145 2826 3.
1170 2781 1275 2826 ἡμέρα
1293 2781 1378 2816 B.F.
1397 2781 1489 2816 Edd.
1506 2781 1624 2826 ἡμέραι
1643 2782 1688 2817 D.

119 2827 307 2873 βασιλέων]
326 2827 499 2868 βασιλέως
516 2827 628 2872 (233).
647 2827 688 2860 cf.
708 2827 797 2860 infra
817 2838 880 2872 109
898 2827 975 2862 a.b.
990 2839 1018 2862 c.
1034 2839 1063 2862 e.
1406 2841 1438 2871 4.
1466 2828 1523 2874 δὴ]
1544 2829 1580 2863 δὲ
1598 2828 1691 2864 Edd.

120 2885 152 2917 9.
179 2875 286 2918 ἐδεδίη
304 2874 364 2908 iid.
582 2885 634 2908 10.
660 2874 717 2907 τὸν
734 2885 803 2907 om.
824 2874 870 2908 D.
1106 2885 1159 2909 11.
1185 2875 1454 2921 μεταπεισθεῖεν]
1473 2880 1510 2916 -f-
1524 2877 1628 2911 πάλιν
1646 2877 1692 2910 D.

124 2921 176 2955 18.
203 2920 260 2955 οὖν
277 2933 346 2955 om.
364 2922 408 2955 D.
631 2931 683 2965 19.
709 2921 761 2954 καὶ
779 2932 848 2954 om.
866 2921 912 2955 D.
1125 2933 1179 2956 20.
1205 2923 1317 2957 αὐτοῖς
1332 2928 1412 2967 post
1429 2923 1565 2968 λατρείᾳ
1583 2929 1625 2957 tr.
1645 2923 1691 2957 D.

123 2978 177 3001 22.
201 2967 257 3013 τὸ]
277 2969 335 3002 τὸν
354 2967 444 3002 Edd.
598 2976 651 3012 25.
677 2968 795 3011 πικρὸς
814 2967 905 3001 B.D.
924 2967 1065 3013 ἀλώπηξ
1083 2968 1174 3003 Edd.
1232 2969 1367 3014 καθίησι
1385 2981 1446 3014 pro
1464 2970 1568 3004 καθίει
1585 2969 1644 3004 iid.

881 3038 952 3068 X'Z
