2021 3434
49 1707 137 1737 Hiob

46 1751 112 1780 xxi.
136 1761 182 1790 ¹4·

257 195 340 233 200
657 194 705 234 Β.
749 193 1019 233 CYRILLI
1062 192 1436 234 ALEXANDR.
1684 194 1737 234 ix.
1766 207 1829 244 14.

257 305 333 353 καὶ
370 303 419 352 ἐκ
457 305 551 352 τῶν
581 305 684 351 σῶν
717 300 891 366 λόγων,
917 298 954 350 ῶ
980 300 1222 363 Δέσποτα,
1255 303 1391 368 φησὶ,
1424 304 1499 351 καὶ
1525 298 1618 352 ἀπό
1647 323 1700 366 γε
1739 306 1833 352 τῶν

257 381 549 451 πραγμάτων
575 383 739 445 αὐτῶν,
766 382 902 436 αὐτὸς
927 383 951 433 ὁ
978 381 1179 452 Ἐφραὶμ
1215 389 1273 439 εἷς
1306 382 1424 450 Θήραν
1452 384 1527 433 καὶ
1551 381 1833 443 ὰπσκέντησιν

258 465 318 517 r&
363 465 514 516 ἑαυτοῦ
563 463 811 534 παρέστησε
858 464 1005 516 τέκνα.
1079 468 1154 516 καὶ
1199 467 1281 517 οὐκ
1332 464 1391 516 ἂν
1430 463 1608 530 ἑτέρους
1651 467 1834 532 αἰτιῷτο

259 546 439 609 λοιπὸν,
465 546 558 597 οὐδ’
586 545 644 597 ἂν
678 550 759 610 τῆς
798 548 921 601 θείας
958 548 1294 613 καταβοήσειεν
1325 550 1481 614 ὀργῆς,
1513 550 1550 597 εὶ
1588 545 1647 597 τὰ
1684 545 1836 597 εἰκότα

260 634 448 698 φρονεῖν
479 629 649 680 ἕλοιτο·
692 628 950 680 αἰτιάσεται
988 630 1036 681 δὲ
1070 635 1259 693 μᾶλλον
1301 631 1386 695 τὴν
1425 632 1587 681 ἑαυτοῦ
1626 630 1832 689 δυσβου-

221 737 243 763 c
261 712 367 762 λίαν
393 714 468 762 καὶ
494 710 778 764 ἀπόστασιν.
843 712 996 777 ἐπειδὴ
1027 712 1120 779 γὰρ
1153 714 1417 778 λελύπηκεν
1448 713 1501 763 οὐ
1537 711 1729 776 μετρίως
1755 709 1837 762 τὸν

259 792 553 857 ἐπαμύνοντά
583 817 632 845 τε
677 797 752 845 καὶ
785 794 999 862 σώζοντα
1033 794 1168 858 Θεὸν,
1201 797 1448 863 μονονουχὶ
1479 795 1554 844 καὶ
1593 794 1684 862 ἰδία
1721 795 1838 861 χειρὶ

259 876 584 942 παραδέδωκεν
609 877 725 928 ἑκὼν
759 881 817 946 τῇ
850 882 944 928 τῶν
971 880 1114 929 ἐθνῶν
1150 878 1388 944 ἀγριότητι
1413 877 1467 928 τὸ
1493 876 1608 927 ἰ’διον
1632 876 1836 943 σπέρμα,

261 960 335 1009 καὶ
361 959 661 1024 παρέστησεν
694 963 756 1013 εἷς
787 959 1045 1026 ἀπαγωγὴν
1071 964 1146 1011 καὶ
1177 960 1519 1028 αἰχμαλωσίαν.
1583 964 1720 1009 τοῦτο
1745 958 1838 1025 γάρ

261 1042 364 1091 ε’στι
407 1040 461 1091 τὸ
503 1048 561 1096 εἰς
607 1041 740 1111 θήραν,
778 1045 852 1093 καὶ
889 1042 982 1106 μὴν
1024 1045 1097 1093 καὶ
1144 1049 1202 1098 εἰς
1244 1042 1537 1103 οέπσκέντηο-ιν,
1574 1041 1598 1092 ὅ
1636 1042 1738 1091 ἐστι
1776 1045 1838 1094 εἷς

261 1123 478 1191 σφαγὴν·
519 1126 597 1178 οὕς
628 1124 711 1188 μὲν
749 1125 841 1191 γὰρ
880 1127 1064 1176 ἀνεῖλον
1102 1129 1144 1176 οἱ
1184 1125 1479 1186 Βαβυλώνιοι
1516 1128 1610 1175 τῶν
1647 1124 1703 1192 ἐξ
1732 1122 1834 1174 Ἰσ-

262 1205 400 1272 ραήλ·
440 1207 517 1260 οὕς
548 1206 595 1257 δὲ
628 1206 919 1270 ἀπεκόμισαν
954 1211 1014 1260 εἷς
1044 1207 1129 1272 τὴν
1160 1209 1349 1259 ἑαυτῶν.

329 1287 487 1339 (Όταν
520 1289 673 1339 τοίνυν
706 1294 1057 1353 πλημμελῶμεν
1091 1290 1230 1353 ἡμεῖς,
1257 1289 1444 1342 ἑαυτοὺς
1478 1293 1664 1347 μᾶλλον
1695 1292 1839 1339 αἰτια-

265 1369 447 1434 σόμεθα
496 1376 774 1440 φρονοῦντες
837 1373 999 1437 ὀρθῶς,
1052 1376 1126 1423 καὶ
1187 1374 1287 1440 οὐχὶ
1349 1371 1434 1436 τὴν
1497 1373 1623 1422 θείαν
1678 1371 1837 1437 ὀργήν.

221 1467 248 1508 d
266 1453 743 1521 καταπεφρονήκαμεν
791 1453 883 1520 γὰρ
933 1460 1015 1505 τοῦ
1064 1454 1336 1519 πρέποντος,
1383 1456 1457 1504 καὶ
1508 1452 1707 1522 ῥᾴθυμοι
1757 1476 1835 1519 γε-

265 1533 498 1600 γενήμεθα
531 1538 634 1601 περὶ
669 1535 722 1587 τὸ
758 1536 956 1587 ἀνδοῖνον
982 1541 1046 1605 τῷ
1073 1540 1195 1606 Θεῷ.
1264 1536 1546 1602 κολάζεσθαι
1580 1535 1628 1587 δὲ
1660 1535 1839 1602 ἀνάγκη

265 1615 347 1668 τὸν
383 1616 613 1683 ὑβριστὴν
651 1620 726 1669 καὶ
763 1617 959 1687 ἐξήνιον,
990 1620 1064 1669 καὶ
1101 1621 1347 1686 μονονουχὶ
1386 1619 1588 1684 λε’γοντα
1618 1622 1684 1688 τῶ
1715 1619 1835 1670 πάν-

266 1722 360 1750 των
402 1699 641 1768 Δεσπότῃ,
683 1698 951 1752 ((Ἀπόστα
991 1702 1068 1752 ἀπ’
1117 1703 1239 1764 ἐμοῦ,
1281 1700 1415 1755 ὁδούς
1459 1724 1549 1752 σου
1588 1701 1751 1751 εἰδέναι
1789 1701 1842 1751 οὑ

266 1783 546 1846 βούλομαι.”

205 2005 249 2038 14
271 1986 353 2028 Δὸς
380 1983 522 2029 αὐτοῖς
552 1987 682 2044 Κύριε·
722 1987 760 2029 τί
786 1987 938 2030 δώσεις
966 1986 1134 2041 αὐτοῖς,
1173 1988 1245 2031 δὸς
1277 1985 1420 2029 αὐτοῖς
1453 1988 1616 2043 μήτραν
1647 1986 1843 2027 ἀτεκνοῦ-

337 2087 412 2113 σοιν
440 2072 507 2112 καὶ
533 2073 719 2121 μασθοὺο
747 2075 914 2130 ΕΗρούε.

341 2185 399 2232 ΕΖ
435 2180 491 2245 δὴ
526 2182 756 2245 μέλλοιεν,
790 2185 953 2249 φησὶν,
986 2184 1067 2234 οὐκ
1107 2183 1270 2233 εἰδέναι
1306 2180 1429 2232 Θεὸν
1467 2185 1508 2232 οἱ
1545 2181 1602 2250 ἐξ
1623 2179 1839 2246 Ἰσραὴλ,

268 2264 591 2332 ἀποφέρεσθαι
618 2264 665 2315 δὲ
691 2269 879 2327 μᾶλλον
902 2265 1018 2331 πρὸς
1046 2268 1267 2332 ἀνωφελῆ
1303 2266 1378 2315 καὶ
1411 2262 1634 2328 ἀνόνητον
1661 2262 1842 2324 ἐλπίδα,

231 2370 251 2395 e
270 2347 454 2398 οἴεσθαί
482 2369 530 2397 τε
567 2346 637 2398 ὅτι
671 2348 966 2413 περιέσονται
1003 2352 1096 2398 τῶν
1131 2349 1310 2414 ἐχθρῶν
1343 2345 1419 2397 διὰ
1451 2349 1635 2409 πλῆθος
1659 2344 1842 2407 τέκνων,

270 2431 345 2479 καὶ
372 2428 442 2479 ὅτι
465 2428 591 2480 πολὺ
615 2431 722 2495 παρ’
749 2430 901 2483 αὐτοῖς
935 2429 988 2480 τὸ
1022 2427 1227 2497 μάχιμον
1266 2429 1411 2495 γένος,
1439 2427 1609 2492 ταύτης
1633 2451 1683 2478 τε
1714 2427 1844 2477 ἕνεκα

269 2513 351 2574 τῆς
388 2511 534 2565 αἰτίας
565 2513 645 2562 οὐκ
682 2513 933 2578 ἀναγκαῖον
967 2513 1119 2566 αὐτοῖς
1156 2511 1210 2563 τὸ
1247 2510 1376 2577 παρὰ
1410 2513 1492 2574 τῆς
1530 2513 1621 2574 σῆς
1655 2511 1839 2561 ἐπικου-

270 2597 452 2656 ρεῖσθαι
489 2593 653 2660 χειρὸς,
690 2593 805 2658 μηδὲ
843 2594 1127 2645 τικτέτωσαν
1165 2593 1286 2647 ὅλως
1325 2596 1370 2643 αἱ
1409 2594 1516 2659 παρ’
1560 2593 1713 2645 αὐτοῖς
1753 2614 1838 2656 γυ-

272 2678 432 2728 ναῖκες.
495 2681 633 2726 τοῦτο
666 2676 758 2742 γὰρ
802 2677 830 2741 ἡ
872 2679 1113 2728 οἱτεκνοῧσ-οι
1156 2679 1310 2746 μήτρα.
1375 2674 1461 2726 κᾶν
1499 2679 1537 2725 εἰ
1574 2673 1744 2725 τέκοιεν
1782 2673 1844 2736 δὲ,

319 2818 351 2851 3.
375 2808 563 2852 παρέστηκε
582 2810 627 2844 D.
836 2823 888 2846 10.
915 2811 961 2847 εἷς
978 2812 1034 2845 alt.
1053 2817 1273 2856 assumptum
1292 2822 1332 2844 ex
1352 2810 1398 2845 D.
1412 2810 1447 2844 b.
1496 2809 1551 2843 εἰσ
1567 2809 1681 2854 φαγὴν
1697 2808 1776 2850 (sic)
1796 2808 1843 2842 D.

277 2864 329 2887 11.
355 2854 411 2889 οὓς
429 2855 521 2889 B.D.
536 2856 568 2889 b.
587 2857 664 2893 τοὺς
682 2857 773 2891 Edd.
823 2858 861 2902 ἐξ
878 2864 1101 2904 assumptum
1119 2870 1160 2892 ex
1180 2858 1226 2892 D.
1241 2858 1275 2892 b.
1552 2867 1604 2890 12.
1628 2855 1684 2891 οὕς
1702 2854 1842 2889 B.D.b.

271 2900 348 2934 τοὺς
366 2900 456 2934 Edd.
504 2905 618 2946 χώραν
635 2911 714 2948 post
731 2906 855 2939 ἑαυτῶν
872 2904 951 2939 add.
969 2905 1004 2939 b.
1267 2916 1322 2939 21.
1348 2903 1500 2947 μασθοὺς
1518 2903 1564 2937 D.
1583 2902 1733 2948 μαστοὺς
1750 2900 1842 2935 Edd.

272 2957 328 2980 22.
352 2946 388 2989 ἐξ
407 2955 627 2992 assumptum
645 2962 685 2985 ex
705 2951 797 2985 B.D.
942 2963 996 2996 23.
1020 2951 1159 2995 ἀνόητον
1176 2963 1239 2997 pro
1256 2952 1414 2995 ἀνόνητον
1432 2950 1523 2984 Edd.
1651 2949 1706 2984 26.
1731 2948 1843 2982 αὐτοῖς

270 2999 490 3038 assumptum
508 3006 549 3028 ex
568 2995 614 3030 D.
804 3008 858 3043 27.
880 2997 958 3042 παρ’
977 2999 1084 3033 αὐτῶν
1102 2998 1147 3032 D.

1854 645 1876 683 5

1860 1063 1907 1089 10
