2021 3434
108 1228 209 1259 Dent.

108 1272 209 1303 xxxii.
220 1281 232 1302 1
242 1279 268 1302 1.

106 2228 206 2260 Ezek.

105 2273 161 2304 xii.
180 2282 230 2313 14.

286 1482 357 1522 Ιι“
381 1474 488 1529 τοὺς
529 1478 603 1526 καὶ
653 1475 882 1535 ἀνέλαβεν
925 1475 1089 1529 αὐτοὺς
1129 1478 1203 1527 ἐπὶ
1250 1480 1344 1526 τῶν
1387 1477 1690 1543 μεταφρένων
1728 1477 1908 1528 αὐτοῦ.”

335 209 418 248 624
728 210 778 249 Β.
821 209 1098 250 CYRILLI
1136 210 1516 251 ALEXANDR.
1694 211 1719 251 i.
1750 222 1813 264 15,
1845 211 1902 252 16.

334 320 630 388 ἀπαμφίεσαι
693 318 749 383 δὴ
802 321 884 371 οὖν
941 318 978 371 ῶ
1040 321 1242 387 θύγατερ
1290 321 1620 387 Ἰερουσαλὴμ,
1667 321 1908 373 τουτέστιν

333 404 512 456 ἀπόθου
549 404 634 469 τὴν
679 405 823 475 δόξαν
865 408 941 457 καὶ
978 407 1131 472 γυμνὴ
1174 410 1255 471 τῆς
1306 408 1501 475 ἀρχαίας
1544 408 1713 473 ἐκείνης
1751 408 1909 473 εὐημε-

331 488 433 553 ριάς
459 488 828 554 ἀναδεδειγμένη·
869 487 967 540 εἶτα
991 490 1150 541 πλατὺ
1183 492 1259 541 καὶ
1292 491 1523 554 ἀσύνηθες
1557 489 1911 555 κατοιμώζουσα

332 570 407 620 καὶ
465 568 550 623 τὰς
604 574 751 622 ἀετῶν
811 573 1104 638 βαρυθυμίας
1161 574 1498 636 ἀπομιμεῖσθαι
1560 570 1908 637 σπουδάζουσα·

332 650 572 717 θρήνησόν
614 675 707 704 σου
747 651 807 704 τέι
850 653 998 717 τέκνα,
1041 656 1116 705 καὶ
1160 654 1253 720 γὰρ
1295 653 1587 722 αἰχμάλωτοι
1625 658 1909 717 βαδιοῦνται,

331 733 455 801 χήρα
498 733 546 785 δὲ
590 735 678 804 ε”σῃ
722 737 796 786 καὶ
836 736 1153 801 μεμονωμένη.
1219 739 1344 804 φασὶ
1387 735 1436 787 δὲ
1480 740 1521 788 οἱ
1573 741 1721 787 ταῦτα
1764 741 1910 804 σοφοὶ

286 834 313 872 {s
332 817 406 866 καὶ
444 821 634 881 πτηνῶν
674 819 736 872 ὡς
774 818 836 868 ε”νι
883 817 1097 882 μάλιστα
1137 818 1539 885 περιεργαζόμενοι
1589 818 1673 873 τὰς
1721 819 1907 886 φύσεις,

332 898 612 967 φιλότεκνόν
649 923 694 951 τι
734 903 894 967 χρῆμα
937 900 1018 951 τὸν
1054 902 1184 952 ἀετόν·
1232 901 1643 969 κατολοφύρεσθαι
1677 900 1725 952 δὲ
1755 904 1911 954 δεινῶς

329 981 693 1033 ἐκπεπτωκότων
737 984 862 1053 αὐτῷ
904 986 986 1047 τῆς
1029 987 1195 1038 καλιᾶς
1246 988 1340 1034 τῶν
1382 988 1593 1046 νεοττῶν,
1632 983 1777 1049 ἠγουν
1822 983 1911 1034 ὑπό

329 1085 412 1114 του
449 1065 806 1128 σεσυλημένων.
873 1065 944 1116 ότι
985 1065 1033 1116 δε
1072 1070 1167 1116 τῶν
1210 1069 1271 1120 εἰς
1319 1066 1627 1134 φιλοπαιδίαν
1664 1066 1790 1129 ἠθῶν
1829 1066 1910 1115 οὐκ

331 1143 388 1197 ἂν
413 1146 678 1212 ἀμοιρήσειε
711 1145 764 1198 τὸ
798 1171 989 1212 πτηνον,
1016 1149 1255 1199 ἀναπεισει
1292 1148 1447 1213 λε’γων
1481 1170 1556 1198 και
1595 1149 1620 1198 ὁ
1659 1147 1912 1202 θεσπέσιος

334 1232 549 1293 Μωυσῆς
586 1230 696 1295 περί
725 1253 775 1280 τε
815 1233 938 1281 Θεοῦ
979 1233 1053 1281 καί
1089 1235 1182 1281 τῶν
1217 1230 1273 1299 ἐξ
1307 1230 1501 1292 αἵματος
1536 1228 1738 1296 Ἰσραήλ
1777 1238 1804 1258 “
1827 1231 1912 1284 Ὠς

332 1318 358 1340 “
384 1310 516 1364 ἀετὸς
566 1311 807 1362 σκεπάσαι
859 1311 1062 1362 νοσσιὰν
1112 1313 1275 1363 ἑαυτοῦ
1325 1313 1399 1362 καὶ
1443 1313 1515 1363 ε’πί
1557 1316 1652 1366 τοῖς
1695 1317 1911 1365 νεοσσοῖς

330 1400 358 1421 “
384 1394 525 1443 αὐτοῦ
562 1394 838 1459 ἐπεπόθησε,
879 1396 985 1448 διεὶς
1024 1393 1106 1449 τὰς
1143 1395 1377 1460 πτέρυγας
1419 1395 1560 1445 αὐτοῦ
1604 1394 1793 1463 ἐδέξατο
1831 1396 1911 1445 αὐ-

330 1559 442 1626 ὀρᾷς
474 1556 600 1612 ὅπως
634 1559 869 1610 ἐπιποθεΐν
895 1558 1014 1627 ε”φην
1049 1556 1130 1609 τὸν
1157 1557 1291 1609 ἀετὸν
1317 1559 1389 1610 ἐπὶ
1421 1563 1515 1611 τοῖς
1542 1560 1670 1612 ἰδίοις
1697 1563 1909 1627 νεοττοῖς,

328 1645 403 1692 καὶ
430 1641 676 1708 πτερύγων
701 1642 814 1694 ε’ίσω
848 1646 1083 1694 ποιεῖσθαι
1119 1647 1292 1711 φιλεῖν,
1324 1645 1385 1697 ὡς
1417 1644 1467 1693 ἐκ
1497 1646 1684 1707 πολλῆς
1723 1642 1909 1709 ἀγάπης

329 1723 701 1790 κατασκιάζοντα
744 1724 799 1777 τὸ
844 1725 1016 1794 τεχθέν.
1087 1726 1363 1793 ἐμπλάτυνον
1408 1724 1464 1790 δὴ
1509 1727 1591 1777 οὖν
1631 1725 1700 1786 τὴν
1737 1729 1910 1796 χηρείαν

329 1830 404 1858 σου
431 1809 582 1872 φησὶν
607 1810 665 1862 ὡς
691 1810 830 1864 ἀετός.

401 1888 749 1958 Ἐπιφωνήσειε
787 1891 831 1942 δ’
875 1891 933 1941 ἄν
974 1913 1043 1945 τις
1086 1893 1161 1941 καὶ
1204 1896 1342 1941 τοῦτο
1386 1890 1568 1945 εἰκότως
1611 1891 1713 1958 οὐχὶ
1752 1889 1908 1954 μόνοις

327 1975 422 2024 τοῖς
457 1972 772 2039 ἀρχαιοτέροις
805 1978 900 2024 τῶν
924 1974 1160 2024 Ἰουδαίων
1195 1972 1369 2038 δήμοις,
1406 1971 1536 2023 ἀλλὰ
1574 1971 1668 2039 γὰρ
1705 1975 1780 2024 καὶ
1814 1996 1909 2027 τοις

296 2054 376 2103 ιῗέν
414 2059 558 2123 καιρῷ
595 2055 816 2120 γεγονόσι
857 2059 940 2119 τῆς
979 2062 1061 2106 τοῦ
1101 2059 1318 2122 Σωτῆρος
1361 2056 1493 2120 ἡμῶν
1537 2056 1792 2119 ἐπιδημίας,
1833 2054 1907 2106 ὅτε

329 2138 403 2186 καὶ
441 2140 634 2207 σταυρῷ
676 2136 964 2204 παραδόντες
1006 2137 1146 2188 αὐτὸν
1187 2141 1352 2191 δειναῖς
1401 2140 1476 2189 καὶ
1517 2138 1742 2206 ἀφύκτοις
1779 2160 1907 2203 περι-

326 2219 602 2269 πεπτώκασι
664 2225 951 2288 συμφοραΐς“
1018 2219 1344 2286 διεσπάρησαν
1406 2219 1453 2271 δὲ
1513 2222 1587 2271 καὶ
1637 2224 1700 2273 εἰς
1750 2221 1906 2272 πάντα

326 2300 509 2363 ἄνεμον,
571 2303 807 2356 οἰονείπως
870 2303 1009 2372 ἑτέρῳ
1068 2302 1229 2371 τρόπῳ
1280 2301 1386 2357 τοὺς
1442 2305 1524 2366 τῆς
1575 2304 1904 2370 αἰχμαλωσίας

327 2384 630 2447 ὑπομένοντες
671 2383 855 2438 πόνους.

373 2613 405 2637 Ι.
426 2601 642 2648 ἆπαμφίεσαι
660 2603 707 2639 D
725 2603 926 2650 ἀπαμφίασε
944 2604 988 2639 Α.
1037 2606 1119 2650 γοῦν
1136 2616 1197 2650 pro
1215 2604 1255 2649 δὴ
1273 2619 1330 2639 ουν
1349 2604 1395 2638 D.
1447 2604 1573 2639 Statim
1591 2604 1617 2639 ’ὦ
1634 2605 1780 2639 accessit
1797 2616 1839 2639 ex
1858 2603 1903 2639 D.

323 2648 565 2696 Ἰερουσαλὴμ]
584 2649 726 2696 Ἰσραὴλ
745 2651 792 2686 D.
1059 2663 1091 2686 2.
1116 2652 1240 2695 ἐκεινης
1257 2652 1402 2685 accessit
1418 2663 1459 2685 ex
1480 2651 1526 2685 D.
1776 2662 1809 2696 3.
1833 2665 1903 2685 ειτα

325 2697 469 2731 accessit
485 2709 527 2731 ex
546 2698 593 2732 D.
735 2708 769 2743 5.
792 2713 857 2733 σου
875 2704 1095 2744 assumptum
1114 2711 1155 2733 ex
1169 2699 1215 2732 D.
1264 2699 1317 2732 καὶ
1333 2699 1398 2744 γὰρ
1416 2698 1625 2744 αἰχμάλωτοι
1641 2698 1837 2738 βαδιοῦνται
1855 2698 1902 2732 Ι).

324 2743 521 2782 βαδιοῦνται
539 2744 602 2789 γὰρ
619 2744 827 2789 αἰχμάλωτοι
845 2746 888 2779 Α.
1101 2746 1191 2780 6.δὲ
1209 2746 1267 2780 alt.
1287 2745 1332 2779 D.
1350 2746 1415 2790 γὰρ
1433 2746 1476 2779 A.
1720 2755 1752 2790 7.
1772 2748 1903 2789 πτηνῶν

326 2790 370 2825 ὡς
393 2791 442 2825 ἕνι
465 2792 617 2835 μάλιστα
639 2793 934 2837 περιεργαζόμενοι
958 2792 1017 2828 τὰς
1038 2790 1180 2837 φυσεις]
1198 2793 1257 2828 τὰς
1273 2796 1405 2836 πτηνῶν
1421 2792 1464 2827 ὡς
1481 2792 1528 2826 ἕνι
1545 2791 1670 2837 φύσεις
1686 2806 1837 2837 περιεργ.
1856 2791 1901 2826 D.

326 2837 359 2871 8.
383 2837 689 2884 κατωλοφύρεσθαι
707 2839 749 2872 Α.
801 2839 925 2873 Statim
943 2854 980 2874 τε
997 2851 1060 2885 pro
1078 2840 1114 2874 δε
1133 2840 1180 2874 D.
1634 2850 1687 2873 12.
1711 2853 1748 2872 τε
1765 2850 1834 2873 om.
1855 2837 1900 2872 D.

330 2893 383 2927 13.
405 2887 574 2919 σκεπάσαι
593 2885 639 2919 D.
659 2886 834 2928 σκεπάζων
850 2887 894 2921 A.
1189 2885 1242 2920 16.
1265 2884 1472 2921 e’mn-oeeiv‘'
1452 2899 1543 2921 οπως
1559 2886 1698 2919 inverso
1715 2885 1837 2920 ordine
1855 2884 1900 2919 D.

330 2939 383 2973 17.
409 2931 454 2966 ὡς
469 2940 691 2977 assumptum
709 2944 750 2966 ex
769 2932 816 2967 D.
1209 2944 1263 2968 20.
1289 2933 1423 2970 εἰκότως
1439 2933 1493 2967 καὶ
1508 2934 1607 2967 τοῦτο
1626 2932 1696 2966 inV.
1715 2931 1836 2966 ordine
1855 2931 1900 2965 D.

327 2985 382 3010 21.
375 2976 521 3057 .1)δὴμοις
537 2981 603 3013 τῶν
618 2978 811 3014 Ἰουδαίων
804 2992 863 3015 mv
866 2991 942 3015 erso
960 2979 1081 3014 ordine
1099 2979 1143 3013 D.
1522 2990 1576 3013 22.
1604 2981 1662 3022 τῆς
1679 2984 1900 3024 assumptum

324 3033 366 3056 ex

2001 1849 2021 2394 δ

1924 2319 1969 2359 25
1988 2247 1992 2291 ¹

2004 2396 2016 2664 Γ

2004 2666 2016 2773 Γ

2000 2796 2012 2933 Γ

2000 2981 2009 3038 Γ

2006 0 2021 90 Γ

2005 92 2011 261 Γ

2004 266 2021 463 Γ

2003 473 2021 597 Γ

2003 572 2021 660 Γ

1930 668 1951 706 5
2002 661 2008 682 ,

1934 1089 1977 1114 10

2002 732 2021 812 ῖΓ

2001 822 2021 921 Γ

2000 895 2021 1128 Γ
