2021 3434
304 195 387 235 328
703 199 752 239 Β.
795 197 1065 239 CYRILLI
1107 197 1480 240 ALEXANDR.
1740 198 1781 239 ii.
1805 211 1871 240 20.

423 302 435 319 1
675 303 686 321 x
771 306 785 323 x
822 306 831 319 t
948 311 967 320 n
1081 306 1102 324 st
1352 310 1372 320 Α
1573 309 1593 319 Α
1685 303 1698 320 x
1773 307 1784 322 2
1840 306 1851 319 e

82 317 241 367 SMatth.
302 306 612 371 ψυγησεσθαι
638 306 687 354 δε
713 327 786 355 και
814 327 838 355 0
860 309 1053 359 Παυλος
1073 310 1252 373 εφασκε
1269 313 1297 335 “
1310 328 1403 356 των
1425 312 1624 357 πολλων
1647 328 1732 368 την
1758 329 1873 371 αγα-

82 371 170 392 xm.
190 371 239 393 η’
303 392 330 414 “
348 408 442 449 πην
469 384 544 435 διὰ
569 384 623 436 τὸ
648 390 972 451 πληθυνθῆναι
999 388 1084 452 τὴν
1110 388 1343 451 ἀνομίαν.”
1384 389 1492 438 ἀλλ’
1515 388 1562 438 οἵ
1583 410 1635 453 γε
1662 391 1875 453 Χριστοῦ

300 466 526 532 γνώριμοι
576 470 641 536 τῷ
682 467 910 532 πνεύματι
953 469 1147 535 ζέουσιν·
1201 469 1442 537 ἀνέχονται
1480 467 1529 520 δὲ
1572 470 1784 532 οὐδαμῶς
1820 468 1875 519 τὸ

81 549 203 581 Ga1.v.
300 547 641 616 ἀποψύχεσθαί
660 572 739 600 ποι
770 549 888 616 πρὸς
918 550 1138 604 ἐκτόπους
1162 549 1345 615 ἡδονάς·
1388 558 1415 580 “
1433 549 1535 614 Τὴν
1569 549 1662 616 ’γὰρ
1701 551 1876 601 ἑαυτῶν

255 634 282 675 d
299 627 456 696 σάρκα
480 629 788 697 ἐσταύρωσαν
813 629 905 682 σὺν
929 637 1025 687 τοῖς
1049 632 1299 697 παθήμασι
1325 634 1400 684 καὶ
1425 637 1525 686 ταῖς
1549 632 1847 696 ἐπιθυμίαις.”
1892 649 1915 687 5

302 836 377 878 Καὶ
417 835 573 880 ἐξοίσω
611 837 740 880 αὐτὸν
781 836 841 880 εἰς
884 844 955 887 Γῆν
995 839 1191 897 ἄνυδρον,
1231 840 1299 882 καὶ
1339 840 1513 897 ἀφανιῶ
1551 841 1599 882 τὸ
1641 841 1874 897 πρόσωπον
2015 831 2019 867 ³

366 921 494 962 αὑτοῦ
529 919 589 962 eie
622 921 698 964 τέιν
732 924 949 966 θάλασσαν
981 924 1057 966 τὴν
1095 924 1284 982 ΠρώτΗν,
1311 925 1379 966 καὶ
1410 926 1460 966 τὰ
1495 924 1633 967 ὀπίσω
1664 924 1791 966 αὐτοῦ
1815 923 1874 965 εἰς

365 1005 441 1046 τὴν
477 1006 693 1048 θάλασσαν
726 1006 802 1048 τήν
839 1007 1032 1063 ἐσχάτΗν·
1076 1009 1144 1049 καί
1178 1009 1435 1058 ἀναβήσεται
1473 1008 1496 1049 ἡ
1536 1007 1693 1065 σαπρία
1732 1008 1875 1060 αὐτοῦ,

366 1089 435 1130 καί
460 1088 717 1140 ἀναβήσεται
743 1091 765 1133 ὁ
794 1092 948 1148 βρόμος
974 1092 1115 1143 αὐτοῦ,
1141 1093 1205 1134 ὅτι
1232 1092 1485 1141 ὲμεΓάλυνεν
1511 1091 1561 1133 τά
1588 1092 1687 1149 {pl-01
1714 1092 1856 1133 αὐτοῦ.
2013 1103 2021 1146 ,ζ

373 1197 667 1248 Διαπλάττει
703 1198 787 1261 μὲν
830 1200 895 1250 ε”τι
937 1205 1020 1250 τοῦ
1056 1199 1204 1265 λόγου
1241 1199 1295 1252 τὸ
1335 1203 1514 1268 σχῆμα,
1556 1199 1677 1251 καθὰ
1716 1201 1790 1250 καὶ
1827 1200 1875 1250 ἐν
1897 1223 1944 1248 10

299 1279 464 1346 ἀρχαῖς
496 1282 558 1334 ὡς
591 1281 659 1331 ἐπ’
688 1281 871 1347 ἀκρίδος
909 1283 984 1333 καὶ
1021 1282 1246 1349 βρούχου,
1276 1281 1306 1333 ἃ
1344 1285 1419 1333 καὶ
1457 1282 1880 1350 ἀφανισθήσεσθαί

259 1383 281 1411 e
300 1365 463 1430 φησιν,
491 1363 836 1428 ἀπενηνεγμένα
872 1363 990 1414 κατὰ
1027 1364 1262 1429 βούλησιν
1288 1369 1412 1416 Θεοῦ
1449 1364 1567 1431 πρὸς
1606 1363 1746 1417 αὐτάς
1783 1388 1875 1416 που

298 1443 422 1511 τάχα
445 1446 528 1508 τῆς
551 1445 786 1495 Ἰουδαίων
812 1448 899 1511 γῆς
928 1445 1012 1500 τὰς
1036 1445 1270 1513 ἐσχατιὰς,
1297 1449 1371 1498 καὶ
1396 1450 1456 1500 εἰς
1483 1452 1619 1497 τοῦτο
1644 1448 1875 1499 δυσωδίας·

298 1527 465 1589 ἐλθεῖν,
506 1527 568 1580 ὡς
609 1528 685 1577 καὶ
729 1526 955 1595 φορτικὴν
1003 1528 1221 1594 γενέσθαι
1263 1528 1348 1593 τὴν
1396 1528 1607 1580 διάδοσιν
1647 1533 1742 1582 τοῖς
1787 1527 1876 1578 ἀνὰ

298 1612 462 1660 πᾶσαν
484 1607 569 1672 τὴν
591 1608 767 1676 χώραν·
808 1610 1061 1674 μεθίστησι
1096 1610 1143 1661 δὲ
1182 1612 1394 1674 οὐδαμῶς
1421 1612 1446 1661 ὁ
1472 1609 1617 1676 λόγος
1650 1613 1873 1677 τοῦχρῆε
1898 1629 1942 1668 15

300 1713 374 1741 ναι
401 1695 520 1741 νοεῖν
544 1692 620 1741 καὶ
645 1690 704 1742 τὰ
729 1691 881 1742 τοιάδε
908 1691 963 1756 δὴ
990 1691 1135 1743 πάλιν
1159 1695 1221 1746 ὡς
1247 1694 1326 1744 ἐπί
1347 1715 1401 1758 γε
1426 1697 1520 1743 τῶν
1540 1693 1873 1754 Βαβυλωνίων.

300 1773 349 1823 ἐν
385 1772 469 1837 μὲν
505 1772 599 1840 γὰρ
631 1778 726 1827 τοῖς
761 1774 926 1827 νοτίοις
958 1774 1120 1841 με’ρεσι
1157 1778 1240 1839 τῆς
1263 1774 1577 1842 Ἰερουσαλὴμ
1607 1773 1774 1835 βαθεῖά
1807 1797 1876 1828 τις

300 1855 466 1922 ε”ρημος
492 1855 791 1924 ἐξευρύνεται,
813 1855 1124 1923 τερματίζεται
1152 1856 1299 1924 γεμὴν
1324 1857 1440 1923 πρὸς
1472 1858 1539 1922 ἠῶ
1564 1880 1614 1908 τε
1640 1859 1715 1907 καὶ
1741 1855 1876 1907 νότον

299 1937 563 2003 πελάγεσιν
599 1937 822 1992 Ἰνδικοῖς·
870 1938 987 2004 πρὸς
1025 1940 1161 1990 δύσιν
1205 1941 1242 1991 δ’
1290 1940 1347 1990 αὖ
1386 1941 1461 1990 καὶ
1498 1938 1779 2006 βορειότερα,
1817 1942 1875 2007 τῇ
2002 2004 2005 2018 '

84 2026 166 2061 223
180 2024 230 2059 Α·
259 2034 283 2060 a
303 2024 641 2071 Παλαιστινῶν
675 2021 844 2087 γείτονι
882 2026 1124 2090 θαλασσῃ,
1156 2025 1231 2073 καὶ
1268 2023 1383 2090 αὐτῇ
1422 2021 1469 2073 δὲ
1506 2020 1873 2090 προσκλυζούσῃ
1895 2046 1943 2070 20
2002 2023 2004 2068 ἶ

300 2106 358 2171 τῇ
385 2102 667 2168 Αἰγυπτίων.
731 2104 825 2154 ἐκεῖ
855 2103 938 2154 τὸν
967 2108 1175 2172 βροῦχον
1208 2107 1283 2155 καὶ
1314 2104 1399 2169 τὴν
1433 2105 1597 2171 ἀκρίδα
1635 2102 1875 2155 διολέσθαι

301 2186 439 2253 φησὶ,
484 2187 699 2253 δυσαχθῆ
745 2185 792 2236 δὲ
843 2186 1061 2252 γενέσθαι
1104 2186 1187 2238 τὸν
1236 2189 1395 2256 βρόμον
1445 2188 1611 2249 αὐτῶν,
1657 2189 1738 2251 τῆς
1789 2186 1875 2251 μὲν

301 2268 485 2333 ἀκρίδος
521 2291 613 2319 που
649 2267 785 2336 τάχα,
812 2268 1021 2335 καθάπερ
1052 2269 1171 2338 ε”φην
1204 2270 1385 2335 ἀρτίως.
1430 2268 1678 2338 ἀνῄρηνται
1712 2269 1760 2321 δὲ
1798 2272 1874 2321 καὶ

301 2353 344 2400 οἱ
383 2350 692 2413 Βαβυλώνιοι,
724 2349 809 2415 τὴν
845 2351 1140 2418 βορειοτέραν
1173 2355 1401 2406 οἰκοῦντες
1437 2353 1610 2420 χώραν,
1644 2355 1719 2403 καὶ
1756 2352 1873 2419 πρὸς

79 2434 201 2519 ἓξὲξ
300 2432 368 2496 ἠῶ
393 2432 617 2497 κειμένην.
669 2432 920 2501 ἀνῄρηνται
944 2433 992 2484 δὲ
1017 2433 1136 2485 καθὰ
1156 2435 1432 2488 πλειστάκις
1451 2434 1692 2501 εἰρήκαμεν
1707 2438 1755 2487 ἐν
1774 2458 1872 2486 και-
1894 2456 1941 2495 25
1996 2441 1999 2484 ζ

349 2588 379 2611 1.
396 2577 644 2623 ψυχθὴσεσθαι
663 2577 754 2612 Edd.
804 2579 857 2613 καὶ
874 2585 1095 2624 assumptum
1113 2591 1154 2613 ex
1173 2579 1215 2614 B.
1264 2581 1283 2614 ὁ
1301 2579 1454 2626 Παῦλος]
1474 2582 1492 2614 ὁ
1510 2579 1633 2626 Κύριος
1649 2580 1708 2615 iid.
1747 2580 1872 2616 Statim

297 2623 357 2668 τὴν
375 2624 430 2670 ἀγ.
448 2629 513 2659 τῶν
529 2627 668 2659 πολλῶν
684 2627 816 2670 ἔφασκε
833 2627 969 2660 inverso
987 2626 1107 2661 ordine
1123 2626 1182 2661 iid.
1505 2640 1538 2669 4.
1564 2626 1664 2672 πρὸς]
1682 2632 1719 2668 -Ι-
1736 2629 1795 2664 τὰς
1811 2628 1872 2663 iid.

299 2680 332 2714 5.
360 2672 469 2716 σάρκα
485 2673 551 2717 γὰρ
569 2673 693 2707 ἑαυτῶν
709 2673 779 2707 inv.
798 2673 919 2707 ordine
935 2672 994 2707 iid.
1201 2672 1234 2708 6.
1260 2673 1384 2718 ἐξοίσω
1404 2674 1445 2709 Β.
1465 2673 1554 2719 (XII
1573 2686 1593 2708 a
1609 2677 1720 2720 prima
1737 2677 1872 2719 manu.)

300 2717 418 2759 ἐξὼσω
437 2718 528 2752 Edd.
548 2719 655 2761 (A.V.
675 2720 710 2763 N)
814 2731 847 2764 9.
873 2719 1081 2766 ἐμεγαλύνθη
1101 2720 1137 2755 F.
1157 2720 1284 2765 (XII.)
1393 2732 1445 2756 10.
1473 2722 1677 2755 Διαπλάττει
1693 2720 1770 2766 μὲν]
1790 2727 1871 2755 Δια-

300 2766 532 2807 πλαττόμενον
545 2766 598 2799 καὶ
616 2765 708 2800 Edd.
756 2767 864 2802 καθὼς
879 2767 939 2801 iid.
1107 2778 1159 2810 14.
1185 2768 1344 2812 γενέσθαι
1361 2768 1420 2812 τὴν
1436 2768 1589 2802 διάδοσιν
1606 2768 1671 2802 hoc
1689 2768 1810 2802 ordine
1828 2768 1869 2802 B.

305 2819 358 2851 15.
375 2810 510 2857 χρῆναι]
530 2812 595 2857 χρὴ
613 2813 672 2847 iid.
772 2813 825 2847 16.
844 2814 883 2857 δὴ
897 2819 1118 2859 assumptum
1133 2826 1173 2848 ex
1190 2814 1231 2848 B.
1332 2825 1384 2859 19.
1401 2814 1615 2860 Βορειότερα]
1631 2815 1671 2849 τὰ
1682 2814 1871 2860 βοῤῥότερα

302 2855 381 2899 (Sic)
399 2857 458 2891 iid.
663 2871 717 2894 20.
744 2860 825 2904 αὐτῇ
844 2861 881 2894 δε
897 2875 955 2905 πρ.
974 2863 1013 2904 τῇ
1031 2860 1238 2906 Αἶγυπτίων]
1257 2861 1368 2897 αὐτοῖς
1385 2862 1421 2895 δέ
1437 2876 1496 2906 πρ.
1515 2863 1585 2896 τοῖς
1602 2862 1794 2908 Αἰγυπτίοις
1810 2860 1869 2895 iid.

303 2912 358 2936 21.
384 2903 537 2939 διολέσαι
553 2905 612 2939 iid.
735 2918 790 2941 22.
820 2907 916 2941 Haec
933 2909 990 2951 τῆς
1005 2908 1236 2952 μὲν-ἀρτίως
1252 2915 1471 2943 accesserunt
1487 2921 1528 2943 ex
1548 2908 1590 2943 B,
1710 2919 1763 2953 23.
1781 2907 1870 2950 πλὴν

300 2947 476 2992 ἀνῄρηνται
493 2963 555 2995 pro
572 2951 749 2996 ἀνῄρηνται
767 2954 802 2987 δέ
819 2953 879 2988 iid.
1134 2966 1188 2997 24.
1215 2955 1380 2990 οἰκοῦντες
1397 2962 1477 3000 post
1495 2954 1642 3000 κειμένην
1659 2961 1789 2999 transp.
1807 2953 1867 2988 iid-

303 3004 357 3039 25.
385 2995 480 3031 Haec
498 2998 581 3032 καθὰ
597 3001 657 3033 πλ.
676 2999 780 3044 εἷρὴκ.
799 3006 979 3046 assumpta
995 3013 1037 3036 ex
1057 3001 1098 3036 Β.
1149 3002 1275 3037 Statim
1293 3002 1328 3036 ἐν
1346 3013 1416 3037 om.
1437 3002 1479 3036 B.
