2021 3434
0 1345 8 1373 ιῚ

19 2746 22 2763 Ι

19 2773 23 2884 ἒ

23 3088 27 3143 ἱ

23 3145 27 3180 ι

23 3218 28 3290 ἐ

107 224 163 266 iii.
189 238 286 279 2‚3.
545 226 617 265 IN
659 226 898 266 OSEAM.
960 225 1111 266 TOM.
1155 224 1215 263 Π.
1627 218 1678 255 85

105 337 327 390 εἰδώλοις.
395 336 512 400 μετὰ
548 338 642 404 γάρ
677 361 747 389 τοι
781 337 863 389 τὸν
898 343 980 389 τοῦ
1013 339 1231 402 Σωτῆρος
1270 329 1490 397 σταυρὸν,
1527 325 1683 391 μόνοις

105 420 207 469 ἐστὶ
221 424 316 472 τοῖς
337 418 411 470 διὰ
433 421 678 474 Μωυσέως
696 421 1030 487 προσκείμενος
1053 418 1207 479 νόμοις
1233 413 1473 481 ὁἸσραὴλ
1494 412 1684 476 σαθρῶς

105 501 261 564 μέντοι
300 502 408 551 λιάν
443 503 518 552 καὶ
556 503 961 567 κατημελημένως,
993 500 1123 564 πλὴν
1162 500 1243 550 οὐκ
1285 495 1584 549 ἀπονένευκεν
1624 495 1685 544 εἰς

107 582 160 633 τὸ
187 582 380 634 ἑλέσθαι
415 588 554 647 τιμᾶν
587 583 670 638 τὰς
704 588 798 635 τῶν
832 584 1081 647 δαιμονίων
1107 579 1490 650 ψευδολατρείας.
1556 572 1685 625 ἀλλὰ

68 664 176 720 5τίς
218 665 243 714 ὁ
283 664 457 731 τρόπος
499 668 581 730 τῆς
623 666 739 732 ζωῆς
783 670 841 734 τῇ
886 664 1220 732 μεμοιχευμένῃ
1259 664 1334 713 καὶ
1374 656 1726 725 περιμενούσῃε

111 745 230 796 κατὰ
255 746 441 812 καιροὺς
474 753 557 798 τοῦ
586 747 835 817 προφήτου
869 746 955 811 τὴν
989 745 1260 805 κοινωνίαν;
1304 741 1332 807 ἦ
1359 747 1470 794 ποῖα
1496 741 1689 806 γέγονεν

112 830 229 896 αὐτῇ
284 828 344 880 τὰ
395 829 714 893 μισθώματα;
780 826 1104 881 πεντεκαίδεκά
1155 831 1305 895 φησιν
1366 827 1561 893 ἀργυρίου
1613 828 1690 872 καὶ

112 911 250 980 γομορ
285 910 426 977 κριθῶν
465 918 542 963 καὶ
579 913 708 972 νέβελ
737 915 850 964 οἴνου.
909 910 1190 962 διατετέλεκε
1217 908 1310 975 γὰρ
1339 909 1362 958 ὁ
1386 905 1588 972 Ἰσραὴλ
1612 903 1695 955 τὸν

113 992 290 1062 μεταξὺ
315 996 397 1057 τῆς
423 993 628 1061 ἐσχάτης
658 995 800 1045 αὐτοῦ
836 994 1050 1058 κλήσεως
1076 992 1260 1060 χρόνον,
1287 990 1492 1058 ἀδοκίμῳ
1517 987 1693 1056 τρεφό-

50 1100 96 1124 10
113 1099 250 1140 μενος
287 1075 436 1146 λόγῳ,
470 1079 545 1127 καὶ
580 1078 905 1130 διδασκαλίαις
945 1074 1197 1142 προσέχων
1234 1078 1334 1126 ταῖς
1372 1075 1584 1135 μυθικαῖς
1623 1071 1698 1120 καὶ

114 1158 466 1226 γραοπρεπέσιν
517 1161 707 1222 άληθῶς
751 1164 850 1213 ταῖς
893 1163 987 1209 τῶν
1032 1158 1158 1208 ἰδίων
1196 1158 1493 1221 καθηγητῶν·
1535 1152 1697 1218 γέγονε

117 1241 165 1292 δὲ
189 1242 314 1310 αὐτῷ
341 1241 665 1307 κτηνοπρεπὴς
691 1243 716 1292 ὁ
742 1243 858 1304 βίος,
885 1243 960 1292 καὶ
995 1241 1019 1291 ὁ
1056 1244 1162 1292 νοῦς
1197 1240 1246 1289 ἐν
1281 1237 1397 1304 μέθῃ
1424 1238 1497 1287 καὶ
1523 1234 1697 1304 σκότῳ.

163 1325 173 1338 ,¹
297 1324 334 1374 δ’
373 1322 391 1341 ἢ
479 1323 499 1341 5!
620 1326 633 1341 X
726 1324 736 1338 Ι
957 1322 969 1337 Χ
1103 1320 1113 1336 Ι
1286 1319 1297 1336 ἱ
1681 1322 1700 1331 Α

118 1346 263 1377 τυπος
365 1347 422 1374 αν
457 1347 524 1388 ειη
560 1347 636 1375 και
672 1331 804 1386 μαλα
838 1327 1015 1391 σαφης,
1056 1330 1204 1387 λόγου
1242 1343 1326 1385 μεν
1365 1321 1702 1370 διδασκαλικου
1721 1321 1747 1361 b

118 1405 173 1457 τὸ
199 1406 415 1477 ἀργύριον,
445 1406 563 1457 κατά
588 1430 642 1472 γε
673 1405 726 1457 τὸ
753 1405 828 1456 διὰ
857 1409 940 1470 τῆς
959 1403 1167 1456 Ἡσαΐου
1195 1405 1354 1472 φωνῆς
1385 1400 1503 1468 πρὸς
1537 1399 1704 1454 αὐτοὺς

55 1511 100 1549 15
121 1489 370 1555 εἰρημένον,
398 1495 426 1518 “
442 1488 513 1540 Τὸ
538 1489 761 1556 ἀργύριον
798 1490 927 1553 ὑμῶν
963 1487 1223 1551 ἀδόκιμον,”
1253 1488 1328 1536 καὶ
1361 1483 1480 1535 κατὰ
1511 1482 1596 1547 τὴν
1621 1489 1705 1534 τοῦ

122 1574 341 1638 Σωτῆρος
394 1570 557 1641 φωνὴν
607 1576 673 1641 τῷ
722 1575 913 1640 πονηρῷ
963 1573 1037 1621 καὶ
1088 1571 1270 1638 ὀκνηρῴ
1316 1567 1471 1637 δούλῳ
1522 1566 1706 1619 δικαίως

120 1656 423 1717 ἐπιτιμῶντος
469 1656 544 1705 καὶ
588 1653 810 1720 λέγοντος
849 1661 876 1683 “
895 1652 1029 1704 ’Έδει
1073 1675 1131 1703 σε
1169 1656 1336 1712 βαλεῖν
1383 1648 1436 1701 τὸ
1483 1647 1706 1715 ἀργύριόν

123 1743 150 1765 “
175 1759 265 1798 μου
303 1740 397 1789 τοῖς
435 1735 766 1803 τραπεζίταις.”
832 1737 998 1787 οὐκοῦν
1037 1733 1091 1785 τὸ
1136 1735 1357 1800 ἀργύριον
1399 1736 1461 1786 εἰς
1500 1729 1582 1782 τὸν
1613 1735 1706 1782 τῶν

123 1816 444 1869 διδασκόντων
467 1819 628 1888 ἐκδέξῃ
655 1817 815 1885 λόγον.

57 1923 105 1947 20
199 1904 257 1951 Εἰ
284 1900 331 1951 δέ
352 1900 408 1965 δή
428 1924 496 1955 τις
517 1901 670 1952 ἕλοιτο
691 1903 766 1951 καὶ
792 1905 854 1954 εἷς
871 1899 1012 1950 αὐτὸν
1031 1899 1113 1950 τὸν
1133 1898 1208 1950 διὰ
1230 1897 1474 1950 Μωυσέως
1501 1897 1707 1947 ἀνοίσειν

125 1982 283 2046 νόμον,
317 1981 644 2035 πεντεκαίδεκα,
678 1980 792 2033 εἶναι
827 1981 986 2052 φήσει,
1018 1981 1046 2047 ὴ
1083 1981 1153 2033 ὅτι
1186 1980 1358 2034 τέλειός
1393 2003 1442 2030 τε
1478 1981 1593 2044 ὁμοῦ
1632 1981 1707 2029 καὶ

125 2065 294 2129 ἀτελὴς
311 2067 335 2116 ὁ
357 2065 514 2127 νόμος’
554 2067 629 2116 καὶ
650 2065 822 2119 τέλειος
841 2063 939 2129 μὲν,
961 2068 998 2115 εἰ
1025 2069 1175 2116 νοοῖτο
1191 2066 1529 2126 πνευματικῶς·
1571 2066 1712 2112 λαλεῖ
1726 2078 1747 2103 C

125 2146 219 2214 γὰρ
238 2148 347 2211 ἡμῖν
373 2153 456 2199 τοῦ
482 2151 699 2214 Χριστοῦ
723 2146 1000 2213 μυστήριον·
1043 2145 1211 2211 ἀτελὴς
1238 2146 1286 2197 δὲ
1312 2146 1384 2204 αὖ,
1408 2148 1444 2195 εἰ
1469 2144 1630 2211 μέχρις
1650 2143 1709 2193 ἰὀι

125 2236 209 2282 τοῦ
229 2229 504 2297 γράμματος
523 2235 617 2282 τῶν
635 2229 1093 2296 παιδαγωγουμένων
1117 2231 1142 2280 ὁ
1169 2234 1286 2282 νοῦς.
1340 2230 1475 2278 οἱονεὶ
1498 2227 1590 2292 γάρ
1609 2248 1709 2278 πως

61 2333 108 2371 25
128 2313 176 2363 ἐν
215 2313 370 2377 ἡμίσει
410 2313 632 2379 γνώσεως
674 2316 756 2377 τῆς
795 2313 1003 2379 ἱστορίας
1040 2311 1094 2363 τὸ
1133 2311 1300 2379 πάχος.
1372 2309 1624 2371 σύμβολον
1662 2307 1711 2359 δὲ

128 2395 416 2460 τελειότητος
443 2397 468 2447 ὃ
493 2395 602 2447 δέκα
626 2398 757 2447 ἐστὶν
783 2393 993 2462 ἀριθμὸς,
1018 2395 1290 2447 παντέλειος
1316 2390 1394 2454 ὧν,
1419 2390 1538 2442 κατά
1570 2413 1623 2455 γε
1656 2388 1710 2440 τὸ

129 2485 157 2507 “
176 2477 306 2528 ’Έσο
335 2477 489 2529 ἐπάνω
515 2477 622 2529 δέκα
646 2477 872 2540 πόλεων,”
901 2479 975 2528 καὶ
1002 2477 1056 2528 τὸ
1083 2475 1190 2527 ίίῒΩ
1215 2474 1300 2539 μὲν
1335 2475 1471 2525 ε”δωκε
1497 2473 1606 2524 δέκα
1630 2472 1711 2525 τοὶ-

1123 2563 1142 2572 „
1166 2557 1177 2573 ‚
1206 2556 1223 2575 ‚x
1283 2559 1292 2572 .
1369 2555 1381 2569 s

129 2567 157 2589 ‘⁶
183 2560 375 2610 λαντα“”
397 2566 479 2610 τοῦ
501 2559 550 2610 δὲ
568 2561 632 2624 μὴ
653 2562 799 2613 οὕτως
820 2560 1020 2627 ἔχοντος,
1042 2581 1166 2610 νοοιτ
1197 2581 1254 2607 αν
1273 2580 1298 2608 ο
1318 2574 1466 2607 πεντε·
1509 2559 1583 2606 καὶ
1604 2555 1711 2622 γὰρ,

130 2644 192 2696 ὡς
220 2642 353 2711 ἔφην,
379 2643 426 2692 ἐν
451 2642 609 2706 ἡμίσει
634 2646 728 2693 τῶν
755 2641 880 2692 δέκα.
946 2640 974 2705 ὴ
1001 2644 1075 2692 καὶ
1103 2639 1203 2691 καθ’
1234 2639 1389 2705 ἕτερον
1416 2638 1592 2704 τρόπον
1618 2644 1712 2692 τοῖς

179 2781 212 2804 2.
235 2769 313 2804 Hoc
332 2770 405 2804 ἐστὶ
423 2769 567 2803 accessit
580 2781 621 2802 ex
636 2768 683 2802 D.
735 2769 859 2803 Statim
876 2771 934 2813 τῆς
952 2767 1041 2803 Edd.
1057 2773 1136 2802 ante
1154 2768 1289 2812 Migne.
1337 2766 1554 2812 προκείμενος
1568 2767 1650 2809 (sic)
1667 2766 1712 2800 D.

133 2828 167 2862 3.
192 2816 304 2860 μέντοι
324 2817 370 2851 D.
388 2817 448 2860 μὲν
468 2816 508 2849 B.
526 2816 587 2860 μὲν
602 2816 668 2860 γὰρ
687 2815 778 2849 Edd.
1027 2828 1060 2857 4.
1089 2815 1252 2857 δαιμόνων
1272 2814 1317 2848 D.
1561 2824 1595 2858 5.
1619 2828 1713 2857 περι-

133 2866 272 2907 μενοῦσι
291 2863 378 2908 (Sic)
399 2864 444 2897 D.
602 2862 633 2897 6.
660 2863 718 2905 τὴν
734 2864 792 2896 τοῦ
809 2863 917 2907 προφ.
936 2862 1074 2896 inverso
1091 2861 1212 2896 ordine
1232 2861 1277 2895 D.
1430 2870 1462 2906 7.
1485 2860 1646 2906 ἀργυρίου
1666 2861 1712 2894 D.

134 2909 276 2955 ἀργύρια
297 2910 338 2944 Β.
358 2910 449 2944 Edd.
652 2920 704 2943 10.
728 2909 909 2954 προσέχων
926 2921 995 2943 om.
1016 2909 1062 2942 D.
1268 2919 1320 2942 ΙΙ.
1346 2908 1603 2952 πραοπρεπέσιν
1620 2907 1712 2941 Edd.

136 2964 216 2991 ante
235 2957 369 3001 Migne.
419 2956 510 2992 ἰδίως
529 2955 619 2990 Edd.
863 2957 915 2990 18.
945 2955 1023 2990 Hoc
1042 2955 1087 2991 εἷς
1105 2954 1249 2989 accessit
1265 2966 1306 2988 ex
1326 2955 1371 2989 D.
1424 2954 1547 2989 Statim
1566 2955 1603 2988 τὸ
1624 2953 1713 2988 Edd.

139 3003 194 3038 26.
219 3004 254 3037 δέ
274 3015 335 3048 pro
353 3002 398 3036 ὧν
418 3004 461 3037 D.
510 3017 548 3047 γε
566 3008 786 3046 assumptum
806 3015 846 3037 ex
868 3003 912 3037 D.
1089 3012 1143 3046 27.
1171 3002 1231 3037 ἔσο
1249 3013 1318 3036 orn.
1335 3002 1381 3038 D.
1432 3004 1477 3047 τῷ
1496 3013 1558 3046 pro
1577 2999 1603 3047 ᾧ
1624 3000 1712 3035 Edd.

139 3050 233 3095 δέκα]
255 3050 311 3085 Sic
329 3050 421 3084 edidi
439 3063 479 3085 ex
499 3050 544 3084 D.
563 3049 659 3084 πέντε
683 3049 720 3083 Β.
742 3049 831 3084 Edd.

1766 668 1825 702 60
1846 666 1901 700 A.

1763 1665 1928 1697 S.)1atth.

1762 1720 1838 1740 xxv.
1862 1720 1911 1750 27.

1772 2405 1803 2435 S.
1823 2405 1905 2436 Luc.

1772 2449 1837 2480 xix.
1861 2458 1907 2488 ¹7·

1770 2493 1934 2524 S.Matth.

1773 2547 1847 2568 xxv.
1868 2547 1916 2577 15.
