2021 3434
121 218 192 259 vii.
218 231 253 259 1.
486 219 562 259 IN
602 217 987 258 MICHAEAM.
1048 215 1200 257 ΤΟΜ.
1233 217 1320 257 ΠΙ.
1611 217 1692 257 709

120 329 389 398 εἰφοινισμὶν,
433 330 508 379 καὶ
551 332 613 382 εἰς
653 327 969 379 ἐπονείδιστόν
1010 349 1059 377 τε
1109 329 1182 377 καὶ
1227 325 1460 392 ἐπάρατον
1503 327 1693 389 ἀληθῶς

119 410 508 479 καταστρέψουσι
545 410 696 463 τέλος.
1711 418 1732 444 e

124 643 251 694 Οἰ’μοι
297 646 363 687 ὅτι
405 646 610 695 ὲΓενόμΗν
659 646 718 686 ὡς
762 647 954 693 συνάΓων
1005 647 1200 694 καλάμΗν
1243 646 1287 687 ὲν
1330 645 1483 699 ἀμΗτῷ
1525 645 1591 686 καὶ
1634 645 1694 686 ὡς
1717 639 1882 692 Κεφ·ζ’·

187 729 441 784 ἐπιφυλλίὸα
481 731 524 771 ὲν
562 732 768 787 τρυΓΗτῴ,
805 731 878 786 οὐχ
916 731 1179 786 ὑπάρχοντος
1220 730 1396 786 βότρυος
1433 733 1506 771 τοῦ
1546 726 1694 785 φαΓεῖν

79 817 102 854 5
189 812 239 852 τὰ
266 812 533 868 ΠρωτόΓονα.

196 934 290 1003 Ἐξ
337 935 522 999 ἀγάπης
571 936 596 986 ὁ
644 934 903 1003 Προφήτης
954 934 1223 1000 κατοιμώζει
1263 940 1344 985 τοῦ
1382 934 1596 1000 Ἰσραὴλ,
1639 936 1700 988 ὡς

123 1015 240 1066 ὅσον
289 1017 467 1068 οὐδέπω
517 1018 914 1084 κατοιχησομένου
965 1020 1027 1069 εἰς
1075 1015 1286 1082 ὄλεθρον,
1335 1019 1410 1066 καὶ
1460 1020 1521 1069 εἰς
1562 1021 1742 1068 τοῦτοὸ,
1768 1035 1856 1069 454
1871 1033 1921 1068 A.

123 1097 293 1149 λοιπὸν
348 1099 542 1167 ἥξοντος
593 1101 803 1164 ἀριθμοῦ,
855 1101 916 1152 ὡς
971 1098 1158 1162 ὀλίγους
1210 1101 1376 1165 κομιδῇ
1432 1100 1507 1148 καὶ
1563 1097 1701 1161 μόλις

123 1179 562 1245 περιλιμπάνεσθαι,
587 1180 774 1231 ἐοικέναι
801 1179 849 1231 δὲ
881 1185 974 1233 τοῖς
1001 1179 1321 1230 ἀποπίπτουσι
1347 1184 1441 1230 τῶν
1466 1180 1702 1247 σταχύων,

3 1263 8 1301 ²,
59 1277 106 1304 10
125 1261 203 1314 οὓς
238 1265 283 1312 αἱ
322 1266 416 1312 τῶν
449 1262 675 1324 ἀμώντων
713 1260 1063 1329 παρατρέχουσι
1101 1266 1261 1328 χεῖρες,
1300 1262 1454 1327 ὀλίγοι
1492 1261 1540 1312 δὲ
1579 1261 1704 1312 οὗτοι

125 1344 200 1394 καὶ
250 1348 345 1397 τοῖς
392 1342 478 1407 τὴν
534 1343 753 1408 καλάμην
803 1343 1100 1409 συλλέγουσι
1150 1342 1402 1398 σπανιάκις
1446 1344 1699 1408 ἁλώσιμοι.

126 1424 318 1476 ἐοικέναι
351 1425 398 1476 δὲ
434 1424 564 1476 οὐδὲν
598 1425 739 1490 ἧττον
782 1427 856 1475 καὶ
899 1430 997 1478 ταῖς
1039 1425 1344 1487 καλουμέναις
1380 1427 1701 1495 ἐπιφυλλίσιν,

126 1505 182 1560 ἃς
227 1510 274 1557 αἱ
324 1511 418 1558 τῶν
456 1507 724 1576 τρυγώντων
766 1510 1014 1573 παρῆλθον
1061 1506 1297 1573 δρεπάναι.
1375 1506 1501 1572 οἶμαι
1546 1507 1594 1559 δὲ
1634 1509 1704 1559 ὅτι

127 1590 204 1640 καὶ
240 1588 294 1640 τὸ
328 1593 421 1640 τῶν
461 1590 606 1655 ἁγίων
644 1589 920 1655 δυσεύρετον
953 1589 1028 1639 διὰ
1065 1589 1242 1640 τούτων
1278 1591 1518 1655 ὑποδηλοῖ,
1557 1594 1619 1645 ὡς
1656 1593 1705 1642 ἐν

7 1680 9 1683 ’
60 1682 108 1721 15
128 1670 305 1736 ὀλίγοις
347 1670 494 1722 ὄντων
537 1671 780 1739 λειψάνοις
820 1670 918 1722 κατ’
959 1673 1101 1722 ἐκεῖνο
1149 1678 1323 1738 καιροῦ,
1365 1673 1703 1738 εὑρισκομένων

127 1753 176 1805 δὲ
202 1755 361 1816 οὕτως,
389 1755 450 1807 ὡς
488 1752 544 1804 ἀν
579 1758 617 1804 εἰ
650 1756 725 1804 καὶ
763 1753 975 1820 ἄσταχυς
1009 1753 1070 1807 εἷς
1101 1756 1148 1804 ἐν
1173 1753 1320 1818 ληίοις
1346 1756 1699 1821 τεθερισμένοις,
1720 1770 1747 1811 b

127 1834 156 1901 ἢ
205 1837 280 1886 καὶ
325 1838 372 1886 ἐν
417 1840 511 1889 τοῖς
551 1835 838 1906 πρωτογόνοις
882 1840 976 1887 τῶν
1026 1835 1221 1902 βοτρύων
1262 1840 1308 1886 αἱ
1346 1841 1439 1887 τῶν
1483 1837 1703 1903 δευτέρων

127 1918 395 1979 ἐπεκβολαί.
465 1917 597 1983 ἀέρος
653 1916 736 1981 μὲν
797 1918 890 1984 γὰρ
954 1918 1350 1980 καταθάλποντος,
1403 1918 1704 1985 ἐκβράττεται

129 2003 224 2051 τῶν
284 1998 537 2064 κλημάτων
586 2000 610 2049 ὁ
663 2000 836 2066 βότρυς
886 2002 910 2050 ὁ
961 2003 1009 2051 ἐν
1058 2002 1221 2068 ἀρχαῖς
1276 2023 1325 2051 τε
1376 2002 1452 2051 καὶ
1500 2005 1700 2066 πρῶτος.

61 2102 111 2127 20
129 2079 371 2149 προϊόντος
410 2080 558 2147 γεμὴν
584 2087 666 2132 τοῦ
691 2087 863 2148 καιροῦ,
901 2082 1014 2147 νόθη
1040 2106 1108 2135 τις
1146 2082 1253 2133 ἔσθ’
1294 2082 1369 2133 ὅτε
1405 2083 1478 2133 καὶ
1518 2083 1705 2150 δευτέρα

129 2165 226 2229 μετ’
260 2164 455 2217 ἐκείνους
492 2166 742 2215 ἀκολουθεῖ
774 2164 990 2231 βοτρύων
1028 2165 1262 2228 διεκβολή.
1329 2169 1475 2215 ταῦτα
1508 2163 1564 2229 δή
1604 2167 1705 2216 ἐστι

130 2251 225 2300 τοῖς
250 2250 460 2313 τρυγῶσι
487 2246 752 2312 δυσεύρετα,
781 2246 927 2298 διάτοι
960 2245 1014 2298 τὸ
1051 2249 1111 2300 ὡς
1143 2249 1190 2297 ἐν
1223 2251 1386 2314 πολλῇ
1411 2250 1468 2314 τῇ
1496 2246 1708 2315 φυλλάδι

131 2327 456 2380 διαλανθάνειν
481 2326 696 2392 εὐκόλως,
717 2331 792 2379 καὶ
818 2330 866 2379 ἐν
892 2330 1073 2394 ὀλίγαις
1100 2327 1210 2379 εἶναι
1237 2328 1359 2397 ῥαξί.
1415 2334 1561 2379 ταῦτα
1586 2336 1704 2380 συλ-

130 2409 353 2476 λέγουσιν
385 2410 467 2460 οὐκ
501 2411 730 2477 ἀνιδρωτὶ,
756 2409 1107 2478 περιεργότερον
1132 2415 1231 2464 ταῖς
1266 2408 1494 2474 ἀμπέλοις
1519 2412 1706 2466 ἐνιέντες
1725 2439 1747 2465 c

181 2572 213 2606 3.
240 2560 400 2605 ἐγενόμην
425 2560 467 2594 Β.
487 2560 606 2605 (Alex.
633 2561 705 2595 XII
732 2562 808 2596 lect.
827 2561 908 2595 Vat.
935 2561 1170 2606 suprascripto
1189 2572 1243 2606 23,
1263 2573 1318 2606 49,
1337 2561 1392 2599 86,
1416 2562 1491 2602 106,
1514 2573 1589 2607 130,
1608 2563 1709 2608 311.)

135 2607 297 2652 ἐγενόμην
314 2608 358 2640 A.
385 2607 522 2652 ἐγενήθη
550 2608 641 2642 Edd.
690 2609 734 2643 ὣς
758 2609 817 2642 alt.
843 2620 914 2642 om.
940 2608 983 2641 A.
1035 2608 1159 2641 Statim
1186 2608 1388 2653 ἐπιφυλίδας
1413 2621 1475 2653 pro
1501 2609 1711 2654 ἐπιφυλλίδα

136 2653 228 2688 Edd.
248 2653 353 2698 (Co.)
667 2655 700 2689 6.
718 2655 1112 2699 τοῦ-κατοιχησομένου
1131 2654 1172 2688 Β.
1189 2656 1599 2699 τὸν-κατοιχησομένους
1617 2656 1711 2691 Edd.

135 2701 170 2735 8.
196 2701 334 2744 ἥξοντος
353 2701 486 2734 correxi
509 2713 548 2734 ex
568 2701 610 2735 Β.
631 2702 772 2747 ἥξοντας
793 2702 852 2736 iid.
901 2703 999 2745 μόλις
1020 2702 1062 2735 A.
1085 2702 1207 2745 μόνους
1232 2701 1324 2735 Edd.
1348 2702 1586 2746 εὐαριθμήτους
1607 2703 1648 2736 Β.
1674 2703 1711 2737 in

136 2747 309 2786 lacunam,
328 2746 388 2780 sed
407 2759 426 2780 a
443 2748 553 2791 prima
570 2760 688 2787 manu,
707 2749 912 2782 effarcitum.
1239 2759 1292 2782 10.
1319 2748 1429 2793 ὀλίγοι
1447 2750 1490 2783 Α,
1509 2749 1600 2783 οὗτοι
1618 2749 1711 2784 Edd.

137 2793 229 2827 οὗτοι
248 2795 292 2827 A.
312 2792 396 2827 οὕτω
413 2794 472 2828 iid.
493 2794 666 2829 Neutrum
686 2795 791 2830 habet]
810 2795 852 2829 B.
1130 2805 1182 2828 ΙΙ.
1209 2795 1358 2830 σπανίως
1376 2795 1467 2829 Edd.
1485 2796 1602 2829 invitis
1619 2796 1709 2830 Α.Β.

140 2851 195 2884 13.
221 2840 380 2884 δρεπάναι
397 2841 440 2874 A.
458 2842 569 2885 χεῖρες
587 2841 677 2875 Edd.
916 2852 967 2883 14.
995 2840 1092 2874 Haec
1112 2840 1165 2874 διὰ
1182 2840 1308 2875 τούτων
1324 2849 1545 2876 accesserunt
1562 2855 1603 2876 ex
1621 2843 1711 2877 A.b.

142 2896 195 2929 15.
222 2885 343 2932 ἐκεῖνο]
368 2891 405 2927 -i-
426 2890 485 2921 τοῦ
503 2888 594 2922 Edd.
614 2888 732 2923 invitis
752 2888 841 2922 B.b.
1056 2887 1109 2921 16.
1136 2888 1265 2932 στάχυς
1284 2888 1325 2922 Β.
1377 2888 1502 2923 Statim
1519 2887 1566 2924 εἷς
1582 2901 1651 2923 om.
1666 2891 1710 2924 A.

137 2930 265 2976 ληΐνοις
281 2945 344 2978 pro
361 2931 468 2977 ληΐοις
485 2934 676 2970 Aubertus.
832 2934 884 2968 18.
911 2933 1095 2971 ἐπεκβολαί
1110 2934 1152 2967 A.
1172 2934 1360 2978 ἐπεμβολαί
1377 2934 1469 2969 Edd.
1615 2947 1668 2981 19.
1695 2938 1713 2970 ὁ

139 2980 196 3014 alt.
218 2991 287 3013 om.
307 2980 350 3014 A.
586 2992 642 3016 20.
669 2981 748 3025 νόθη
766 2996 815 3017 τις
833 2981 922 3015 A.B.
941 2981 1072 3016 εἰκότως
1090 2980 1180 3015 Edd.
1399 2992 1454 3017 21.
1480 2981 1520 3026 δή
1538 2983 1582 3018 A.
1599 2983 1638 3017 δέ
1654 2983 1712 3018 iid.

141 3037 197 3062 22.
223 3027 267 3063 ὡς
284 3032 503 3072 assumptum
522 3040 563 3062 ex
578 3029 621 3062 A.
