2021 3434
0 246 2 287 Ρ
88 246 128 285 ii.
153 258 189 299 3.
542 247 613 287 IN
656 247 889 287 OSEAM.
951 247 1100 287 TOM.
1144 246 1203 285 II.
1608 246 1663 284 47

0 377 3 404 ε
87 355 222 419 ποινὴ
266 358 340 406 καὶ
378 356 577 414 κόλασις
613 361 856 411 ἐπινοεῖται
894 383 976 422 τις,
1016 360 1088 429 ἐφ’
1128 358 1241 425 ὅπερ
1287 356 1343 421 ἧν
1385 357 1572 421 ἄμεινον
1609 357 1667 426 ἐξ

87 439 202 491 ἰδίας
254 437 482 506 φέρεσθαι
532 441 735 506 γνώμης,
780 443 848 493 ἐπ’
901 440 1014 492 αὐτὸ
1066 440 1122 505 δὴ
1175 447 1312 491 τοῦτο
1361 444 1703 504 μετατιθεῖσαει
1741 454 1794 488 33
1825 453 1875 487 A.

87 518 267 582 λοιπὸν,
295 523 356 574 ὡς
390 522 446 591 ἐξ
476 523 682 589 ἀνάγκης
717 525 793 574 καὶ
825 523 995 592 φόβου.
1063 523 1204 589 ὅνπερ
1237 522 1330 588 γὰρ
1367 522 1542 589 τρόπον
1569 528 1664 574 τῶν

86 607 134 655 ἐν
158 610 252 658 τοῖς
278 606 474 668 σώμασι
504 609 782 674 τραυμάτων
807 608 865 659 τὰ
891 612 1096 675 δυσχερῆ
1123 610 1199 659 καὶ
1225 610 1665 676 δυσμεταχείριστα,

46 704 68 742 5
88 684 173 737 κᾶν
212 692 249 738 εἰ
283 688 347 752 μὴ
385 694 485 743 ταῖς
522 694 616 740 τῶν
651 689 912 758 φαρμάκων
950 690 1205 753 δυνάμεσιν
1242 691 1421 741 εἴκοντα
1456 691 1664 759 δέχοιντό

87 791 191 819 τινα
221 769 306 834 τὴν
336 775 398 825 εὶς
430 771 483 822 τὸ
515 772 699 833 οἴμεινον
728 771 1039 837 μετατροπὴν,
1067 771 1095 836 ἢ
1128 772 1307 842 σιδήρῳ
1334 774 1557 838 τέμνεται,
1583 779 1666 840 τῆς

87 854 181 901 τῶν
215 855 385 918 ἰατρῶν
421 854 655 919 ἐμπειρίας
696 858 758 907 εἰς
801 860 967 905 τοῦτον
1006 854 1247 918 καλούσης
1285 858 1367 919 τῆς
1405 858 1666 924 ἐπικουρίας

88 932 169 983 τὸν
205 934 392 999 τρόπον,
426 935 570 1001 ἤγουν
608 941 786 987 νικᾶται
816 938 943 1002 πυρί·
993 938 1112 987 οὕτω
1145 940 1218 987 καὶ
1251 938 1498 1003 ἀνθρώπου
1528 939 1664 1007 ψυχὴ

87 1013 211 1067 πολὺ
237 1017 526 1068 διανεύσασα
559 1017 678 1085 πρὸς
703 1019 975 1070 ἀπόστασιν
1000 1019 1087 1084 τὴν
1111 1019 1166 1088 ἐξ
1189 1021 1394 1085 ἀγαθῶν,
1423 1019 1512 1071 κᾶν
1537 1026 1574 1072 εἰ
1600 1021 1665 1086 μὴ
1686 1030 1711 1069 b

4 1121 70 1178 5¹⁰
89 1104 185 1152 ταῖς
210 1103 304 1150 τῶν
330 1101 670 1152 νουθετούντων
704 1102 814 1152 ε’ίκοι
849 1106 1044 1170 φωναῖς,
1072 1102 1189 1167 μήτε
1220 1101 1314 1167 μὴν
1349 1103 1501 1154 ἕλοιτο
1527 1127 1667 1166 μετα-

5 1183 8 1210 ¹
90 1184 259 1249 φοιτᾶν
285 1183 333 1232 ἐκ
359 1187 452 1234 τῶν
475 1182 729 1251 αἰσχιόνων
758 1187 833 1236 ἐπὶ
866 1184 920 1236 τὸ
955 1185 1155 1248 ἄμεινον,
1182 1190 1359 1236 νικᾶται
1384 1191 1482 1241 ταῖς
1509 1187 1666 1249 δίκαις,

4 1241 10 1345 1
90 1265 164 1314 καὶ
189 1268 282 1317 τοῖς
307 1267 389 1328 τῆς
415 1265 658 1319 κολάσεως
683 1269 921 1318 ε’ναλοῦσα
956 1267 1162 1335 βρόχοις,
1190 1269 1448 1334 ἀναγκαίαν
1473 1275 1665 1321 ποιεῖται

7 1353 9 1408 ξ
90 1344 173 1409 τὴν
199 1347 508 1413 ἐπιστροφήν·
551 1348 713 1399 ὁποῖόν
739 1350 840 1400 ἐστι
866 1349 920 1400 τὸ
946 1349 1019 1400 διὰ
1047 1353 1206 1416 φωνῆς
1231 1351 1453 1417 Ἱερεμίου
1479 1359 1505 1380 “
1524 1352 1666 1422 Πόνῳ
1732 1365 1825 1425 ξῖἰθικ
1845 1365 1889 1395 vi.

91 1435 117 1458 ‘⁶
143 1430 216 1478 καὶ
261 1429 460 1495 μάστιγι
510 1431 804 1500 παιδευθήσῃ
853 1432 1211 1497 Ἱερουσαλήμ.”
1292 1433 1477 1501 ψάλλει
1528 1433 1582 1484 δέ
1623 1458 1668 1486 τι
1735 1430 1760 1449 ι’

8 1519 72 1572 ἰι5
90 1516 296 1561 τοιοῦτον
331 1515 404 1562 καὶ
441 1514 464 1562 ὁ
503 1514 756 1567 θεσπέσιος
790 1517 965 1565 Δαυεὶδ
999 1517 1104 1580 περὶ
1139 1519 1232 1565 τῶν
1269 1514 1584 1580 ἠγαπηκότων
1614 1515 1668 1568 τὸ

8 1569 12 1680 ἓ
90 1593 214 1644 πολὺ
241 1593 297 1657 δὴ
322 1595 431 1645 λίαν
465 1596 667 1661 ἄγεσθαι
701 1595 819 1662 πρὸς
853 1596 907 1647 τὸ
945 1602 1255 1661 πλημμελεῖν,
1282 1607 1308 1626 “
1328 1599 1412 1649 Ἐν
1438 1603 1570 1668 κημῷ
1595 1603 1669 1650 καὶ
1731 1607 1890 1638 Ps.xxxi.

9 1693 13 1721 ι
93 1683 118 1705 “
143 1680 324 1746 χαλινῷ
363 1677 446 1732 τὰς
486 1678 715 1743 σιαγόνας
756 1680 908 1730 αὐτῶν
947 1679 1114 1748 ἄγξαις
1155 1685 1248 1730 τῶν
1291 1682 1355 1744 μὴ
1395 1680 1670 1747 ἐγγιζόντων
1732 1662 1761 1693 9·

10 1727 14 1817 Ιι
92 1765 118 1787 “
141 1757 259 1825 πρὸς
299 1759 402 1810 σε’.”
467 1760 527 1812 τὰ
564 1761 657 1828 γάρ
695 1785 764 1812 τοι
801 1762 994 1828 σκληρά
1034 1785 1084 1813 τε
1118 1764 1193 1813 καὶ
1233 1764 1542 1831 ἀστοιχείωτα
1576 1768 1709 1814 τῶνο

10 1852 14 1892 Ι
92 1841 283 1908 ἀλόγων
319 1842 447 1909 ζώων
481 1849 691 1911 χαλινοῖς
724 1844 1082 1911 περιτρέπουσιν
1106 1849 1167 1898 εἷς
1193 1844 1247 1896 τὸ
1280 1846 1329 1895 εὖ
1359 1846 1477 1913 ἔχειν
1504 1849 1671 1898 δοκοῦν

0 1915 75 1974 {¹20
95 1926 136 1975 οἱ
160 1927 485 1988 πωλοδαμνεῖν
511 1925 735 1981 εἰωθότες·
779 1928 899 1978 οὕτω
925 1929 1000 1978 καὶ
1027 1926 1147 1981 Θεὸς
1178 1929 1423 1996 χρησίμως
1448 1929 1668 1997 προσφέ-

93 2029 219 2072 ρεται
255 2011 349 2060 τοῖς
389 2008 582 2077 σφόδρα
617 2008 1050 2077 φιλαμαρτήμοσιν.
1120 2011 1285 2061 οὐκοῦν
1323 2011 1670 2072 συνεβούλευον

93 2089 176 2153 μὲν
212 2093 270 2158 τῇ
310 2094 571 2159 Συναγωγῇ
613 2095 855 2160 προφῆται
892 2094 966 2142 καὶ
1007 2093 1172 2143 δίκαιοι
1216 2095 1297 2157 τῆς
1336 2098 1430 2144 τῶν
1463 2094 1670 2146 εἰδώλων

94 2173 414 2240 ἀποφοιτῆσαι
454 2175 686 2239 λατρείας,
731 2176 806 2225 καὶ
850 2177 931 2238 τῆς
973 2176 1055 2225 οὐκ
1097 2173 1178 2225 οἶδ’
1216 2174 1323 2225 ὅθεν
1361 2175 1672 2244 ἐξηυρημένης

95 2254 395 2321 ἀποσχέσθαι
428 2256 627 2320 πλάνης.
696 2259 770 2307 καὶ
798 2258 851 2307 οὐ
877 2256 1012 2324 μέχρι
1039 2256 1233 2307 τούτων·
1277 2256 1408 2307 ἀλλὰ
1432 2260 1507 2308 καὶ
1534 2258 1672 2311 αὐτὸς

97 2423 264 2477 κακῶν,
309 2423 346 2470 εἰ
391 2419 455 2484 μὴ
497 2419 679 2471 ἐ’λοιντο
717 2423 1053 2486 παλινδρομεῖν
1094 2425 1156 2474 εἷς
1194 2421 1248 2472 τὸ
1289 2426 1477 2487 φρονεῖν
1509 2445 1559 2473 τε
1596 2425 1673 2474 καὶ

95 2502 212 2564 δρᾶν
249 2500 307 2551 τὰ
346 2503 470 2571 αὐτῷ
506 2506 731 2553 δοκοῦντα
766 2508 839 2554 καὶ
880 2505 1015 2571 φίλα.
1082 2507 1123 2553 οἱ
1150 2503 1197 2554 δὲ
1222 2503 1347 2568 ἦσαν
1372 2503 1437 2554 ε”τι
1463 2506 1602 2555 δεινοί
1625 2528 1673 2556 τε
1693 2513 1720 2554 (1

97 2584 171 2632 καὶ
205 2582 495 2648 ἀτεράμονες,
522 2587 596 2635 καὶ
631 2583 716 2648 τὴν
749 2585 953 2636 διάνοιαν
988 2588 1230 2649 ἅκαμπεῖς.
1297 2585 1513 2655 ταύτῃτοι
1552 2589 1673 2654 δορί-

98 2670 268 2729 ληπτοι
303 2665 546 2731 γεγονότες
577 2671 639 2721 εἷς
666 2669 951 2733 Ἀσσυρίους
983 2670 1058 2718 καὶ
1095 2667 1303 2732 Μήδους,
1335 2669 1537 2735 μακροὺς
1572 2673 1671 2721 δια-

148 2798 177 2821 1.
203 2786 380 2821 ἐπινοεῖται
407 2802 467 2827 τις,
486 2786 540 2831 ἐφ’
559 2786 655 2832 ὅπερ]
687 2788 744 2822 Sic
767 2789 910 2823 correxi.
929 2789 1107 2822 ἐπινοεῖται
1131 2789 1203 2830 τίς;
1231 2789 1286 2834 ἐφ’
1309 2789 1392 2835 ὅπερ
1416 2790 1458 2825 Β.
1485 2790 1675 2826 ἐπινοεῖται.

99 2832 169 2874 τίς;
196 2833 250 2878 ἐφ’
270 2834 352 2878 ὅπερ
371 2833 461 2868 Edd.
482 2834 591 2868 Deest
608 2835 840 2879 interpunctio
859 2836 894 2868 in
916 2836 959 2868 D.
1073 2847 1104 2869 2.
1130 2837 1362 2882 μετα-τιθεῖσα]
1381 2839 1598 2882 μετατεθῆναι
1616 2838 1675 2872 iid.

101 2880 133 2913 6.
160 2880 206 2915 εἷς
222 2881 263 2914 τὰ
280 2880 401 2923 ἀμείνω
422 2882 466 2915 D.
868 2893 918 2915 12.
947 2882 1115 2916 ἐναλοῦσα
1131 2883 1288 2929 βρόχοις]
1309 2884 1453 2919 ἐνδοῦσα
1470 2887 1607 2929 τρόποις
1625 2886 1672 2920 D.

104 2937 157 2969 14.
179 2927 405 2973 παιδευθὴσῃ]
428 2928 484 2962 SIC
502 2928 631 2962 correxi
650 2940 690 2962 ex
711 2928 757 2962 D.
775 2929 992 2972 παιδευθείσῃ
1012 2929 1102 2963 Edd.
1403 2931 1455 2966 16.
1481 2932 1521 2975 δὴ
1539 2944 1608 2966 om.
1629 2933 1676 2966 D.

96 2974 158 3007 -18,
183 2989 219 3008 τε
236 2986 305 3007 om.
329 2975 370 3008 D.
634 2986 688 3008 21.
718 2974 795 3008 Hoc
814 2976 952 3020 σφόδρα
969 2976 1141 3020 assumpsi
1161 2989 1201 3010 ex
1222 2978 1266 3012 D.
1323 2980 1392 3014 τοῖς
1409 2980 1570 3024 σφρόδρα
1587 2978 1677 3023 (sic)

102 3019 380 3064 φιλαμαρτήμοσι
398 3021 573 3066 χρησίμως
590 3021 823 3067 προσφέρεται
847 3022 888 3055 D.
1043 3034 1096 3067 23.
1119 3023 1272 3069 ἐξευρημ.
1293 3025 1337 3060 D.
1485 3025 1537 3059 26.
1558 3028 1678 3059 παλιν-

105 3066 269 3111 δρομῆσαι
290 3068 334 3101 D.
636 3070 689 3103 28.
713 3068 916 3113 δορύληπτοι
936 3069 1026 3103 Edd.

13 2048 16 2070 Ι

14 2170 17 2230 l

15 2241 18 2304 ξ

16 2345 76 2421 225
95 2336 273 2400 ἠπείλει
315 2335 436 2392 Θεὸς
487 2338 727 2403 ἐπιθήσειν
776 2340 928 2393 αὐτοῖς
979 2337 1038 2389 τὰ
1077 2338 1266 2390 πάντων
1307 2339 1536 2407 αἴσχιστα
1579 2344 1673 2391 τῶν

17 2427 21 2499 ἱ

17 2511 21 2530 l

19 2582 21 2600 ἲ

19 2650 23 2681 l

21 2774 24 2806 Ι

21 2818 23 2848 ι

21 2874 24 2907 Ι
