2021 3434
128 1818 161 1848 S.
173 1816 272 1848 Joan.

128 1862 169 1892 iv.
186 1870 239 1901 3²·

128 1989 177 2020 Ib.
189 1998 242 2028 34.

343 218 428 259 686
736 220 786 260 B.
826 219 1104 260 CYRILLI
1146 218 1527 260 ALEXANDR.
1820 230 1916 272 v..7.

344 325 511 394 φλέγει
566 333 688 390 νοῦν,
740 329 1070 394 καταμαραίνει
1125 327 1301 394 τρόπον
1350 327 1453 378 τινὰ
1504 329 1579 378 καὶ
1628 327 1754 379 πολὺ
1810 329 1920 379 λίαν

344 410 531 472 ἀκαλλῆ
571 411 824 477 φαίνεσθαι
860 415 995 462 ποιεῖ.
1054 412 1247 477 ἀνορθοῖ
1283 407 1329 460 δὲ
1372 409 1536 476 ὥσπερ
1581 409 1721 460 αὑτὸν
1768 411 1793 460 ὁ
1836 415 1919 461 τοῦ

345 494 469 541 Θεοῦ
501 490 671 557 Λόγος,
698 491 820 543 καθὰ
857 494 932 543 καὶ
971 491 1111 545 ἄνθος
1149 492 1178 557 ἢ
1215 491 1334 546 πόας
1368 493 1396 556 ἡ
1436 489 1596 560 δρόσος.
1661 493 1738 542 καὶ
1775 493 1921 545 οὕτως

343 573 546 636 ἔσονται,
573 576 710 642 φησὶ,
737 576 812 625 καὶ
839 578 879 625 οἱ
906 575 962 643 ἐξ
984 573 1198 635 Ἰακωβ
1182 598 1219 626 εν
1247 599 1335 630 τοις
1363 573 1505 632 ἔθνεα-ι,
1532 572 1616 627 τὰς
1638 577 1733 624 τῶν
1757 577 1916 624 πειθο-

341 654 494 718 με’νων
519 655 680 724 ψυχὰς
707 655 781 706 οἷοί
814 679 904 708 τινι
935 653 1069 726 δρόσῳ
1103 655 1410 722 κατάρδοντες
1446 660 1543 710 τοῖς
1581 659 1644 709 εἷς
1682 654 1961 716 εὐσέβειαν5

343 735 519 802 λόγοις,
537 740 611 788 καὶ
632 737 911 802 μαθήμασιν
928 738 1248 804 εὐαγγελικοῖς
1267 738 1511 791 πλουσίως
1532 738 1919 790 καταπιαίνοντες.

343 817 718 886 κατορχήσονται
764 819 813 871 δὲ
857 817 1020 885 ὥσπερ
1059 819 1262 884 βοτάνης
1304 821 1455 882 ἀμνοὶ,
1495 819 1709 870 τουτέστι
1746 819 1920 870 πλείσ-

342 924 428 965 την
447 925 495 953 τε
521 901 641 966 ὅσην
664 904 739 953 καὶ
765 904 1024 970 ἀμφιλαφῆ
1049 900 1134 966 τὴν
1162 900 1306 966 νομὴν
1325 900 1621 969 εὑρήσουσιν·
1654 899 1922 968 ἑτοιμότερα

342 984 436 1050 γάρ
473 1007 572 1037 πως
607 986 676 1034 ἀεὶ
706 983 765 1035 τὰ
803 985 912 1049 ε”θνη
948 983 1065 1051 πρὸς
1097 982 1152 1035 τὸ
1190 983 1369 1048 εὐήνιον
1403 986 1478 1035 καὶ
1517 983 1758 1035 νενευκότα
1795 981 1923 1035 πολὺ

342 1065 460 1132 πρὸς
498 1065 552 1117 τὸ
585 1073 840 1118 πιστεῦσαι
865 1070 1079 1136 Χριστῷ,
1106 1069 1181 1117 καὶ
1210 1066 1329 1132 πρός
1360 1090 1414 1132 γε
1448 1068 1570 1135 φημὶ
1604 1066 1658 1117 τὸ
1685 1065 1915 1132 ἀσυγκρί-

342 1171 433 1202 τως
458 1149 644 1211 ἀμεῖνον
667 1151 749 1213 τῆς
775 1151 823 1200 ἐν
851 1151 1014 1217 ἀρχαῖς
1039 1148 1230 1200 ἑλέσθαι
1255 1148 1387 1215 ζωῆς.
1441 1149 1550 1199 ἀλλ’
1573 1147 1734 1214 ὥσπερ
1760 1150 1922 1212 ἀμνοῖς

343 1231 506 1294 πολλή
530 1253 579 1281 τε
605 1232 680 1282 καὶ
706 1231 901 1296 εὐανθὴς
924 1236 960 1282 εἱ
993 1231 1270 1297 παρακέοιτο
1295 1229 1409 1294 πόα,
1439 1231 1544 1282 τότε
1570 1229 1626 1296 δὴ
1652 1229 1758 1282 τότε
1782 1253 1921 1282 κατα-

307 1314 568 1381 Οτρυφῶσί
600 1337 649 1365 τε
687 1315 762 1364 καὶ
792 1314 1181 1379 κατασκαίρουσι·
1224 1312 1343 1364 κατὰ
1376 1312 1459 1364 τὸν
1493 1312 1635 1365 αὐτὸν
1659 1310 1785 1377 οἶμαι
1815 1312 1921 1379 τρό-

344 1419 436 1446 πον
462 1398 536 1446 καὶ
570 1400 664 1446 τῶν
689 1396 1009 1447 διδασκόντων
1035 1397 1059 1447 ὁ
1087 1401 1193 1449 νοῦς
1223 1394 1407 1465 τρυφὴν
1430 1400 1625 1447 ποιεῖται
1651 1398 1726 1446 καὶ
1753 1395 1922 1464 τέρψιν

344 1481 438 1528 τῶν
476 1479 933 1544 παιδαγωγουμένων
971 1478 1025 1529 τὸ
1063 1478 1251 1542 εὐήνιον,
1279 1479 1354 1529 καὶ
1392 1482 1487 1529 τῶν
1523 1477 1922 1545 μυσταγωγουμέ-

346 1583 438 1610 νων
464 1559 517 1611 τὸ
543 1560 759 1615 εὐπειθές.

422 1644 516 1693 Καὶ
560 1649 675 1709 γοῦν
716 1645 741 1694 ὁ
785 1642 957 1710 Κύριος
995 1643 1125 1707 ἡμῶν
1167 1644 1354 1707 Ἰησοῦς
1398 1644 1424 1693 ὁ
1457 1642 1671 1709 Χριστὸς
1713 1642 1799 1707 τὴν
1840 1645 1923 1707 τῆς

346 1727 677 1792 Σαμαρείτιδος
715 1726 967 1778 εὐπείθειαν
1007 1728 1125 1777 ἰδίαν
1162 1724 1324 1791 ὥσπερ
1367 1727 1442 1776 καὶ
1481 1727 1606 1794 αὐτῷ
1646 1724 1923 1792 πρέπουσαν

346 1807 540 1858 ἐποιεῖτο
577 1807 777 1877 τροφήν.
844 1808 935 1878 ε”φη
971 1807 1065 1874 γὰρ
1090 1812 1184 1861 τοῖς
1220 1808 1368 1874 ἁγίοις
1390 1806 1711 1861 Ἀποστόλοις
1749 1815 1776 1837 “
1793 1806 1922 1874 Ἐγὼ

348 1896 376 1918 “
400 1893 586 1956 βρῶσιν
613 1890 704 1958 ἔχω
730 1894 900 1959 φαγεῖν
923 1888 981 1954 ἢν
1010 1891 1132 1953 ὑμεῖς
1159 1890 1241 1940 οὐκ
1272 1888 1463 1941 οἵδατε.”
1528 1887 1626 1940 εἶτα
1663 1894 1800 1940 τοῦτο
1838 1893 1920 1955 δη-

348 1976 460 2035 λῶν,
498 1974 766 2038 προσετίθει
804 1973 959 2038 λέγων
997 1980 1025 2002 “
1049 1971 1198 2035 Ἐμὸν
1235 1971 1406 2039 βρῶμά
1443 1973 1587 2035 ἐστιν,
1624 1972 1700 2023 ἵνα
1736 1970 1924 2036 ποιήσω

347 2061 376 2083 “
400 2054 454 2106 τὸ
505 2054 691 2120 θέλημα
733 2061 817 2107 τοῦ
860 2053 1140 2124 πέμψαντός
1183 2078 1238 2118 με
1282 2055 1356 2105 καὶ
1397 2054 1635 2105 τελειώσω
1680 2055 1822 2105 αὐτοῦ
1869 2053 1923 2105 τὸ

408 2137 431 2154 >l

303 2142 375 2182 d“
401 2139 583 2203 εργον.”
641 2142 812 2205 βρῶμα
850 2136 906 2202 δὴ
944 2138 1026 2188 οὖν
1058 2142 1154 2191 τοῖς
1188 2136 1336 2202 ἁγίοις
1378 2139 1454 2187 καὶ
1490 2136 1658 2205 τρυφὴ,
1693 2135 1748 2187 τὸ
1786 2135 1924 2203 ἔργον

346 2225 430 2271 τοῦ
474 2223 611 2272 Θεοῦ.
676 2218 1052 2288 κατορχήσονται
1100 2220 1254 2270 τοίνυν
1305 2221 1456 2288 φησὶν
1498 2217 1660 2285 ὥσπερ
1705 2217 1924 2287 ἄγρωστιν

344 2302 490 2368 ἤγουν
515 2303 684 2366 εὐανθῆ
719 2303 945 2369 κείροντες
970 2302 1109 2365 πόαν,
1139 2304 1215 2352 καὶ
1241 2303 1381 2352 οἱονεί
1397 2324 1498 2355 πως
1523 2299 1923 2370 καταφερβόμενοι

344 2384 451 2439 τοὺς
488 2385 545 2454 ἐξ
565 2387 711 2436 ἐθνῶν
740 2384 1048 2438 πιστεύοντας
1086 2387 1128 2435 οἱ
1166 2383 1222 2452 ἐξ
1244 2382 1431 2447 Ἰακὼβ,
1459 2383 1852 2450 κατευρυνομένην
1876 2382 1924 2434 δὲ

346 2468 466 2518 οὕτω
515 2473 598 2518 τοῦ
656 2466 951 2533 κηρύγματος
1000 2466 1257 2533 εὑρήσουσι
1311 2465 1397 2529 τὴν
1453 2464 1582 2528 ὁδὸν,
1636 2467 1696 2520 ὡς
1749 2465 1925 2530 μηδένα

396 2607 427 2630 1.
445 2596 498 2630 καὶ
514 2596 665 2640 μαραίνει
683 2606 746 2639 pro
764 2594 998 2638 καταμαραίνει
1016 2592 1107 2627 Edd.
1124 2593 1242 2627 inV1tls
1258 2593 1301 2626 A.
1308 2593 1350 2627 Β.
1390 2593 1480 2627 πολὺ
1497 2593 1573 2627 λίαν
1586 2592 1717 2636 ἀκαλλῆ
1731 2592 1774 2626 A.
1793 2591 1923 2636 ἀκαλλῆ

345 2643 433 2677 πάνυ
458 2642 550 2677 Edd.
610 2642 736 2676 Statim
761 2643 851 2676 ποιεῖ
875 2640 1059 2686 φαίνεσθαι
1084 2640 1223 2674 inverso
1248 2639 1370 2674 oldine
1388 2640 1432 2674 A.
1645 2650 1680 2683 3.
1706 2639 1791 2673 καθὰ
1807 2640 1861 2673 καὶ
1878 2639 1922 2673 Α.

347 2690 495 2734 καθάπερ
515 2689 557 2723 Β.
575 2689 683 2724 καθὼς
701 2689 754 2722 καὶ
772 2688 865 2722 Edd.
915 2687 932 2731 ἡ
954 2694 1033 2721 ante
1060 2687 1186 2732 δρόσος
1211 2687 1342 2721 correxi
1360 2698 1402 2720 ex
1421 2686 1463 2720 B.
1482 2685 1500 2730 ἦ
1518 2686 1562 2720 A.
1582 2685 1672 2721 Edd.
1691 2692 1770 2720 ante
1788 2685 1922 2731 Migne.

346 2737 400 2770 καὶ
417 2737 475 2770 alt.
494 2748 563 2770 om.
582 2736 626 2769 A.
780 2748 813 2777 4.
841 2735 893 2768 καὶ
910 2746 981 2769 orn.
999 2734 1044 2768 A.
1204 2744 1305 2779 7—11.
1334 2733 1432 2768 Haec
1450 2732 1849 2789 κατορχήσονταιῌζωῇς
1867 2744 1922 2767 ac-

347 2795 402 2816 ces
388 2789 525 2817 serunt
542 2795 584 2817 ex
601 2783 645 2816 A.
697 2781 823 2816 Statim
840 2781 917 2815 ἀλλ’
936 2782 981 2815 A.
999 2782 1052 2815 καὶ
1071 2780 1163 2815 Edd.
1368 2791 1422 2815 12.
1448 2780 1650 2824 παρακέοιτο
1667 2780 1710 2814 A.
1727 2780 1924 2824 παράκειται

348 2829 440 2863 Edd.
605 2840 657 2874 13.
685 2829 929 2874 καταχαίρουσι
946 2840 1008 2873 pro
1026 2842 1166 2861 κατασκ.
1184 2827 1228 2861 A.
1390 2839 1442 2870 14.
1469 2827 1602 2872 τρυφὴν
1618 2826 1662 2860 Α.
1680 2826 1812 2871 τροφὴν
1831 2825 1922 2860 Edd.

351 2885 405 2920 17.
432 2878 449 2909 ὁ
467 2877 525 2910 alt.
544 2882 767 2920 assumptum
784 2888 825 2909 ex
844 2876 885 2909 B.
936 2877 993 2919 τῆς
1011 2875 1247 2919 Σαμαρείτιδος
1265 2874 1307 2908 Β.
1327 2877 1538 2916 Σαμαρειτῶν
1555 2873 1647 2907 Edd.
1746 2884 1798 2918 19.
1816 2872 1923 2918 ἁγίοις

347 2930 569 2966 assumptum
587 2935 628 2956 ex
646 2923 690 2957 A.
853 2933 908 2958 20.
935 2920 1062 2967 δηλῶν]
1082 2922 1194 2956 αὐτοῖς
1214 2921 1325 2966 σαφές
1343 2921 1504 2956 καθιστὰς
1520 2922 1565 2954 A.
1716 2930 1771 2953 22.
1796 2920 1922 2964 πατρός

347 2983 411 3011 μου
431 2981 493 3012 pro
511 2969 710 3021 πέμψαντός
726 2984 767 3013 με
785 2969 828 3003 Α.
981 2980 1036 3013 23.
1062 2966 1192 3013 τρυφη]
1212 2968 1324 3012 τροφὴ
1344 2967 1386 3001 Β.
1529 2976 1584 3011 25.
1610 2964 1918 3010 καταφερβόμενοι]

349 3014 428 3048 Hoc
445 3015 569 3049 retinui
587 3028 627 3049 ex
643 3016 734 3050 Edd.
753 3017 1019 3107 καταφερόμενοι
1034 3015 1077 3049 A.
1095 3016 1380 3059 κατατρεφόμενοι
1399 3014 1440 3048 Β.
1539 3013 1594 3048 26.
1611 3027 1860 3048 πιστευσαντας
1878 3012 1920 3046 Β.

347 3061 381 3094 δὲ
401 3068 622 3106 assumptum
640 3074 680 3096 ex
699 3063 740 3096 Χ.
750 3062 789 3096 Β.
1022 3062 1098 3106 ,μὴ
1117 3061 1316 3106 δεδυνῆσθαι
1335 3073 1397 3106 plo
1415 3060 1538 3104 μηδένα
1556 3059 1719 3095 δύνασθαι
1737 3060 1781 3094 A

1943 1085 1992 1111 10

1943 1911 1991 1938 20
