2021 3434
73 1363 161 1396 354
176 1362 227 1396 A.

70 1597 146 1628 Jool
162 1598 205 1629 iii.

75 1650 123 1680 19.

70 2604 155 2634 Gen.

71 2658 146 2678 xxv.
168 2658 216 2687 30.

253 1373 275 1396 a

248 2017 275 2058 b

781 830 980 883 ΤΟΥ
1061 830 1399 883 ΑΤΤΟΤ

920 994 1260 1037 ΕΞΙ-ΙΓΗΣῙΣ

294 1151 466 1205 ΕΙΣ
531 1155 739 1208 TON
812 1155 1398 1210 ΠΡΟΦΗΤΗΝ
1467 1158 1870 1213 ΑΒΔΙΟΤ.

365 1356 643 1407 ἈΒΔῘΟΥ
669 1355 726 1420 δὴ
752 1357 898 1409 πάλιν
922 1359 1205 1428 προφητεύει
1231 1359 1315 1421 μὲν
1347 1360 1395 1409 ἐν
1429 1364 1604 1425 καιροῖς
1632 1361 1694 1413 ὡς
1721 1360 1877 1424 ἔοικεν,

292 1438 400 1487 καθ’
437 1437 514 1491 οὓς
553 1440 627 1488 καὶ
656 1439 811 1503 Ἰωὴλ,
854 1443 1102 1508 μονονουχὶ
1140 1440 1186 1491 δὲ
1225 1440 1408 1508 διέλαχε
1447 1440 1565 1507 πρὸς
1611 1440 1753 1493 αὐτὸν
1792 1441 1878 1506 τὴν

293 1518 474 1584 ὅρασιν,
516 1521 591 1570 καὶ
635 1521 861 1588 μερίζεται
902 1522 956 1573 τὸ
1008 1522 1225 1588 διήγημα.
1292 1523 1316 1573 ὁ
1357 1524 1440 1586 μὲν
1488 1522 1582 1589 γὰρ
1625 1523 1878 1578 θεσπέσιος

291 1601 432 1664 Ἰωὴλ
467 1603 534 1653 ἐπ’
570 1603 722 1656 αὐτοῖς
761 1604 849 1669 ἤδη
887 1605 1086 1671 τέρμασι
1121 1608 1203 1669 τῆς
1242 1606 1382 1656 αὐτοῦ
1419 1606 1707 1673 προφητείας
1744 1613 1773 1652 -“
1794 1607 1878 1657 Α’ί-

293 1693 319 1715 “
345 1708 540 1751 γυπτος,
580 1689 744 1755 φησὶν,
784 1692 845 1742 εἷς
880 1689 1154 1757 ἀφανισμὸν
1189 1689 1336 1752 ἔσται,
1372 1691 1447 1740 καὶ
1482 1691 1510 1753 ἡ
1548 1690 1786 1752 Ἰδουμαία
1815 1693 1878 1743 εἰς

292 1776 319 1797 “
346 1769 504 1819 πεδίον
537 1771 812 1837 ἀφανισμοῦ
847 1772 903 1840 ἐξ
935 1773 1121 1822 ἀδικιῶν
1149 1775 1258 1822 υἱῶν
1281 1771 1448 1834 Ἰούδα,
1474 1771 1578 1822 ἀνθ’
1606 1769 1670 1822 ῶν
1695 1771 1879 1840 ἐξέχεον

293 1856 321 1879 “
346 1849 461 1914 αἷμα
499 1852 675 1902 δίκαιον
713 1854 761 1903 ἐν
795 1857 853 1921 τῇ
890 1857 952 1922 γῇ
991 1854 1190 1904 αὐτῶν·”
1232 1855 1257 1904 ὁ
1298 1853 1347 1904 δὲ
1381 1856 1463 1916 τῆς
1496 1852 1759 1916 Ἰδουμαίας
1796 1853 1879 1904 τὸν

294 1933 568 2000 ἀφανισμὸν
611 1935 713 1985 τίνα
748 1958 796 1986 τε
837 1935 1014 2001 τρόπον
1055 1937 1130 1986 καὶ
1174 1935 1300 1989 ὅπως
1345 1936 1493 1999 ἔσται,
1539 1935 1657 1987 κατὰ
1694 1933 1880 2002 καιροὺς

294 2018 543 2084 ἀφηγεῖται
594 2021 794 2071 λεπτῶς.
865 2018 1020 2082 ἐπειδὴ
1071 2017 1119 2068 δὲ
1168 2023 1264 2072 τοῖς
1310 2018 1651 2086 ἐντευξομένοις
1696 2022 1754 2086 τῇ
1796 2022 1880 2068 τοῦ

293 2099 486 2159 βιβλίου
512 2101 774 2167 συγγραφῇ
809 2099 1057 2154 λυσιτελὲς
1091 2099 1145 2151 τὸ
1177 2102 1430 2163 ἀναμαθεῖν
1456 2102 1660 2165 ἀκριβῶς
1687 2103 1761 2150 καὶ
1786 2099 1879 2164 πρό

293 2202 347 2246 γε
373 2184 468 2230 τῶν
494 2182 673 2244 ἄλλων,
699 2182 767 2235 τίς
801 2182 885 2246 μέν
916 2183 1045 2234 ἐστιν
1078 2182 1383 2247 ἡἸδουμαιά,
1423 2181 1471 2233 τί
1505 2181 1553 2233 δὲ
1591 2181 1646 2233 τὸ
1684 2181 1880 2244 συμβὰν

294 2263 425 2330 αὐτῇ,
468 2266 543 2314 καὶ
587 2269 670 2314 τοῦ
715 2261 771 2328 δὴ
814 2263 952 2332 χάριν
991 2269 1091 2318 ταῖς
1135 2267 1184 2315 ἐκ
1231 2265 1357 2318 θείας
1395 2265 1539 2330 ὀργῆς
1581 2263 1876 2328 ὑπενήνεκται

294 2349 576 2413 συμφοραῖς,
617 2345 728 2414 φέρε
773 2346 999 2412 λέγωμεν,
1045 2349 1108 2400 ὡς
1154 2345 1232 2408 ἔνι,
1275 2346 1333 2396 τὰ
1377 2345 1529 2397 τοιοίδε
1571 2350 1742 2414 σαφῶς
1783 2350 1878 2400 τοῖς

295 2427 585 2495 φιλομαθέσι
629 2427 1070 2482 καταλεπτύνοντες.
1137 2429 1385 2491 Ἰδουμαῖοι
1434 2429 1588 2479 τοίνυν
1628 2427 1878 2492 κέκληνται

294 2511 369 2559 καὶ
403 2511 522 2560 εἰσὶν
560 2513 602 2561 οἱ
639 2510 697 2579 ἐξ
724 2512 889 2561 Ἡσαῦ
927 2510 1183 2577 γεγονότες.
1247 2510 1401 2574 ἐπειδὴ
1442 2509 1535 2576 γὰρ
1564 2510 1726 2573 Ἐδὼμ
1763 2510 1878 2561 ὠνό-

293 2615 486 2655 μασται,
524 2592 767 2643 τουτέστιν
801 2591 974 2658 γήϊνος,
1022 2592 1098 2644 διά
1140 2616 1211 2644 τοι
1248 2591 1302 2644 τὸ
1340 2591 1606 2644 ἀποδόσθαι
1641 2591 1701 2643 τὰ
1741 2615 1870 2659 πρω-

342 2745 463 2780 Codex
483 2746 523 2780 B.
545 2744 610 2791 [D.
628 2746 809 2792 aliquoties
835 2745 1045 2791 adhibitus]
1100 2757 1176 2792 1—3.
1204 2746 1262 2780 Sic
1288 2745 1331 2780 B.
1357 2747 1418 2780 τοῦ
1443 2745 1478 2780 ἐν
1501 2746 1610 2792 ἁγίοις
1633 2748 1761 2792 πατρὸς
1785 2747 1877 2791 ἡμῶν

296 2793 468 2836 Κυρίλλου
497 2792 769 2838 ἀρχιεπισκόπου
795 2793 1044 2838 ἀλεξανδρείας,
1071 2793 1232 2838 ἐξήγησις
1259 2793 1507 2836 ὑπομνηματικὴ
1535 2793 1581 2829 εἷς
1604 2795 1663 2828 τὸν
1687 2794 1876 2839 Προφήτην

293 2837 435 2878 Ἀβδίου
454 2839 546 2873 Edd.
782 2853 815 2884 4.
833 2839 1040 2886 προφητεύει
1058 2841 1118 2884 μὲν
1136 2840 1170 2874 ἐν
1187 2841 1312 2884 καιροῖς
1330 2840 1373 2874 ὡς
1391 2840 1495 2874 ἔοικεν
1513 2840 1555 2874 Β.
1571 2841 1800 2886 προφητεύειν
1814 2842 1876 2885 μὲν

294 2885 399 2919 ἔοικεν
416 2886 450 2919 ἐν
468 2888 594 2931 καιροῖς
611 2885 704 2922 Edd.
938 2897 971 2932 5.
999 2888 1051 2920 καὶ
1068 2893 1292 2932 assumptum
1309 2898 1351 2920 ex
1371 2886 1412 2919 Β.
1632 2888 1664 2922 6.
1692 2888 1875 2924 θεσπέσιος

294 2938 517 2975 assumptum
534 2946 577 2966 ex
596 2933 638 2967 B.
891 2943 922 2979 7.
949 2935 1066 2968 ἑαυτοῦ
1086 2933 1177 2968 Edd.
1435 2934 1468 2967 8.
1495 2933 1513 2976 ἡ
1532 2941 1753 2980 assumptum
1770 2946 1811 2969 ex
1831 2935 1873 2969 B.

294 2989 327 3022 9.
353 2977 565 3024 ἀφανισμοῦ]
592 2984 627 3019 -f—
649 2981 746 3015 ἕσται
766 2980 811 3014 Ι).
862 2980 999 3025 ἐξέχεον
1020 2981 1111 3014 Β.Ι).
1131 2980 1203 3025 (22.
1222 2980 1281 3022 al.)
1301 2978 1440 3025 ἐξέχεαν
1459 2980 1549 3015 Edd.
1741 2991 1793 3026 15.
1821 2982 1875 3016 καὶ

295 3023 371 3068 τοῦ]
392 3025 445 3058 καί
461 3039 519 3058 του
538 3025 630 3060 Edd.
823 3037 875 3072 17.
906 3027 1001 3062 Haec
1017 3026 1420 3071 Ἰδουμαῖοι-γεγονότες
1437 3034 1657 3062 accesserunt
1674 3040 1715 3062 ex
1735 3028 1828 3062 Β.Ι).

1897 1475 1920 1514 5

1901 1884 2008 1911 10

1901 2292 2000 2329 15
