2021 3434
95 390 108 410 1>
129 380 202 411 Cor.
219 381 238 411 i.

93 433 141 454 22.

89 1117 176 1146 Acta
192 1116 246 1147 SS.

90 1160 250 1200 App.xvi.

91 1214 121 1243 9.

90 1438 140 1468 Ib.
161 1439 204 1470 ix.

90 1493 111 1523 4
127 1493 198 1522 sqq·

90 1690 140 1721 ΙΙ),
164 1699 210 1728 10,

94 1743 141 1764 11.

310 179 393 218 340
692 178 740 217 B.
783 176 1058 217 CYRILLI
1099 176 1476 217 ALEXANDR.
1644 176 1686 217 ii.
1711 175 1777 225 28,
1802 187 1867 230 29.

311 289 458 353 ἔργοις
491 287 724 339 ἐπιεικείας
755 286 1022 349 εὐδοκιμοῦν
1060 285 1204 337 ἔσται·
1243 285 1414 348 πόθεν;
1457 285 1648 354 ἠξίωται
1673 284 1765 351 γὰρ
1795 286 1870 335 καὶ

312 368 423 420 αὐτὸ
464 366 653 434 χάριτός
696 390 745 418 τε
788 371 863 418 καὶ
908 371 1167 433 οἰκτιρμῶν,
1211 372 1284 419 καὶ
1323 375 1350 397 ‘⁶
1368 368 1466 419 Τὸν
1504 369 1754 435 ἀῤῥαβῶνα
1789 371 1872 416 τοῦ

313 459 338 481 “
363 449 659 513 Πνεύματος”
710 450 887 518 δέχεται
936 449 1064 515 παρὰ
1115 453 1253 509 Θεοῦ,
1305 449 1584 515 λελόγισται
1626 448 1675 500 δὲ
1714 449 1789 498 καὶ
1825 449 1873 497 ἐν

309 532 494 586 τέκνοις.
570 533 876 601 πρεσβυτέρους
932 531 1016 595 μὲν
1072 533 1153 583 οὖν
1215 534 1414 588 ἐνυπνίοις
1475 528 1877 591 {nummo-&cerredi

310 620 473 682 φησιν,
511 609 705 683 ἕψεσθαι
745 614 792 664 δὲ
831 616 905 664 καὶ
944 611 1109 683 ὀρεία-εις
1141 612 1237 668 τοὶς
1276 617 1530 676 νεανία-κους,
1556 610 1874 679 πρεσβυτικὴν
1894 627 1916 665 5

270 723 290 748 c
309 698 504 761 ἡλικίαν,
545 696 752 762 καθάπερ
792 698 980 766 ἐγῷμαι,
1019 697 1172 761 λέγων
1215 695 1299 761 τὴν
1343 697 1404 749 ὡς
1444 698 1491 747 ἐν
1527 694 1758 758 ποσότητι
1793 695 1875 757 τῆς

308 781 473 846 ἀρετῆς
509 778 813 847 προῦχουσοὶν
847 802 895 830 τε
930 780 1004 830 καὶ
1041 778 1376 845 ὑπερκειμένην,
1403 780 1478 829 καὶ
1515 777 1612 828 οἷον
1642 781 1875 842 λαμπροῖς

307 862 662 926 πεπολιωμένην
695 862 1040 926 κατορθώμασι,
1068 863 1143 911 καὶ
1177 859 1405 929 φρονήσει
1440 859 1789 925 διαπρέπουσαν
1816 861 1874 925 τῇ

307 942 570 1012 τελεωτάτῃ
600 945 675 995 καὶ
709 943 1104 1007 τεθαυμασμένην,
1143 941 1298 996 ὁποῖός
1335 965 1403 996 τις
1440 941 1497 1006 ἧν
1535 943 1610 992 καὶ
1647 942 1672 991 ὁ
1707 941 1876 992 θεσπέ-

309 1048 413 1079 σιος
456 1030 663 1089 Παῦλος,
702 1025 752 1079 ὃς
791 1025 998 1077 τεθέαται
1042 1025 1148 1075 καθ’
1192 1027 1336 1076 ὕπνον
1374 1024 1520 1091 ἄνδρα
1557 1022 1659 1075 τινὰ
1698 1027 1792 1074 τῶν
1828 1024 1877 1074 ἐκ
1901 1039 1947 1064 10

313 1109 622 1171 Μακεδονίας,
671 1107 1011 1174 ἐκλιπαροῦντά
1061 1130 1108 1158 τε
1156 1109 1228 1158 καὶ
1276 1106 1477 1172 λέγοντα
1527 1113 1554 1135 “
1580 1104 1767 1167 Διαβὰς
1817 1108 1878 1159 εἰς

311 1198 338 1220 “
361 1191 656 1242 Μακεδονίαν
680 1190 922 1255 βοήθησον
949 1189 1095 1254 ἡμῖν·”
1137 1190 1397 1256 γέγραπται
1420 1188 1513 1254 γὰρ
1539 1189 1682 1242 οὕτως
1708 1189 1755 1238 ἐν
1780 1192 1879 1240 ταῖς

309 1273 513 1342 πράξεσι
552 1277 643 1323 τῶν
682 1277 850 1340 σοφῶν
888 1269 1188 1323 ἀποστόλων.
1253 1271 1470 1324 Ἀνανίας
1509 1270 1563 1321 δέ
1594 1293 1662 1324 τις
1699 1273 1793 1320 τῶν
1829 1271 1877 1319 ἐν

309 1355 464 1407 πίστει
496 1354 901 1418 δεδοκιμασμένων
926 1354 1067 1422 ’ἑρασ-ιν
1092 1354 1159 1404 ἐπ’
1188 1354 1311 1422 αὐτῷ
1345 1353 1550 1404 τεθέαται
1575 1355 1641 1421 τῷ
1668 1351 1878 1421 μακαρίῳ

313 1437 507 1506 Παύλῳ.
572 1435 724 1500 ἐπειδὴ
766 1435 858 1502 γὰρ
901 1436 1009 1501 ἧκεν
1049 1439 1110 1489 εἰς
1155 1435 1432 1498 Δαμασκὸν,
1478 1435 1602 1504 αὐτῷ
1644 1432 1762 1485 κατὰ
1795 1433 1879 1498 τὴν
1903 1445 1948 1484 15

267 1518 420 1570 (Ιὸδὸν
455 1518 680 1587 ὀφθέντος
716 1521 943 1584 Χριστοῦ,
978 1515 1076 1568 εἶτα
1117 1521 1174 1583 τῇ
1218 1522 1300 1567 τοῦ
1339 1515 1495 1585 φωτὸς
1533 1518 1756 1584 ἀστραπῇ
1794 1514 1880 1579 τὴν

310 1601 425 1669 ὄψιν
468 1601 717 1669 ἀφῄρηται,
761 1600 1087 1667 τεθεράπευται
1130 1598 1205 1650 διὰ
1247 1602 1473 1665 Χριστοῦ.
1536 1598 1795 1664 γέγραπται
1832 1598 1880 1649 δὲ

310 1686 453 1737 οὕτως
493 1683 652 1735 πάλιν
693 1680 832 1733 “Ἷ-Ιν
870 1683 926 1733 δέ
964 1705 1032 1736 τις
1070 1683 1118 1732 ἐν
1156 1684 1405 1750 Δαμασκῷ
1442 1679 1653 1745 μαθητὴς
1690 1678 1879 1744 ὀνόματι

310 1773 336 1797 “
359 1767 592 1828 Ἀνανίας,
609 1769 683 1816 καὶ
709 1762 804 1816 εἶπε
829 1763 947 1829 πρὸς
973 1762 1112 1814 αὐτὸν
1138 1765 1185 1815 ἐν
1211 1763 1408 1829 ὁράματι
1436 1764 1460 1813 ὁ
1483 1763 1654 1829 Κύριος
1672 1763 1878 1814 Ἀνανία.

311 1856 337 1879 “
364 1851 388 1900 ὁ
427 1848 475 1900 δὲ
513 1846 637 1899 εἶπεν
662 1845 784 1898 Ἰδοὺ
815 1846 921 1912 ἐγώ.
978 1848 1002 1897 ὁ
1038 1845 1085 1897 δὲ
1124 1845 1294 1912 Κύριος
1329 1844 1447 1910 πρὸς
1477 1844 1616 1896 αὐτόν
1641 1844 1880 1899 Ἀναστὰς
1903 1859 1950 1884 ²0

310 1939 337 1961 ‘⁶
362 1932 611 1997 πορεύθητι
648 1932 720 1981 ἐπὶ
759 1929 843 1993 τὴν
880 1928 1029 1995 ῥύμην
1063 1927 1148 1991 τὴν
1178 1927 1470 1991 καλουμένην
1496 1928 1671 1977 εὐθεῖαν
1697 1929 1771 1977 καὶ
1796 1926 1875 1993 ζή-

310 2021 338 2043 “
362 2037 510 2078 τησον
547 2015 595 2064 ἐν
633 2013 752 2081 οἰκία
781 2011 935 2062 Ἰούδα
973 2010 1134 2062 Σαοὺλ
1173 2009 1364 2073 ὀνόματι
1404 2009 1642 2073 Ταρσεά.”
1705 2009 1881 2062 ἀκούεις

311 2096 436 2150 ὅπως
465 2097 513 2146 ἐν
551 2095 747 2161 ὁράματι
779 2093 862 2158 μὲν
895 2091 1130 2157 λελάληκε
1154 2091 1272 2158 πρὸς
1297 2091 1550 2151 Ἀνανίαν;
1590 2089 1648 2154 ἦν
1672 2089 1764 2157 γάρ
1789 2113 1882 2142 που

309 2177 432 2246 τάχα
469 2177 553 2242 τὴν
586 2178 746 2229 πίστιν
784 2177 978 2238 εὔτονος,
1015 2177 1088 2225 καὶ
1128 2173 1305 2228 νεανίας
1342 2172 1426 2237 τὴν
1464 2171 1574 2242 ἕξιν,
1613 2173 1688 2223 καὶ
1727 2176 1878 2241 σφρι-

310 2265 476 2327 γῶσαν
499 2262 618 2328 ἔχων
641 2264 703 2313 εἰς
728 2257 782 2310 τὸ
808 2256 987 2323 ἀγαθὸν
1009 2255 1094 2320 τὴν
1114 2257 1317 2322 γνώμην,
1339 2256 1605 2322 ἄθραυστος
1629 2258 1692 2308 εἰς
1716 2253 1881 2320 ἀλκὴν,
1902 2272 1949 2310 25

361 2446 390 2469 Ι.
416 2435 523 2469 ἔσται·
549 2431 668 2478 πόθεν]
690 2431 746 2466 Sic
764 2431 896 2466 correxi
912 2443 953 2465 ex
971 2430 1013 2464 B.
1031 2430 1127 2465 ἕσται
1143 2429 1248 2464 ποθέν
1265 2428 1356 2464 Edd.
1576 2438 1607 2461 2.
1634 2427 1804 2472 οἰκτιρμοῦ
1820 2425 1880 2461 iid.

312 2494 344 2524 4.
371 2479 700 2524 ἐνυπνιασθὴσεσθαί
724 2481 833 2524 φησιν
852 2478 892 2512 Β.
911 2477 1127 2512 ἐνυπνιάσθαι
1152 2477 1260 2522 φησὶν
1277 2488 1306 2510 c.
1327 2474 1580 2518 ἐνυπνιάζεσθαί
1595 2475 1703 2520 φησιν
1719 2473 1753 2508 d.
1772 2475 1882 2519 φησιν

311 2527 640 2571 ἐνυπνιασθήσεσθαι
660 2526 750 2560 Edd.
930 2534 963 2569 5.
989 2525 1041 2557 καὶ
1059 2529 1279 2568 assumptum
1297 2535 1337 2556 ex
1356 2522 1398 2556 B.
1414 2534 1444 2557 c.
1459 2521 1493 2555 d.
1674 2520 1707 2554 6.
1733 2521 1880 2565 καθάπερ

311 2575 437 2621 ἐγῷμαι
453 2575 563 2620 λέγων
581 2574 623 2608 Β.
640 2573 762 2618 λέγων,
780 2572 957 2616 καθώσπερ
976 2571 1100 2617 ἐγῷμαι
1120 2570 1209 2604 Edd.
1262 2570 1357 2604 Haec
1369 2570 1413 2604 ὡς
1429 2569 1465 2603 ἐν
1478 2574 1695 2602 accesserunt
1711 2579 1753 2601 ex
1766 2567 1880 2601 B.c.d.

313 2623 363 2663 (ἐν
381 2623 424 2657 ὡς
441 2622 488 2655 Sic
506 2633 535 2655 c.
549 2621 599 2664 d.)
649 2620 773 2654 Statim
790 2621 941 2663 ποιότητι
960 2618 1050 2652 Edd.
1068 2618 1185 2652 invitis
1205 2617 1246 2651 B.
1261 2628 1290 2650 c.
1305 2616 1338 2650 d.
1569 2616 1603 2649 8.
1629 2613 1882 2658 διαπρέπουσαν

314 2671 351 2711 τῇ
370 2669 556 2712 τελεωτάτῃ
573 2667 639 2701 hoc
657 2666 731 2701 ord.
752 2666 794 2701 B.
1136 2676 1169 2709 9.
1197 2664 1293 2698 Haec
1311 2665 1328 2696 ὁ
1347 2663 1529 2697 θεσπέσιος
1546 2667 1725 2706 assumpta
1741 2673 1783 2695 ex
1800 2661 1843 2694 B.
1861 2662 1880 2694 ὁ

313 2716 471 2759 μακάριος
488 2727 550 2760 pro
568 2716 585 2748 ὁ
603 2713 786 2749 θεσπέσιος
803 2725 832 2748 c.
845 2712 878 2747 d.
1163 2722 1214 2745 11.
1242 2710 1443 2744 Μακεδόνων
1460 2708 1551 2743 Edd.
1600 2723 1636 2742 τε
1660 2713 1880 2752 assumptum

315 2772 354 2794 ex
375 2761 415 2795 B.
606 2771 657 2794 12.
686 2760 782 2794 Haec
798 2758 1234 2805 γέγραπται-ἀποστόλων
1250 2762 1469 2791 accesserunt
1487 2767 1528 2789 ex
1547 2754 1589 2788 B.
1759 2765 1812 2798 13.
1829 2768 1880 2789 τις

315 2813 531 2851 assumptum
550 2819 591 2841 ex
610 2807 651 2841 B.
842 2818 895 2849 14.
920 2804 1071 2840 τεθέαται
1088 2807 1133 2850 τῷ
1150 2802 1298 2851 μακαρίῳ
1316 2802 1457 2850 Παύλῳ]
1474 2801 1599 2847 Παύλῳ
1615 2799 1766 2835 τεθέαται
1783 2799 1875 2834 Edd.

319 2864 370 2897 17.
396 2853 580 2899 ἀφῄρηται]
600 2853 749 2897 ἠδίκηται
765 2853 824 2887 iid.
1154 2863 1206 2896 19.
1233 2851 1267 2885 ἐν
1283 2852 1423 2895 ὁράματι
1440 2852 1457 2883 ὁ
1476 2848 1596 2892 Κύριος
1612 2847 1678 2882 hoc
1694 2847 1814 2881 ordine
1831 2845 1874 2880 B.

316 2901 438 2933 statim
458 2901 539 2934 haee
555 2900 819 2944 Ἀνανία-πρὸς
836 2900 936 2934 αὐτόν
952 2906 1172 2933 accesserunt
1189 2911 1229 2933 ex
1250 2898 1290 2933 B.
1590 2906 1644 2929 21.
1671 2894 1725 2928 ἐπὶ
1743 2905 1811 2927 om.
1832 2892 1875 2926 B.

315 2946 391 2988 εὖθῆ
412 2946 499 2979 Edd.
659 2958 712 2992 23.
739 2947 799 2990 μὲν
816 2953 1033 2991 assumptum
1051 2958 1091 2980 ex
1111 2945 1152 2980 B.
1330 2955 1383 2987 24.
1410 2946 1542 2978 εὔτονος
1560 2954 1588 2976 c.
1601 2941 1634 2976 d.
1652 2941 1800 2985 ἀνδρεῖος
1818 2938 1876 2973 iid.

317 3003 370 3035 25.
397 2992 518 3037 ἀλκὴν]
539 2993 617 3036 ἀκὴν
635 2993 722 3037 (Sic)
744 2993 832 3027 Edd.
