2021 3434
145 190 232 231 viii.
255 205 296 243 4.
587 195 664 236 IN
706 196 946 238 OSEAM.
1007 197 1160 238 TOM.
1206 198 1285 238 IV.
1649 197 1730 238 169

144 300 300 355 αὐτοῖς
337 302 555 366 εὐθυμίας
593 308 767 372 δοτῆρα
802 308 877 357 καὶ
911 307 1152 374 πρύτανιν,
1180 308 1289 357 ἀλλ’
1319 304 1424 358 οὐδὲ
1455 309 1556 359 ταῖς
1581 308 1723 369 καθη-
1750 317 1776 358 b

143 381 336 438 κου’σαις
375 386 689 453 εὐχαριστίαις
734 388 1041 453 τετιμηκότες,
1084 388 1327 455 ἐπειδήπερ
1364 390 1414 440 ἐν
1456 392 1522 458 τῷ
1562 387 1734 440 πλάτει

143 467 226 528 τῆς
253 467 494 534 εὐημερίας
518 469 810 535 ἠγνοήκασιν
834 470 987 534 αὑτὸν,
1015 473 1124 523 ἀλλ’
1155 473 1236 523 οῦν
1267 472 1474 523 εἴσονται
1504 471 1735 524 παθόντες

145 546 176 598 ἃ
200 550 280 611 δεῖ,
306 552 381 600 καὶ
408 553 490 615 τῆς
515 552 690 604 ἑαυτῶν
716 555 1006 612 δυσβουλίας
1038 558 1101 608 εἰς
1131 553 1299 621 πικρόν
1325 577 1375 605 τε
1400 555 1475 605 καὶ
1503 552 1735 605 ἀπευκτὸν

103 641 125 678 5
146 633 439 698 καταίροντες
490 634 638 697 τέλος,
696 635 979 705 κεκράξοντοιι
1032 639 1108 687 καὶ
1170 636 1533 688 ἐπικαλέσονται
1581 635 1733 700 μόλις,

145 713 311 767 δειναῖς
346 738 396 765 τε
427 718 503 766 καὶ
538 717 810 781 ἀνηκέστοις
837 717 1235 783 ἐνολισθήσαντες
1261 722 1550 786 συμφοραῖς.
1610 718 1736 782 σύμ-

143 800 325 856 βουλον
362 796 410 848 δὲ
448 797 612 865 ὥσπερ
645 798 731 863 τὴν
768 800 922 850 αὐτῶν
953 803 1046 849 τῶν
1084 803 1243 850 δεινῶν
1282 800 1525 868 δεξάμενοι
1555 804 1734 866 πεῖραν,

144 878 530 945 κατηγορήσουσι
554 880 657 931 τότε
682 883 765 945 τῆς
789 882 964 932 ἑαυτῶν
991 882 1208 946 εὐηθείας,
1229 881 1372 933 ἐκεῖνό
1398 905 1490 933 που
1516 882 1734 948 λέγοντες

143 960 323 1029 Ἰσραὴλ
350 959 674 1033 ἀπεστράφατο
701 962 877 1028 ἀγαθώ.
937 963 1045 1033 ἐξὸν
1071 963 1165 1030 γὰρ
1191 963 1310 1032 ἔχειν
1336 964 1467 1027 αὐτὰ,
1495 967 1570 1015 καὶ
1596 971 1734 1016 τοῦτο
1751 987 1773 1013 o

79 1059 126 1083 10
144 1043 402 1106 πλουσίως,
428 1045 778 1110 ἐρηρεισμένους
811 1045 928 1109 μετὰ
967 1050 1105 1109 Θεοῦ,
1142 1049 1217 1097 καὶ
1255 1046 1315 1097 τὰ
1346 1049 1472 1117 αὐτῷ
1507 1050 1736 1098 δοκοῦντα

144 1126 451 1191 διαπεραίνειν
501 1128 550 1178 εὖ
603 1127 736 1191 μάλα
789 1128 1199 1192 διεσπουδακότας,
1251 1128 1392 1198 ἐχθρὶν
1446 1127 1735 1199 κατεδίωξαν,

143 1206 371 1270 τουτέστι,
421 1212 669 1278 μονονουχὶ
718 1212 794 1262 καὶ
844 1210 1024 1265 ἑκόντες
1072 1213 1203 1262 αὐτοὶ
1253 1211 1575 1278 δεδραμήκασι
1616 1212 1736 1279 πρὸς

144 1288 350 1355 ἐχθροὺς,
378 1293 453 1341 καὶ
489 1291 579 1344 ὑπὸ
613 1298 746 1361 χεῖρα
780 1292 1009 1360 γεγόνασι
1045 1298 1140 1344 τῶν
1175 1294 1520 1359 μεμισηκότων,
1548 1294 1631 1346 τὸν
1665 1297 1735 1346 ἀεὶ

144 1371 359 1438 σώζοντα
387 1373 525 1438 Θεὸν,
553 1378 627 1426 καὶ
654 1376 865 1438 ἀμείνους
893 1375 1076 1427 τιθέντα
1108 1381 1202 1427 τῶν
1234 1377 1609 1443 ἀνθεστηκότων,
1634 1383 1736 1432 ταῖς

78 1468 124 1506 15
144 1454 462 1511 ἀποστασιάις
504 1460 837 1523 λελυπηκότες.
906 1458 1164 1528 πάνσοφον
1203 1460 1284 1510 οῦν
1329 1462 1420 1526 ἄρα
1459 1463 1535 1512 καὶ
1574 1461 1736 1526 ὀνησι-

144 1537 295 1606 φόρον
339 1542 540 1605 ἀληθῶς,
581 1544 635 1593 τὸ
678 1541 743 1607 μὴ
781 1541 867 1607 τὴν
908 1546 1003 1593 τῶν
1046 1544 1206 1593 δεινῶν
1243 1542 1516 1611 ἐκδέχεσθαι
1550 1548 1731 1610 πεῖραν·

144 1626 473 1686 παραιτεῖσθαι
511 1623 559 1674 δὲ
589 1629 780 1687 μᾶλλον
814 1626 1035 1675 ἀποῦσαν
1070 1624 1148 1688 ἔτι,
1185 1626 1261 1675 καὶ
1298 1623 1392 1691 πρὸ
1431 1626 1573 1689 αὐτῆς
1611 1625 1733 1677 ἐπεί-

144 1707 316 1769 γεσθαι
353 1709 601 1772 καταθρεῖν
638 1705 692 1757 τὸ
731 1707 992 1776 συμφέρον.
1754 1712 1782 1753 d

139 1927 341 1972 ιΙΞοιυΤοίἐ
378 1930 656 1981 ἐβασίλευσαν
693 1931 761 1973 καὶ
798 1933 845 1973 οὐ
883 1931 929 1974 δι’
961 1932 1075 1982 ἐμοῦ,
1112 1932 1245 1989 ἧρξαν
1281 1933 1349 1973 καὶ
1386 1932 1462 1973 οὐκ
1498 1930 1777 1989 ὲΓνώρισάν4

76 2024 125 2049 20
211 2029 296 2065 μοι,
322 2014 370 2056 τὸ
408 2014 607 2071 ἀρΓύριον
645 2015 787 2057 αὐτῶν
827 2016 896 2057 καὶ
932 2016 980 2057 τὸ
1019 2015 1187 2073 χρυσίον
1226 2016 1369 2057 αὐτῶν
1407 2014 1614 2057 ὲΠοίΗσαν
1640 2016 1738 2056 ἑαυ-

211 2095 300 2138 τοῖς
327 2094 505 2150 εἴδωλα,
532 2100 652 2140 ὅπως
679 2099 729 2140 ἂν
756 2100 1138 2157 ἑξολοθρευθὼσιν.

217 2215 452 2281 Ἀρνεῖται
490 2214 576 2280 τὴν
614 2216 868 2274 βασιλείαν
905 2215 992 2280 τήν
1029 2238 1077 2267 τε
1114 2220 1198 2266 τοῦ
1232 2212 1494 2280 Ἱεροβοάμ,
1530 2214 1604 2263 καὶ
1642 2216 1738 2263 τῶν

144 2297 344 2365 καθεξῆς
377 2297 793 2358 βεβασιλευκότων
833 2299 906 2349 ἐπὶ
944 2297 1027 2348 τὸν
1059 2296 1262 2362 Ἰσραὴλ
1299 2297 1348 2346 ἐν
1385 2297 1443 2363 τῇ
1481 2295 1735 2364 Σαμαρείᾳ,

144 2380 292 2430 καίτοι
327 2380 579 2448 διαῤῥήδην
614 2378 751 2432 αὐτὸς
786 2379 976 2445 εἰρηκώς
1004 2377 1163 2430 “⁰'On
1188 2379 1296 2442 παρ’
1330 2378 1442 2440 ἐμοῦ
1476 2376 1639 2442 γε’γονε
1679 2377 1734 2428 τὸ

76 2484 124 2522 25
146 2469 173 2491 ‘⁴
197 2463 326 2529 ῥῆμα
350 2463 534 2513 τοῦτο·”
576 2460 842 2527 ἀπειλήσας
874 2461 922 2513 δὲ
957 2463 1032 2513 καὶ
1067 2463 1192 2529 αὐτῷ
1221 2463 1470 2522 Σολομῶνι
1503 2463 1602 2512 ταῖς
1640 2462 1735 2510 τῶν

144 2544 442 2614 ἀλλοφύλων
482 2548 714 2611 γυναικῶν
759 2544 1139 2609 ἀκολουθήσαντι
1183 2542 1405 2607 γνώμαις,
1450 2543 1524 2591 καὶ
1568 2540 1771 2605 τεμένηρ

145 2628 219 2677 καὶ
253 2626 442 2690 βωμοὺς
476 2632 571 2681 τοῖς
606 2628 788 2678 ἐκείνων
825 2625 1137 2689 σεβάσμασιν
1171 2623 1373 2677 ἀνοσίως
1409 2623 1735 2694 ἀνατεθεικότι,

145 2708 217 2759 ὅτι
262 2708 567 2778 ((Διαῤῥήξω
609 2707 696 2773 τὴν
736 2709 989 2771 βασιλείαν
1031 2728 1136 2768 σου,
1180 2708 1256 2755 καὶ
1298 2704 1439 2756 δώσω
1483 2705 1628 2771 αὐτὴν
1666 2711 1734 2777 τῷ

197 2881 226 2904 Ι.
252 2869 405 2914 εὐθηνίας
422 2882 485 2915 prO
503 2870 661 2914 εὐθυμίας
678 2868 771 2903 Edd.
1141 2877 1175 2911 9.
1201 2865 1446 2911 ἀπεστρέψατε
1464 2866 1524 2912 (ut
1541 2867 1667 2912 supra)
1686 2867 1733 2901 D.

150 2928 203 2960 14.
228 2917 350 2961 ἀμείνω
369 2918 415 2952 D.
561 2928 616 2951 20.
635 2913 780 2959 ἑαυτοῖς]
801 2914 913 2948 αὐτοῖς
931 2912 1023 2946 Edd.
1168 2924 1222 2946 21.
1241 2911 1280 2946 ἂν
1297 2920 1521 2959 assumptum
1539 2927 1581 2948 ex
1603 2914 1642 2948 B.
1658 2913 1731 2959 (27,

148 2965 226 3004 228,
242 2966 339 3009 310.)
358 2964 454 2998 deest
471 2965 505 2998 in
528 2965 572 2997 Ι).
593 2963 684 2996 Edd.
828 2972 883 3005 25.
909 2961 962 2993 καὶ
980 2971 1049 2993 om.
1071 2959 1116 2994 D.
1167 2962 1359 3005 Σολομῶντι
1379 2960 1424 2994 D.
1570 2971 1625 3007 27.
1654 2962 1733 2995 Hoc

146 3011 290 3046 ἀνοσίως
308 3012 451 3045 accessit
468 3023 507 3045 ex
532 3011 574 3043 D.

207 3083 298 3111 VOL.
327 3084 351 3109 1⁷.
931 3078 951 3104 Z

1796 2385 1917 2435 &Reg-

1796 2430 1851 2461 mi.
1873 2438 1923 2469 24.

1795 2722 1846 2753 Ib.
1865 2724 1910 2755 xi.

1798 2775 1845 2798 11.
