2021 3434
48 748 141 776 Rom.
153 757 183 776 v.

54 799 98 828 15.

49 1006 132 1040 473
151 1004 200 1038 Α.

54 1910 150 1940 Rom.
167 1908 211 1938 ix.

54 1953 84 1990 6,
99 1953 128 1983 8.

54 1996 127 2027 Gal.
141 1996 184 2026 iii.

54 2050 84 2081 9.

231 1013 253 1037 a

230 1659 256 1699 b

273 220 356 262 740
666 218 715 257 B.
759 215 1036 257 CYRILLI
1074 215 1453 256 ALEXANDR.
1610 217 1679 257 vii.
1698 227 1845 268 17-20.

271 338 299 360 ‘⁶
325 352 518 381 στευκεν
545 332 607 382 εἷς
633 327 687 379 τὸ
712 327 860 390 ὄνομα
886 332 968 378 τοῦ
986 331 1104 378 Υἱοῦ
1131 327 1297 380 Θεοῦ.”
1341 326 1658 394 ὑπερθρώσκει
1684 326 1740 391 δὴ
1767 327 1847 378 οὖν

270 413 496 479 ἁμαρτίας
536 413 610 462 καὶ
649 410 924 476 παριππεύει
960 408 1019 460 τὰ
1056 408 1330 475 ἐγκλήματα
1368 412 1443 460 καὶ
1482 413 1524 460 οὐ
1560 407 1761 471 συνέσχεν
1789 415 1847 464 εἰς

269 495 492 564 μαρτύριον
517 492 636 562 ὀργὴν
666 494 810 544 αὐτοῦ.
879 491 933 542 τὸ
970 497 1029 547 εἷς
1066 490 1291 562 μαρτύριον
1316 492 1418 541 ἀντὶ
1443 495 1526 541 τοῦ
1556 494 1618 545 εἷς
1645 489 1794 552 τέλος,
1819 489 1847 554 ἢ

320 577 332 592 Ι
570 573 580 589 l
703 576 713 590 ἃ
884 572 897 590 Ι
1095 572 1107 590 X
1190 575 1199 589 ³
1251 572 1262 589 2
1353 572 1366 590 Χ
1464 575 1474 589 5
1548 573 1558 588 ⁵
1613 576 1622 590 ς
1726 571 1739 587 Ι

269 599 406 644 μεχρι
431 598 620 629 παντος.
690 577 1019 638 εκβεβλημεθα
1050 596 1143 639 γαρ
1177 596 1226 624 εν
1267 575 1422 637 Αδαμ,
1449 580 1548 623 αλλ
1587 575 1849 640 εισεδεχθη-

269 681 355 721 μεν
389 659 437 709 ἐν
470 660 683 726 Χριστῷ.
750 658 826 707 καὶ
859 655 1162 722 κατηράσατο
1199 654 1285 719 μὲν
1322 656 1370 706 ἐν
1405 655 1573 725 ἐκείνῳ,
1607 653 1849 719 ηὐλόγησε
1870 674 1891 712 5

271 739 320 790 δὲ
367 739 516 791 πάλιν
563 740 611 789 ἐν
666 738 835 808 τούτῳ·
891 745 918 768 “
943 735 1135 804 ’Ὠσπερ
1184 737 1291 804 γὰρ,
1338 740 1474 804 φησὶ,
1519 742 1585 807 τῷ
1624 741 1707 788 τοῦ
1752 736 1851 789 ἑνὸς

273 829 300 851 “
325 822 673 888 παραπτώματι
708 823 751 871 οἱ
785 821 961 872 πολλοὶ
996 820 1270 883 ἀπεΉανον,”
1307 821 1428 887 οὕτω
1455 822 1530 870 καὶ
1556 822 1622 889 τῷ
1645 824 1727 870 τοῦ
1752 817 1850 871 ἑνὸς

271 904 543 967 δικαιώματι
576 907 618 954 οἱ
650 904 827 955 πολλοὶ
853 901 1089 969 ζήσονται.
1153 900 1382 972 κατέληξε
1409 900 1465 966 δὴ
1493 902 1573 953 οὖν
1599 903 1681 964 τῆς
1708 902 1851 970 ὀργῆς,

271 987 332 1038 ’ότι
371 984 545 1046 θελητῆς
585 986 728 1041 ἐλέους
767 986 892 1037 ἐστίν·
932 987 980 1036 ἐν
1007 989 1150 1054 καιρῷ
1177 983 1225 1035 δὲ
1262 987 1344 1047 τῆς
1384 982 1603 1035 ἁπάντων
1634 984 1854 1048 ἐπιστρο-

272 1071 379 1137 φῆς,
424 1068 639 1119 τουτέστι
689 1071 771 1132 τῆς
815 1067 1231 1134 ἐνανθρωπήσεως,
1274 1065 1349 1118 οἶά
1397 1088 1485 1133 περ
1537 1067 1585 1116 ἐν
1635 1063 1852 1132 θαλάσσῃ
1878 1088 1922 1112 10

271 1155 464 1212 βαπτιεΐ
522 1149 606 1204 τὰς
668 1149 890 1201 ἁπάντων
951 1151 1196 1220 ἁμαρτίας.
1262 1148 1416 1213 ἐπειδὴ
1468 1147 1516 1199 δὲ
1565 1150 1653 1202 τοῖς
1705 1147 1854 1212 ἁγίοις

273 1231 511 1301 πατράσιν,
539 1232 762 1302 Ἁβραάμ
791 1256 841 1284 τε
874 1234 995 1301 φημὶ
1030 1236 1104 1283 καὶ
1131 1228 1307 1292 Ἰοικῶβ
1344 1231 1660 1296 ἐπηγγείλατο
1697 1235 1850 1281 πολυ-

272 1313 565 1366 πλασιάσειν
597 1315 751 1366 αὐτῶν
789 1314 842 1365 τὸ
882 1315 1074 1381 σπέρμα
1113 1313 1324 1380 καθάπερ
1362 1312 1421 1364 τὰ
1459 1313 1616 1380 ἄστρα
1656 1317 1738 1363 τοῦ
1779 1312 1855 1362 οὐ-

273 1401 431 1462 ρανοῦ,
473 1393 599 1448 δώσει
640 1399 792 1465 φησὶν
830 1398 985 1451 αὐτοῖς
1023 1396 1082 1448 τὰ
1123 1394 1467 1463 ἐπηγγελμένα.
1535 1393 1856 1458 κληθήσονται

274 1478 368 1544 γὰρ
405 1478 600 1545 πατέρες
637 1483 839 1530 πολλῶν
865 1481 1024 1542 ἐθνῶν,
1051 1479 1133 1530 οὐκ
1159 1481 1207 1530 ἐν
1229 1477 1386 1542 μόνοις
1421 1476 1639 1542 δηλονότι
1676 1482 1771 1532 τοῖς
1803 1476 1858 1544 ἐξ
1881 1503 1924 1539 15

274 1560 470 1624 αἵματος
495 1559 698 1628 Ἰσραὴλ
723 1561 1044 1628 μετρουμένων
1070 1566 1164 1613 τῶν
1189 1560 1375 1624 τέκνων,
1402 1559 1533 1611 ἀλλὰ
1558 1561 1634 1610 καὶ
1670 1564 1766 1613 τοῖς
1803 1558 1860 1627 ἐξ

276 1643 578 1708 ἐπαγγελίας.
640 1643 767 1694 οὗτοι
806 1643 861 1694 δέ
890 1647 1009 1695 εἰσιν
1048 1647 1090 1695 οἱ
1127 1645 1175 1694 ἐκ
1214 1643 1418 1696 πίστεως
1455 1644 1538 1706 τῆς
1575 1642 1649 1693 καὶ
1682 1643 1856 1692 καλου-

275 1724 413 1789 μένης
446 1726 777 1792 ἀκροβυστίας,
803 1731 900 1780 τοῖς
926 1728 975 1778 ἐκ
1007 1725 1154 1791 νόμου
1185 1727 1260 1777 καὶ
1293 1727 1543 1792 περιτομῆς
1574 1727 1635 1778 εἰς
1667 1722 1860 1788 ἑνότητα

274 1806 361 1871 τὴν
398 1807 715 1873 πνευματικὴν
753 1809 992 1863 οἶονείπως
1031 1807 1400 1875 ἀνακιρνάμενοι.
1467 1808 1730 1873 γέγραπται
1767 1804 1860 1873 γὰρ

277 1889 345 1941 ὅτι
390 1896 416 1919 “
434 1891 510 1941 Οὐ
550 1889 722 1945 πάντες
762 1894 803 1942 οἱ
847 1892 903 1961 ἐξ
937 1890 1155 1959 Ἰσραὴλ,
1199 1891 1324 1942 οὗτοι
1361 1889 1577 1957 Ἰσραήλ·
1628 1887 1758 1940 ἀλλὰ
1802 1887 1860 1940 τὰ
1882 1914 1928 1939 20

279 1979 305 2002 ‘⁶
331 1973 471 2024 τέκνα
508 1976 590 2038 τῆς
629 1974 916 2040 ἐπαγγελίας
955 1973 1189 2040 λογίζεται
1228 1977 1290 2027 εἰς
1327 1972 1561 2039 σπέρμα.”
1623 1972 1731 2023 ὅσοι
1769 1970 1861 2038 γάρ

440 2056 512 2085 cc’

278 2059 399 2106 εἰσιν
489 2078 540 2106 εκ
574 2056 792 2120 πίστεως,
819 2058 1122 2123 εὐλογοῦνται
1160 2055 1252 2107 σὺν
1289 2059 1355 2125 τῷ
1395 2059 1554 2124 πιστῷ
1591 2052 1859 2121 Ἀβραοὶμ.”

279 2140 355 2189 καὶ
391 2139 415 2189 ὁ
450 2141 532 2203 τῆς
571 2138 790 2205 εὐλογίας
827 2137 1001 2205 τρόπος
1039 2138 1174 2189 νοοῖτ’
1202 2136 1259 2188 ἂν
1285 2138 1312 2202 ἡ
1338 2137 1472 2206 χάρις
1508 2138 1534 2201 ἡ
1572 2138 1620 2188 ἐν
1643 2140 1859 2206 Χριστῷ,

280 2221 334 2271 δι’
374 2220 428 2271 οὗ
466 2222 541 2271 καὶ
584 2221 684 2284 μεθ’
723 2221 776 2272 οὗ
812 2225 878 2291 τῷ
917 2225 1024 2291 Θεῷ
1059 2223 1134 2272 καὶ
1175 2222 1330 2287 Πατρὶ
1367 2221 1395 2284 ἡ
1433 2219 1551 2289 δόξα
1589 2217 1682 2271 σὺν
1714 2219 1864 2289 Ἀγίῳ

284 2304 524 2370 Πνεύματι
564 2311 646 2357 νῦν
689 2308 765 2357 καὶ
804 2308 872 2357 ἀεὶ
918 2307 993 2358 καὶ
1043 2310 1106 2360 εἰς
1156 2304 1264 2360 τοὺς
1307 2309 1476 2359 αἰῶνας
1526 2309 1620 2356 τῶν
1664 2304 1859 2355 αἰώνων.
1884 2325 1932 2362 25

282 2386 451 2452 Ἀμήν.

332 2511 362 2533 1.
388 2500 461 2534 υἱοῦ
478 2501 622 2535 accessit
639 2512 680 2535 ex
698 2501 742 2535 A.
790 2501 1005 2546 ὑποθρώσκει
1023 2501 1112 2547 (sie)
1131 2501 1175 2535 A.
1377 2512 1411 2546 3.
1436 2498 1863 2545 μαρτύριον-μαρτύριον]

281 2547 698 2593 μαρτυρίας-μαρτυρίας
716 2548 808 2583 Edd.
825 2549 941 2583 invitis
959 2549 1049 2583 A.B.
1061 2549 1096 2583 b.
1266 2557 1300 2593 5.
1326 2547 1515 2594 ηὐλόγησε]
1538 2547 1594 2582 Sic
1611 2547 1745 2581 correxi
1761 2558 1803 2581 ex
1820 2546 1867 2582 A.

282 2594 398 2639 εὐλόγ.
419 2593 510 2628 Edd.
662 2595 695 2629 6.
721 2594 828 2641 φησὶ]
853 2600 890 2637 -Ι-
905 2596 941 2630 ἐν
959 2595 1051 2630 Edd.
1069 2596 1178 2629 invito
1196 2595 1239 2629 A.
1393 2607 1426 2639 9.
1455 2594 1534 2630 Hoc
1551 2594 1705 2628 ἁπάντων
1721 2593 1866 2628 accessit

283 2651 325 2674 ex
343 2640 479 2675 A.B.b.
657 2652 709 2676 11.
735 2644 825 2687 φησὶ
843 2649 922 2688 post
940 2643 975 2677 δὲ
993 2642 1074 2677 add.
1094 2642 1185 2676 Edd.
1204 2642 1322 2676 invitis
1339 2642 1383 2676 A.
1397 2641 1433 2676 b.
1599 2652 1651 2675 12.
1677 2655 1714 2675 τε
1731 2652 1801 2674 om.
1822 2640 1865 2674 B.

284 2687 337 2720 καὶ
354 2687 493 2733 Ἰακὼβ]
511 2687 553 2722 In
570 2700 643 2734 mg.
662 2689 715 2723 καὶ
731 2688 848 2724 Ἰσαὰκ
865 2689 945 2724 add.
964 2690 1007 2723 A.
1026 2689 1121 2724 haud
1138 2689 1378 2724 consentiente
1394 2688 1429 2723 b.
1545 2699 1598 2734 13.
1625 2688 1669 2723 ὡς
1685 2698 1748 2733 pro
1765 2686 1866 2721 καθά-

283 2748 347 2778 περ
365 2734 400 2768 b.
590 2746 642 2778 14.
661 2737 771 2781 φησὶν
789 2736 885 2771 deest
902 2737 938 2770 in
958 2736 1001 2770 B.
1194 2736 1247 2770 16.
1273 2739 1340 2770 τῶν
1356 2747 1426 2770 om.
1445 2734 1539 2770 Edd.
1731 2742 1785 2779 17.
1811 2733 1866 2793 ἐκ]

287 2785 324 2820 -ὶ-
342 2783 400 2825 τῆς
417 2781 510 2816 Edd.
529 2782 637 2816 invito
654 2784 699 2817 A.
747 2785 805 2827 τῆς
821 2784 875 2818 καὶ
894 2783 936 2817 Β.
955 2783 1008 2817 καὶ
1026 2783 1061 2817 ἐκ
1078 2784 1137 2827 τῆς
1155 2783 1247 2817 Edd.
1409 2782 1462 2817 18.
1488 2779 1731 2827 ἀκροβυστίας]
1756 2784 1793 2821 -Ι-
1814 2795 1868 2815 και

283 2826 342 2860 iid.
370 2828 487 2862 invitis
513 2829 604 2863 A.B.
656 2830 782 2864 Statim
807 2832 866 2875 τῆς
889 2842 953 2876 pro
979 2832 1049 2866 τοῖς
1070 2830 1130 2864 iid.
1180 2830 1233 2864 καὶ
1258 2835 1479 2875 assumptum
1505 2841 1547 2863 ex
1571 2828 1662 2863 A.B.
1711 2827 1865 2873 ἑνότητα]

289 2878 325 2912 -4-
340 2875 393 2908 καὶ
410 2876 592 2920 περιτομὴν
609 2876 653 2910 Α.
844 2888 900 2912 21.
925 2877 1117 2923 λογίζονται
1136 2877 1178 2911 Β.
1379 2887 1434 2919 24.
1461 2878 1536 2923 Θεῷ
1554 2876 1607 2910 καὶ
1624 2874 1751 2910 desunt
1768 2875 1804 2909 in
1824 2874 1866 2908 B.

286 2929 342 2964 25.
371 2921 467 2957 Haec
484 2925 542 2957 νῦν
560 2924 613 2957 καὶ
630 2923 681 2958 ἀεὶ
699 2924 752 2958 καὶ
769 2930 802 2959 et
819 2928 885 2959 τῶν
901 2924 1029 2959 αἰώνων
1045 2930 1226 2969 assumpta
1243 2935 1285 2958 ex
1305 2923 1347 2958 B.

879 3077 1025 3109 ΔΟΞΑ
1063 3077 1278 3107 ΧΡΙΣΤΩ.
