2021 3434
145 224 200 266 iv,
222 238 258 275 2,
282 240 319 280 3.
533 225 604 265 IN
653 222 1032 264 MICHAEAM.
1094 222 1246 262 TOM.
1281 221 1340 261 II.
1641 220 1723 259 659

144 333 542 399 ἀναθρώσκοντες,
571 334 688 385 ὅσον
718 333 827 398 ἧκεν
857 335 919 387 εἷς
949 333 1124 384 ἐννοίας
1161 331 1243 383 τὰς
1282 330 1361 381 ε’πί
1395 351 1447 394 γε
1482 331 1548 396 τῷ
1580 326 1723 396 φύσει

143 415 218 465 καὶ
258 417 448 480 ἀληθῶς
492 415 590 468 ὅντι
617 419 738 485 Θεῷ.
806 416 1054 481 γλίχονται
1088 413 1136 463 δὲ
1173 415 1254 476 τῆς
1293 409 1604 474 δικαιοσύνης,
1647 412 1721 459 καὶ

142 496 429 565 δεδιψήκασι
473 502 637 562 μαθεῖν
680 496 748 557 τὴν
790 493 882 549 &bv
924 502 1008 547 τοῦ
1050 496 1239 561 Κυρίου,
1276 496 1350 545 καὶ
1394 491 1449 557 δὴ
1495 494 1569 542 καὶ
1611 490 1722 541 ἱέναι

142 579 622 646 κατεπαγγέλλονται,
650 581 726 630 καὶ
763 580 872 630 λίαν
905 576 1313 640 ἐσπουδασμένως,
1346 576 1383 627 ἐν
1421 577 1521 629 ταῖς
1560 575 1722 642 τρίβοιε-

99 681 122 719 5
143 663 285 712 αὐτοῦ.
354 665 429 712 καὶ
459 663 579 716 τίνες
614 660 672 712 ἂν
704 659 791 712 εἶεν
818 664 859 711 οἱ
890 665 984 711 τῶν
1009 658 1232 710 τοιούτων
1259 656 1511 723 εἷσηγηταί
1526 677 1536 717 ;
1576 654 1605 719 ὴ
1633 658 1714 718 δη·-

140 741 301 793 λονότι
339 749 422 794 τοῦ
450 746 670 809 Σωτῆρος
709 747 750 794 οἱ
788 744 1006 807 μαθηταὶ,
1034 745 1076 792 οἱ
1113 741 1167 791 τὸ
1203 744 1327 791 θεῖον
1359 737 1720 806 ἐγχειρισθέντες

139 822 369 890 κήρυγμα,
410 824 529 892 πρὸς
572 825 649 878 οὓς
691 824 782 894 ἔφη
824 824 1036 891 Χριστός
1079 830 1105 853 “
1127 822 1438 888 Πορευθέντες
1481 819 1714 884 μαθητεύ-
1782 834 1943 895 ωτι-νεώ.

140 911 167 934 “
192 928 309 957 σατε
335 907 491 958 πάντα
522 906 582 958 τὰ
617 908 741 972 ἔθνη,
771 906 1072 973 βαπτίᾷντες
1103 904 1267 958 αὐτοὺς
1291 907 1354 957 εἱς
1378 902 1432 954 τὸ
1459 901 1606 966 ὄνομα
1636 906 1719 952 τοῦ
1781 889 1841 963 ³12ss
1849 889 1898 953 ξδ’.

140 993 167 1017 ‘⁴
194 988 385 1055 Πατρὸς
411 991 487 1039 καὶ
513 995 595 1040 τοῦ
623 993 740 1040 Υἱοῦ
765 992 840 1040 καὶ
863 995 946 1040 τοῦ
968 989 1136 1053 (Αγίου
1157 986 1444 1049 Πνεύματος,
1472 984 1720 1036 διδάσκον-

29 1127 32 1129 ,
72 1102 120 1127 10
139 1077 165 1099 ‘⁶
191 1093 265 1125 τες
288 1070 454 1125 αὐτοὺς
480 1076 635 1138 τηρεῖν
664 1071 819 1123 πάντα
845 1071 940 1122 ὅσα
964 1068 1263 1133 ἐνετειλάμην
1290 1068 1441 1131 ὑμῖν.”

129 1254 227 1296 ’Ότι
253 1255 300 1296 ἐκ
326 1256 440 1297 Σιὼν
466 1257 736 1300 ἐξελεύσεται
763 1258 903 1307 νόμος,
930 1256 999 1297 καὶ
1025 1255 1150 1302 Ain-oc
1180 1254 1329 1311 Κυρίου
1356 1254 1400 1297 ἐξ
1420 1254 1716 1310 Ἱερουσοιλήμ.

205 1340 273 1380 καὶ
311 1337 442 1397 κρινεῖ
479 1341 558 1382 ἀνὰ
597 1343 725 1389 μέσον
763 1340 880 1381 λαῶν
918 1339 1093 1380 Πολλῶν
1133 1338 1200 1379 καὶ
1238 1338 1400 1385 ὲλέΓΞει
1433 1337 1533 1379 {ova
1569 1335 1714 1393 ἰσχυρὰ
1737 1349 1758 1383 3

202 1425 286 1464 ἕως
313 1422 372 1465 e'tc
399 1428 474 1472 Γῆν
501 1426 681 1482 μακράν.

210 1536 272 1583 Αἱ
296 1535 454 1600 μυρίαι
481 1557 531 1584 τε
556 1537 631 1584 καὶ
662 1535 965 1600 ἀναρίθμητοι
996 1538 1089 1583 τῶν
1115 1535 1261 1584 ἐθνῶν
1289 1532 1474 1597 ἀγέλαι,
1505 1535 1551 1581 αἱ
1576 1531 1713 1591 βαδί-

70 1640 114 1675 15
135 1614 299 1680 ζουσαι
323 1616 406 1677 μὲν
432 1618 505 1666 ἐπὶ
529 1615 583 1666 τὸ
611 1615 716 1681 ὅρος
744 1621 826 1666 τοῦ
849 1616 1039 1681 Κυρίου,
1065 1616 1280 1665 τουτέστι
1307 1613 1391 1677 τὴν
1408 1613 1716 1676 Ἐκκλησίαν,

133 1695 414 1764 γλιχόμεναί
434 1721 483 1748 τε
509 1702 674 1762 μαθεῖν
703 1697 788 1762 τὴν
815 1697 923 1748 ὁδὸν
949 1703 1030 1748 τοῦ
1054 1698 1243 1763 Κυρίου,
1265 1698 1339 1746 καὶ
1360 1697 1412 1746 δι’
1435 1697 1577 1759 αὐτῆς
1603 1694 1716 1745 ἱέναι
1735 1714 1756 1741 e

133 1780 386 1844 προθύμως
429 1781 813 1847 ὑπισχνούμεναι,
855 1779 940 1844 τὴν
977 1780 1128 1829 αἰτίαν
1169 1778 1328 1829 ἐνθάδε
1371 1780 1493 1846 φασὶ
1532 1783 1614 1828 τοῦ
1652 1776 1717 1840 μὴ

132 1861 286 1913 θέλειν
328 1863 393 1913 ε”τι
436 1864 685 1930 μονονουχὶ
726 1867 964 1913 τελεῖσθαι
1006 1865 1072 1930 τῷ
1118 1862 1245 1930 νόμῳ
1289 1861 1364 1911 καὶ
1409 1858 1717 1927 προστρέχειν

131 1945 431 2014 Ἰουδαϊσμῷ.
491 1945 583 2012 πρὸ
610 1945 695 2009 μὲν
720 1944 814 2011 γὰρ
841 1947 922 2008 τῆς
948 1950 1030 1995 τοῦ
1051 1946 1269 2009 Σωτῆρος
1294 1944 1425 2006 ἡμῶν
1451 1943 1713 2005 ἐπιδημίας,

65 2050 112 2074 20
132 2026 196 2077 ε”τι
237 2031 330 2078 τῶν
373 2026 491 2078 κατὰ
531 2026 613 2078 τὸν
655 2026 797 2090 νόμον
834 2025 1055 2077 ἑστώτων
1096 2027 1232 2086 ἐθῶν,
1277 2023 1559 2092 προσῄεσάν
1597 2047 1716 2078 τινες

130 2113 224 2160 τῶν
273 2109 663 2174 πεπλανημένων,
720 2111 795 2160 καὶ
845 2114 941 2162 τοῖς
990 2112 1070 2171 τῆς
1123 2108 1509 2173 εὶδωλολατρείας
1560 2113 1716 2161 κακοῖς

129 2193 364 2258 ε’ῤῥῶσθαι
407 2192 674 2259 φράζοντες,
719 2190 816 2243 εἶτα
859 2191 946 2255 τὴν
985 2190 1142 2255 σάρκα
1184 2189 1575 2255 περιτεμνόμενοι,
1620 2195 1715 2244 τοῖς

128 2278 223 2324 τῶν
248 2275 486 2325 Ἰουδαίων
511 2275 644 2326 ε”θεσί
665 2297 714 2326 τε
741 2278 816 2325 καὶ
843 2273 1000 2337 νόμοις
1026 2273 1188 2339 διαζῆν
1213 2272 1517 2338 ἐσπούδαζον.
1581 2274 1711 2339 ἀριθ-

64 2356 66 2358 ’
129 2361 219 2416 μοῦ
244 2355 292 2407 δὲ
315 2358 536 2423 κρείττων
562 2361 655 2408 τῶν
680 2357 787 2422 παρ’
817 2357 971 2408 αὐτοῖς
994 2356 1022 2419 ἡ
1049 2354 1202 2404 τοιάδε
1228 2354 1428 2417 πληθύς.
1497 2356 1571 2404 καὶ
1599 2360 1714 2420 γοῦν

62 2461 107 2498 25
130 2439 153 2488 ὁ
180 2442 425 2503 Σολομῶν,
447 2439 522 2490 ὅτε
550 2438 631 2490 τὸν
652 2441 700 2490 ἐν
719 2443 814 2491 τοῖς
833 2437 1182 2504 Ἱεροσολύμοις
1209 2438 1440 2501 ἀνορθοῦν
1459 2436 1711 2487 ἐσκέπτετο
1731 2457 1753 2481 a
1781 2449 1868 2483 426
1885 2450 1937 2485 A.

129 2520 258 2584 ναὸν,
289 2520 452 2572 ἑκατὸν
479 2525 553 2572 καὶ
580 2520 870 2584 πεντήκοντα
901 2519 1118 2587 χιλιάδας
1145 2517 1366 2581 λατόμων
1392 2541 1438 2568 τε
1466 2521 1540 2568 καὶ
1568 2520 1706 2585 ε’ργα-
1775 2513 1938 2598 ἓᾘῙῑΡῙέ·

178 2662 207 2685 Ι.
233 2649 305 2685 οἷον
322 2651 366 2685 A.
416 2650 581 2685 Statim
559 2666 630 2695 ηκει
648 2650 741 2685 Edd.
783 2650 841 2684 τὰς
859 2655 1081 2693 assumptum
1099 2660 1140 2682 ex
1158 2648 1202 2682 A.
1456 2659 1487 2682 2.
1514 2648 1634 2692 ἀληθεῖ
1651 2661 1713 2694 pro

126 2697 260 2741 ἀληθῶς
278 2697 370 2732 Edd.
594 2710 628 2743 3.
654 2700 713 2731 τοῦ
735 2704 957 2738 assumptum
976 2708 1015 2729 ex
1034 2696 1078 2729 A
1269 2694 1359 2729 6.οἶ
1377 2695 1414 2729 τὸ
1432 2695 1556 2729 θεῖον’
1540 2710 1712 2740 εγχειρισ·

127 2744 240 2780 θεντες
257 2744 409 2790 κήρυγμα
422 2744 466 2778 Α.
484 2743 533 2780 οἷς
550 2745 588 2778 τὸ
606 2746 696 2778 θεῖον
711 2744 961 2802 ἐγκεχειρισται
978 2745 1185 2787 πρόσταγμα
1203 2742 1481 2786 Edd.13.
1500 2742 1560 2777 ἕως
1578 2755 1647 2776 om.
1670 2743 1698 2776 B

126 2793 190 2837 γῆν
207 2803 276 2825 om.
295 2792 338 2825 A.
359 2791 454 2835 (Vat.
461 2794 471 2835 )
588 2803 640 2836 15.
667 2791 721 2825 ε’πι
738 2792 776 2824 τὸ
795 2790 872 2834 ὅρος
889 2804 948 2823 του
966 2790 1010 2822 A.
1029 2789 1078 2823 επ’
1094 2788 1172 2833 ὅρος
1190 2789 1513 2831 Ε(ἶ(1,εκκλησίαν
1529 2789 1573 2822 A.
1588 2788 1711 2833 Ιερου-

127 2840 244 2882 σαλὴμ
264 2837 356 2872 Edd.
417 2838 543 2872 Statlm
554 2840 753 2884 γλιχόμενοι
770 2837 806 2871 δέ
824 2848 886 2881 pro
903 2837 1007 2881 γλιχ’
989 2836 1104 2879 υμεναί
1121 2851 1156 2870 τε
1174 2837 1218 2870 A.
1333 2835 1387 2869 16.
1413 2838 1472 2869 τοῦ
1491 2844 1710 2880 assumptum

128 2897 169 2918 ex
187 2885 232 2919 A.
367 2885 420 2919 18.
440 2885 569 2920 ἐθέλειν
588 2885 629 2919 Β.
761 2895 814 2929 19.
833 2883 951 2926 ἡμῶν
942 2889 1162 2927 assumptum
1182 2895 1223 2916 ex
1241 2882 1284 2916 A.
1428 2893 1483 2916 20.
1502 2884 1560 2916 τὸν
1577 2895 1647 2917 om.
1668 2883 1709 2917 Β.

127 2933 285 2966 ἑστώτων
302 2931 387 2966 ἐθῶν
406 2932 448 2967 Β.
467 2933 635 2972 ἑστώτων,
655 2930 709 2975 ἐφ
730 2931 774 2965 ὼν
791 2931 834 2964 A.
854 2931 1011 2964 εστώτων
1028 2929 1132 2963 εθνῶι
1151 2930 1181 2971 (
1175 2930 1231 2971 ic)
1252 2928 1343 2963 Edd.
1539 2940 1593 2963 22.
1620 2931 1710 2975 φρά-

128 2993 248 3013 σαντες
265 2978 310 3013 Α.
487 2990 542 3021 ²4·
569 2981 719 3023 κρεῖττον
738 2978 780 3012 A.
829 2980 895 3010 τῶν
912 2983 1133 3020 assumptum
1153 2988 1193 3009 ex
1212 2968 1255 3009 [Χ.
1446 2987 1500 3021 25.
1528 2977 1711 3011 ἐσκέπτετο

127 3025 291 3070 ἀνορθοῦν
309 3025 447 3061 inverso
465 3025 586 3061 oldine
604 3027 647 3059 A.
792 3023 847 3058 26.
873 3024 1051 3067 λαοτόμων
1070 3023 1294 3058 Edd.im'1tls
1312 3023 1354 3056 A.
1362 3022 1403 3057 B.

871 3094 983 3132 41³2
