2021 3434
86 1521 170 1556 246
184 1521 235 1556 A.
265 1531 287 1555 a

794 766 1397 837 KTPIAAOY

646 924 1084 955 ΑΡΧΙΕΠΙΣΚΟΠΟΤ
1128 924 1529 954 ΑΛΕΞΑΝΔΡΕῙΑΣ

701 1043 978 1085 ΕΞΗΓΗΣΙΣ
1019 1045 1486 1084 ὙΠΟΜΝΗΜΑΤΙΚΗ

352 1188 525 1242 ΕΙΣ
589 1190 797 1244 ΤΟΝ
863 1190 1451 1244 ΠΡΟΦΗΤΗΝ
1518 1191 1830 1244 ΑΜΩΣ.

693 1389 1011 1443 ΤΟΜΟΣ
1079 1390 1472 1444 ΠΡΩΤΟΣ.

379 1515 573 1564 ΑΜΩΣ
611 1514 800 1580 γε’γονεν
834 1514 1030 1570 αἰπόλος
1067 1515 1200 1582 ἀνὴρ,
1243 1518 1317 1567 καὶ
1353 1521 1632 1580 ποιμενικοῖς
1669 1515 1802 1567 ε”θεσί
1835 1538 1884 1566 τε

304 1597 380 1646 καὶ
433 1594 590 1658 νόμοις
638 1597 1016 1663 ἐντεθραμμένος·
1077 1600 1270 1649 ἐποιεῖτο
1321 1598 1370 1649 δὲ
1418 1597 1501 1652 τὰς
1553 1597 1794 1665 διατριβὰς
1837 1599 1886 1648 ἐν

304 1677 460 1748 ἐρήμῳ
497 1682 556 1746 τῇ
597 1678 715 1746 πρὸς
753 1678 888 1730 νότον
922 1683 1004 1744 τῆς
1027 1681 1265 1731 Ἰουδαίων
1302 1680 1471 1748 χώρας,
1505 1679 1534 1744 ἢ
1568 1679 1728 1747 μέχρις
1765 1678 1887 1745 ὅρων

305 1759 446 1825 διήκει
473 1760 730 1826 θαλάσσης
754 1764 836 1825 τῆς
861 1763 1070 1826 Ἰνδικῆς,
1099 1764 1173 1813 καὶ
1208 1765 1270 1816 εἰς
1301 1761 1386 1827 τὴν
1415 1766 1619 1828 Περσῶν
1644 1761 1885 1813 ἐκτείνεται

303 1845 407 1907 γῆν,
434 1843 576 1909 μυρία
610 1842 658 1894 δὲ
693 1843 787 1894 ὅσα
818 1843 1076 1911 βαρβάρων
1102 1843 1244 1908 αὐτὴν
1270 1843 1615 1905 καταβόσκεται
1640 1844 1767 1910 γε’νη,
1795 1843 1886 1912 ε”χει

305 1923 353 1974 δὲ
397 1925 506 1975 λίαν
546 1926 807 1990 ἐπιτηδείως
846 1928 922 1977 καὶ
965 1930 1026 1980 εἰς
1069 1926 1123 1977 τὸ
1162 1925 1353 1995 φέρβειν
1391 1925 1619 1977 δύνασθαι
1657 1925 1741 1980 τὰς
1779 1930 1887 1977 οἰῶν

306 2005 496 2071 ἀγέλας·
551 2008 742 2067 εὔβοτος
787 2007 880 2073 γὰρ
924 2010 998 2059 καὶ
1047 2012 1248 2058 πλατεῖα
1293 2009 1366 2058 καὶ
1413 2011 1650 2059 πολυειδεῖ
1687 2012 1746 2076 τῇ
1791 2006 1888 2077 πόᾳ

260 2094 287 2135 b
306 2089 666 2154 κατεστεμμένη.
718 2089 775 2153 ἧν
801 2090 848 2140 δὲ
876 2091 900 2140 ὁ
926 2088 1085 2154 Ἀμὼς
1111 2091 1159 2140 ἐκ
1189 2089 1364 2140 Θεκουὲ
1390 2089 1558 2154 κώμης,
1584 2089 1703 2157 πρὸς
1734 2091 1888 2146 αὐτοῖς

305 2170 514 2235 κειμένης
553 2176 648 2226 τοῖς
683 2175 765 2236 τῆς
800 2171 972 2238 ἐρήμου
1005 2172 1163 2223 ποσίν.
1228 2171 1380 2236 ἐπειδὴ
1423 2171 1470 2222 δὲ
1511 2170 1569 2235 ἧν
1611 2171 1728 2239 ἀνὴρ
1770 2173 1887 2238 ἀγα-

307 2252 401 2316 θὸς,
428 2255 503 2304 καὶ
534 2253 693 2318 πάσης
726 2253 960 2307 ἐπιεικείας
994 2253 1205 2320 ἐργάτης,
1231 2252 1285 2305 τὸ
1319 2257 1401 2317 τῆς
1439 2254 1724 2324 προφητείας
1755 2252 1887 2309 εὐθὺς

307 2336 611 2386 κατεπλούτει
644 2342 839 2399 πνεῦμα,
877 2339 952 2387 καὶ
991 2335 1303 2406 προεφήτευεν
1341 2337 1423 2387 οὐκ
1461 2338 1509 2387 ἐν
1546 2342 1641 2390 τοῖς
1675 2338 1882 2403 Ἱεροσο-

307 2416 486 2481 λύμοις,
514 2417 624 2468 ἀλλ’
653 2419 701 2468 ἐν
727 2419 880 2472 αὐτοῖς
914 2417 998 2480 μὲν
1030 2418 1094 2469 ἔτι
1129 2422 1223 2471 τοῖς
1254 2418 1499 2482 ποιμνίοις,
1528 2419 1575 2469 ἐν
1605 2419 1770 2486 ἀρχαῖς
1794 2423 1888 2470 τῶν

307 2499 364 2567 ἐξ
384 2499 515 2554 ἔθους
541 2522 589 2551 τε
625 2501 748 2569 αὐτῷ
784 2502 859 2551 καὶ
893 2499 1090 2565 μελέτης
1128 2499 1345 2568 ἐχόμενος
1383 2499 1763 2569 φροντισμάτων,
1791 2498 1889 2552 εἶτα

356 2632 503 2667 Codices
521 2633 563 2667 A.
570 2633 611 2667 Β.
632 2632 698 2680 [D.
717 2645 854 2678 perraro
880 2632 1088 2678 adhibitus]
1144 2645 1183 2668 1—
1163 2645 1217 2676 —.4
1246 2633 1303 2667 Sic
1329 2633 1372 2667 A.
1395 2633 1620 2677 praemittunt
1643 2635 1703 2668 τοῦ
1725 2633 1760 2668 ἐν
1780 2633 1889 2680 ἁγίοις

307 2681 434 2724 πατρὸς
451 2680 541 2724 ἡμῶν
559 2678 650 2714 Edd.
669 2683 728 2715 τοῦ
748 2681 849 2714 αυτοῦ
875 2680 1036 2726 εξὴγησις
1061 2681 1107 2717 εἷς
1130 2681 1188 2715 τὸν
1212 2679 1413 2725 προφήτην’
1418 2682 1516 2724 Αμὼς
1537 2681 1577 2714 Β.
1596 2683 1655 2715 τοῦ
1672 2681 1773 2714 αὐτοῦ
1790 2681 1888 2726 ἁγίου

309 2727 483 2769 Κυρίλλου
501 2727 547 2762 εἷς
563 2728 622 2761 τὸν
638 2726 840 2772 προφήτην’
844 2729 942 2771 Αμώς
961 2728 1008 2761 D.
1230 2738 1263 2772 5.
1293 2727 1350 2761 Sic
1368 2727 1414 2760 D.
1630 2725 1761 2772 8·ἢ]
1745 2742 1764 2771 η
1784 2727 1887 2762 pont.

308 2772 326 2815 ἢ
346 2774 438 2808 Aub.
489 2774 575 2819 ὅρων
592 2775 635 2808 Α.
656 2774 747 2809 Edd.
766 2775 865 2820 ὁρίων
884 2774 926 2808 Β.
1159 2785 1211 2808 10.
1237 2775 1282 2813 βά
1284 2775 1373 2819 ρρβα
1376 2788 1397 2807 α
1415 2773 1456 2808 Β.
1508 2774 1632 2808 Statim
1650 2774 1752 2818 αὐτὴν
1768 2775 1884 2815 κάταβ.

308 2834 346 2863 γε
341 2819 386 2862 ’νη
405 2821 448 2854 A.
454 2820 499 2856 D.
518 2821 590 2855 αὐτ.
609 2835 639 2855 κ.
657 2821 774 2865 γένους
792 2821 833 2855 B.
851 2821 930 2866 γένη
949 2820 1051 2865 αυτὴν
1067 2823 1185 2861 κατ-αβ.
1205 2789 1304 2854 Eddp
1514 2832 1567 2855 11.
1593 2821 1647 2855 καὶ
1664 2826 1885 2865 assumptum

310 2877 351 2898 ex
372 2866 411 2899 B.
420 2867 464 2901 D.
513 2867 673 2921 φερβειν]
695 2868 752 2902 Sic
769 2868 900 2912 optime
918 2868 960 2902 B.
966 2868 1011 2903 D.
1031 2867 1149 2913 φερειν
1166 2868 1210 2901 A.
1227 2867 1366 2913 τρέφειν
1383 2865 1883 2911 Εᾶᾶ.12.εὕβοτος]

309 2911 479 2958 ἕμβροχος
495 2914 553 2948 iid.
572 2915 689 2949 invitls
706 2915 883 2949 omnibus.
1170 2914 1221 2948 16.
1246 2913 1478 2959 προεφήτευεν
1494 2915 1538 2949 A.
1543 2914 1585 2950 B.
1590 2914 1636 2949 D.
1654 2912 1886 2959 προεφήτευον

310 2957 401 2992 Edd.
419 2965 498 2993 ante
517 2961 998 3006 Migne.17.pe'11
1011 2961 1060 2995 ἔτι
1077 2961 1121 2995 A.
1126 2961 1168 2995 Β.
1177 2961 1220 2995 D.
1239 2961 1294 2995 ἐπὶ
1313 2960 1403 2996 Edd.
1611 2961 1663 2995 18.
1690 2960 1804 2996 ἔθνους
1821 2971 1885 3005 pro

308 3003 404 3039 ἔθους
423 3005 512 3040 Edd.
530 3007 647 3041 invitis
664 3008 978 3054 omnibus.az'1†q3
998 3010 1039 3042 A.
1046 3008 1086 3042 B.
1092 3008 1138 3042 D.
1156 3008 1258 3042 αὐτοῦ
1273 3007 1364 3042 Edd.

1902 1411 1924 1450 5

1908 1864 1955 1890 10
