2021 3434
263 230 344 269 102
660 230 709 269 Β.
753 227 1031 268 CYRILLI
1073 226 1456 268 ALEXANDR.
1656 228 1710 267 iv.
1735 227 1773 277 8,
1797 241 1834 281 9.

259 346 288 368 ‘⁶
313 338 511 405 Ἰθάμαρ
544 338 651 393 τοὺς
689 337 811 393 υἱοὺς
835 337 1024 405 Ἀαρὼν
1056 337 1164 391 τοὺς
1198 336 1646 401 καταλελειμμένους
1684 338 1839 404 λέγων

263 430 290 453 “
317 422 412 474 Διά
441 425 489 474 τί
522 423 605 474 οὐκ
638 422 836 492 ἐφάγετε
870 421 925 473 τὸ
958 423 1064 488 περὶ
1093 425 1176 486 τῆς
1201 423 1430 488 ἁμαρτίας
1455 423 1504 472 ἐν
1529 421 1659 491 τόπῳ
1686 421 1835 491 ἁγίῳ;

261 513 290 535 “
314 505 385 556 ὅτι
417 504 510 571 γὰρ
547 505 659 570 ἅγια
693 505 840 570 ἁγίων
874 506 990 568 ἐστὶ,
1015 509 1152 556 τοῦτο
1183 505 1378 555 δέδωκεν
1412 505 1518 568 ὑμῖν
1551 507 1737 572 φαγεῖν,
1764 504 1841 554 ἵνα

262 595 290 617 “
315 586 525 656 ἀφέλητε
567 586 654 651 τὴν
695 588 927 654 ἁμαρτίαν
964 589 1047 651 τῆς
1089 589 1387 652 συναγωγῆς,
1429 589 1504 637 καὶ
1548 585 1840 655 ἐξιλάσησθε

261 676 288 699 “
313 671 419 735 περὶ
460 670 612 720 αὐτῶν
658 669 809 721 ἔναντι
852 670 1068 736 Κυρίου.”
1131 670 1244 738 ὁρᾷς
1286 668 1412 723 ὅπως
1449 667 1750 733 μεσιτεύουσι
1782 667 1841 718 τὰ
1861 684 1882 722 5

262 750 378 817 ὑπὲρ
422 755 517 803 τῶν
568 753 806 820 ἁμαρτιῶν
861 753 1096 806 ἐσθίοντες
1152 755 1194 803 οἱ
1245 755 1312 821 τῷ
1362 751 1470 821 θείῳ
1517 750 1843 819 θυσιαστηρίῳ

223 859 244 885 e
263 833 624 899 παρεστηκότες,
657 837 732 886 καὶ
767 834 1118 901 καθαρωτάταις
1151 839 1302 888 λιταῖς
1332 833 1418 899 τὴν
1449 835 1523 886 ἐπὶ
1560 837 1656 887 τοῖς
1693 833 1843 898 ἁμαρ-

262 915 486 968 τάνουσιν
511 916 658 984 ὀργὴν
684 916 1046 984 κατευνάζοντες,
1067 919 1143 968 καὶ
1167 919 1416 985 μονονουχὶ
1438 915 1522 970 τὰς
1548 915 1664 969 ἰδίας
1681 913 1845 985 ψυχὰς

264 997 379 1065 ὑπὲρ
417 1003 508 1049 τῶν
544 1005 627 1050 τοῦ
661 1005 780 1051 λαοῦ
817 998 1242 1064 πλημμελημάτων
1272 1003 1333 1053 εἰς
1359 997 1516 1063 ὀσμὴν
1542 998 1730 1051 εὐωδίας
1756 1019 1840 1048 κα-

264 1085 521 1147 θιεροῦντες
559 1085 697 1151 Θεῷ;
741 1081 952 1148 καθάπερ
989 1082 1151 1146 ἀμέλει
1188 1083 1264 1132 καὶ
1303 1082 1328 1132 ὁ
1360 1080 1612 1134 θεσπέσιος
1641 1078 1844 1146 Ἀαρὼν,
1868 1105 1914 1130 10

44 1179 147 1230 qu.
266 1165 526 1231 ἀρχομένου
568 1164 826 1231 θραύεσθαι
864 1170 948 1216 τοῦ
991 1170 1125 1216 λαοῦ.
1187 1163 1451 1231 γέγραπται
1495 1163 1588 1229 γὰρ
1637 1164 1735 1214 ὡδί·
1791 1160 1846 1213 τὸ

43 1233 182 1306 {31'47'
266 1251 455 1312 πυρεῖον
499 1247 735 1313 ἀρπάσας,
774 1248 850 1298 καὶ
890 1249 1060 1301 ἐπιθεὶς
1102 1246 1157 1298 τὸ
1197 1248 1420 1311 θυμίαμα,
1466 1253 1492 1275 “
1512 1246 1642 1310 ἔστη,
1681 1245 1846 1313 φησὶν,

267 1335 294 1358 “
319 1327 408 1379 ἀνὰ
433 1327 583 1391 μέσον
614 1333 710 1380 τῶν
739 1329 1029 1394 τεθνηκότων
1061 1331 1137 1381 καὶ
1166 1333 1260 1381 τῶν
1291 1329 1487 1396 ζώντων,
1516 1330 1592 1379 καὶ
1615 1325 1848 1379 ἐκόπασεν

265 1410 348 1475 “ἡ
386 1412 629 1477 θραῦσις.”
712 1413 833 1463 οὕτω
873 1412 1132 1476 μεσιτεύων
1172 1414 1248 1463 καὶ
1288 1413 1313 1463 ὃ
1351 1410 1577 1477 μακάριος
1617 1412 1846 1474 Μωυσῆς,

266 1493 550 1562 ἐξεδυσώπει
569 1493 706 1557 Θεὸν,
725 1493 1205 1562 μεμοσχοποιηκότων
1229 1494 1349 1545 κατὰ
1371 1493 1457 1558 τὴν
1480 1493 1651 1561 ἔρημον
1674 1497 1769 1544 τῶν
1793 1491 1851 1561 ἐξ
1870 1506 1916 1551 ϊ5

58 1592 112 1626 72
133 1589 182 1624 A.
228 1599 250 1623 a
266 1574 485 1643 Ἰσραήλ·
526 1575 690 1628 ἑαυτὸν
713 1576 807 1644 γὰρ
834 1575 998 1643 ὥσπερ
1024 1577 1224 1629 ὑπετίθει
1249 1580 1307 1645 τῇ
1340 1576 1456 1645 δίκῃ,
1483 1579 1773 1642 παρακαλῶν
1797 1597 1849 1626 τε

48 1680 153 1729 Exoq.
268 1660 344 1709 καὶ
369 1657 522 1724 λέγων
542 1666 568 1689 “
586 1662 643 1710 Εἰ
661 1658 745 1723 μὲν
771 1662 897 1728 ἀφῇς
923 1661 1077 1713 αὐτοῖς
1102 1658 1187 1725 τὴν
1206 1659 1449 1726 ἁμαρτίαν,
1470 1659 1602 1727 ἄφες·
1644 1661 1681 1709 εἰ
1702 1656 1750 1708 δὲ
1768 1655 1849 1721 μὴ,

48 1731 220 1762 xxx11.32.
268 1747 295 1769 “
319 1740 578 1810 ἐξάλειψον
602 1741 719 1806 κάμὲ
742 1743 793 1793 ἐκ
817 1745 900 1806 τῆς
923 1741 1103 1804 βίβλου
1127 1742 1297 1807 ταύτης
1323 1742 1376 1807 ἧς
1401 1739 1663 1809 ἕγραψας.”

341 1823 562 1889 Φαγονται
612 1826 768 1876 τοίνυν
808 1824 892 1879 τὰς
934 1827 1164 1897 ἁμαρτίας
1203 1830 1286 1876 τοῦ
1325 1826 1439 1875 λαοῦ
1478 1848 1578 1892 μου,
1620 1822 1850 1885 τουτέστι,

266 1904 326 1956 τά
368 1905 483 1973 ὑπὲρ
524 1907 763 1974 ἁμαρτιῶν
803 1905 1213 1974 προσκομιζόμενα
1263 1907 1464 1972 θύματα.
1534 1912 1612 1958 καὶ
1661 1908 1702 1958 ἐν
1747 1909 1850 1962 ταῖς
1871 1929 1920 1955 20

267 1985 470 2044 ἀδικίαις
518 1989 671 2049 αὐτῶν,
723 1990 980 2054 τουτέστιν,
1030 1992 1079 2041 ἐν
1126 1993 1272 2060 καιρῷ
1319 1993 1402 2054 τῆς
1458 1990 1635 2044 ἀδικίας
1682 1989 1849 2040 αὐτῶν·

268 2072 416 2135 δῆλον
457 2070 506 2122 δὲ
551 2071 621 2123 ὅτι
658 2076 753 2124 τῶν
794 2072 850 2141 ἐξ
882 2072 1084 2139 Ἰσραὴλ
1125 2073 1228 2138 ἤτοι
1267 2077 1362 2124 τῶν
1403 2077 1550 2124 λαῶν·
1609 2072 1739 2124 αὐτοὶ
1765 2070 1851 2127 τας

267 2155 384 2208 ἰδίας
434 2150 661 2224 λήψονται
705 2151 892 2225 ψυχας,
933 2158 1036 2207 ἀντὶ
1078 2161 1175 2219 τοῦ,
1215 2161 1564 2221 προσκομιοῦσι
1612 2159 1678 2224 τῷ
1723 2157 1847 2224 Θεῷ.

225 2246 253 2287 b
270 2235 450 2304 δέχεται
494 2236 588 2303 γὰρ
627 2237 713 2301 τὴν
753 2236 884 2306 λέξιν
925 2238 954 2302 ἡ
996 2237 1306 2293 θεόπνευστος
1342 2237 1506 2307 γραφὴ
1547 2243 1630 2290 τοῦ
1674 2239 1852 2288 τοιοῦδε

269 2319 576 2384 σημαντικήν·
632 2319 686 2371 τὸ
735 2318 829 2385 γὰρ
872 2324 940 2389 τῷ
989 2322 1098 2390 Θεῷ
1148 2319 1594 2387 προσκομιζόμενον,
1645 2321 1721 2370 καὶ
1770 2320 1846 2370 εὐ·
1872 2339 1920 2379 25

269 2401 519 2467 τρεπισθὲν
563 2405 624 2456 εἷς
669 2403 854 2465 θυσίαν,
892 2401 1082 2468 ἐλέγετο
1122 2401 1460 2471 λαμβάνεσθαι.
1533 2403 1609 2453 καὶ
1653 2402 1681 2467 ἡ
1722 2401 1851 2470 λέξις

268 2482 462 2534 τέθειται
511 2490 594 2536 τοῦ
644 2487 821 2536 τοιοῦδε
882 2484 1098 2548 μάλιστα
1144 2484 1423 2549 σημαντικὴ,
1475 2483 1686 2552 καθάπερ
1731 2485 1851 2552 ἔφην

269 2566 452 2630 ἀρτίως.
508 2568 583 2618 καὶ
616 2572 730 2633 γοῦν
764 2568 813 2618 ἐν
844 2572 939 2621 τοῖς
956 2568 1210 2634 Ἀριθμοῖς,
1237 2566 1312 2619 ὅτε
1337 2565 1445 2621 τοὺς
1467 2570 1571 2634 περὶ
1595 2570 1676 2632 τῆς
1702 2568 1852 2632 δαμά-

270 2652 390 2700 λεως
423 2651 504 2711 τῆς
537 2650 715 2716 πυῤῥᾶς
750 2648 935 2716 ὡρίζετο
976 2649 1157 2714 νόμους,
1192 2649 1283 2719 ἔφη
1324 2672 1417 2701 που
1455 2649 1577 2704 Θεὸς
1612 2649 1731 2717 πρὸς
1768 2649 1852 2701 τὸν

51 2744 155 2794 Num.
272 2729 552 2797 ἱεροφάντην
595 2732 809 2783 Μωυσέα
859 2739 886 2762 “
906 2734 1038 2797 Αὕτη
1079 2733 1108 2797 ἡ
1159 2731 1394 2797 διαστολὴ
1432 2738 1515 2784 τοῦ
1560 2731 1715 2796 νόμου,
1757 2731 1851 2783 ὅσα
1871 2755 1922 2792 30

51 2798 167 2819 'mm‘
271 2817 300 2839 “
325 2812 551 2881 συνέταξε
585 2813 757 2880 Κύριος
788 2814 943 2880 λέγων
981 2814 1213 2880 Λάλησον
1247 2819 1344 2869 τοῖς
1382 2818 1493 2869 υἱοῖς
1524 2814 1739 2882 Ἰσραὴλ,
1774 2815 1851 2865 καὶ

320 2946 352 2970 2.
378 2936 413 2970 ἐν
429 2938 476 2984 τῷ
494 2939 586 2985 τόπῳ
603 2941 649 2985 τῷ
669 2939 715 2973 D.
904 2952 937 2984 3.
956 2941 1052 2988 ἅγιον
1068 2953 1131 2988 pro
1147 2940 1226 2987 ἅγια
1244 2941 1335 2975 Edd.
1526 2940 1559 2975 6.
1585 2940 1664 2990 θείῳ
1681 2952 1751 2976 om.
1771 2941 1849 2986 Syr.

269 2982 375 3017 habet
395 2983 441 3018 D.
607 2986 660 3019 16.
685 2987 824 3030 ὑπετίθη
843 2987 935 3022 Edd.
1108 2999 1164 3023 21.
1189 2989 1297 3023 αὐτῶν
1314 2988 1410 3033 prius
1428 2999 1498 3022 om.
1520 2988 1564 3022 D.
1722 2997 1778 3034 25.
1803 2990 1851 3035 τῷ

270 3042 341 3064 om.
361 3030 407 3064 D.
641 3041 696 3077 27.
722 3033 852 3068 τίθεται
872 3034 914 3069 Β.
1104 3046 1160 3081 29.
1185 3050 1251 3071 που
1269 3041 1490 3081 assumptum
1508 3047 1549 3069 ex
1570 3034 1616 3070 D.
