2021 3434
140 219 207 259 vii.
234 230 271 271 7.
510 220 582 260 IN
625 219 1014 260 MICHAEAM.
1074 219 1214 259 TOM.
1248 219 1332 258 ΠΙ.
1622 222 1697 260 721

138 332 292 385 αὐτοῖς
321 332 717 398 πρεπωδεστάτην
741 331 1006 397 ἐλευθερίαν
1036 329 1313 397 ἀνενήχοντό
1344 352 1454 391 πως,
1482 327 1709 390 ἀνιέμενοί

138 434 187 462 τε
227 414 302 463 καὶ
340 415 595 480 χαίροντες.
656 411 743 479 ἐγῶ
774 413 929 464 τοίνυν
957 415 1106 480 φησὶν
1132 413 1204 462 ἐπὶ
1236 416 1303 462 τὸν
1331 416 1470 479 Κύριον
1509 409 1699 470 ἐπιβλέ-

137 490 311 563 ψομαι,
339 494 431 564 ὀψὲ
462 495 545 559 μὲν
572 497 680 546 λίαν
705 498 780 546 καὶ
813 494 930 558 μετὰ
963 499 1127 560 πεῖραν
1153 491 1217 543 ὧν
1255 493 1344 543 ἔδει
1377 495 1704 557 παραιτεῖσθαι

137 575 222 639 τὴν
248 575 433 644 ἔφοδον.
499 577 628 641 πλὴν
653 581 714 631 εἶς
740 575 863 627 Θεὸν
889 576 1007 645 ἕξειν
1032 575 1116 639 τὴν
1142 575 1309 626 ἐλπίδα
1340 577 1503 640 φησὶν,
1531 574 1698 641 ὑπομέ-
1723 600 1743 623 a
1778 590 1857 623 461
1873 589 1921 623 A.

0 655 2 739 J
96 673 118 711 5
139 679 221 707 νειν
252 680 300 707 τε
335 657 419 722 τὴν
442 660 552 724 παρ’
580 660 720 710 αὐτοῦ
757 660 1008 725 σωτηρίαν,
1048 657 1310 708 διακεῖσθαί
1339 680 1388 707 τε
1426 658 1501 707 καὶ
1536 654 1705 722 ἀραρό-

136 760 240 800 τως,
285 739 354 790 ὅτι
399 741 733 808 φιλάνθρωπος
778 740 856 799 ὧν,
898 739 1121 805 κατήκοος
1165 739 1298 790 ἔσται
1348 742 1442 789 τῶν
1493 739 1705 804 ὀδυρμῶν

136 821 277 885 αὐτῆς
303 824 377 872 καὶ
403 824 710 891 παραδέξεται
736 822 818 877 τὰς
844 823 990 876 λιτάς.
1052 822 1286 888 σωτηρίας
1314 820 1375 884 δὲ,
1402 818 1540 884 οἶμαι,
1568 821 1702 871 νοοῖτ’

0 925 3 980 Ἰ
134 900 192 952 ἂν
218 904 338 970 ἀρχὴ
364 902 417 954 τὸ
453 906 725 968 ἀποστῆσαι
756 905 840 968 μὲν
865 905 976 959 τέως
1002 903 1084 956 τὸν
1110 909 1218 954 νοῦν
1242 906 1324 967 τῆς
1355 904 1550 970 ἀρχαίας
1576 902 1701 954 ἀποί-

132 1007 228 1049 της,
255 986 535 1037 ἀνθελέσθαι
572 986 619 1037 δὲ
651 986 819 1038 λοιπὸν
844 986 896 1038 τὸ
929 991 1117 1055 φρονεῖν
1143 987 1306 1052 ὀρθῶς,
1334 987 1409 1036 καὶ
1434 987 1516 1048 τῆς
1542 1007 1700 1047 σωτη-

69 1092 116 1117 10
132 1067 234 1133 ρίας
271 1067 477 1135 χορηγὸν
502 1068 642 1119 αὐτὸν
667 1071 742 1119 καὶ
779 1068 1003 1135 πρύτανιν
1028 1068 1207 1118 οἴεσθαι
1245 1067 1467 1134 ὑπάρχειν
1501 1064 1583 1117 τὸν
1612 1069 1706 1116 τῶν

134 1147 259 1199 ὅλων
286 1149 554 1215 Δεσπότην,
581 1153 656 1201 καὶ
690 1151 754 1215 μὴ
788 1151 842 1202 τὸ
879 1152 1023 1204 οὕτως
1060 1149 1295 1218 ἐξαίρετον
1326 1147 1574 1214 ἀγαθὸν,ἢ
1606 1153 1706 1203 ταῖς

135 1231 191 1300 ἐξ
213 1231 470 1298 ἀνθρώπων
496 1233 741 1297 ἀπονέμειν
766 1234 1055 1299 ἐπικουρίαις,
1079 1232 1225 1297 ἤγουν
1256 1230 1523 1282 ἀνούστατά
1547 1253 1597 1282 τε
1631 1234 1705 1282 καὶ
1725 1242 1750 1282 b

137 1314 439 1378 ἀμαθέστατα
481 1317 631 1381 δῶρον
676 1316 869 1367 ἔσεσθαι
914 1318 1190 1382 προσδοκᾶν
1235 1317 1318 1378 τῆς
1358 1312 1706 1380 ἀδρανεστάτης

136 1401 229 1447 τῶν
255 1397 459 1447 εἰδώλων
483 1397 709 1462 πληθύος.

71 1493 117 1531 15
211 1477 371 1530 Πάλαι
409 1478 495 1542 μὲν
532 1479 625 1546 γὰρ
661 1479 934 1541 κατέβαινον
971 1477 1088 1545 πρὸς
1125 1479 1425 1544 Αἰγυπτίους,
1456 1476 1706 1547 ἀπῴχοντό

135 1582 185 1610 τε
223 1563 298 1611 καὶ
339 1565 400 1615 εἰς
434 1561 736 1627 Ἀσσυρίους,
771 1561 852 1615 τὰς
885 1562 992 1627 παρ’
1026 1563 1203 1628 ἀμφοῖν
1241 1561 1503 1623 συμπνοίας
1544 1583 1593 1611 τε
1631 1563 1705 1611 καὶ

135 1642 394 1709 ἐπικουρίας
435 1644 517 1694 οὐκ
559 1643 876 1710 εὑαριθμήτων
918 1643 1171 1710 χρημάτων
1221 1643 1487 1706 ὠνούμενοι.
1554 1665 1705 1709 προσ-

134 1722 284 1792 ῄεσαν
334 1724 383 1775 δὲ
434 1728 508 1776 καὶ
559 1727 765 1779 εἰδώλοις
813 1724 1029 1794 ἀψύχοις,
1076 1730 1363 1790 πληροῦντες
1412 1725 1591 1787 θυσίας,
1633 1727 1708 1775 καὶ

134 1807 490 1877 προσεπιτούτῳ
516 1807 598 1861 τὰς
627 1808 739 1874 ὑπέρ
771 1831 823 1874 γε
859 1811 1002 1877 σφῶν
1028 1807 1180 1858 αὐτῶν
1204 1805 1527 1873 προσάγοντες
1554 1805 1702 1860 λιτάς.

65 1915 116 1941 20
136 1891 233 1940 νυνὶ
272 1890 327 1941 δέ
358 1894 510 1958 φασιν
544 1893 605 1943 ὡς
640 1885 977 1959 ἑπιβλέψοντοιι
1016 1888 1099 1952 μὲν
1126 1890 1196 1940 ἐπὶ
1236 1889 1302 1940 τον
1333 1887 1488 1958 Κύριον,
1521 1892 1705 1956 ὑπομεν-

135 1977 243 2023 οῦσι
281 1971 330 2022 δὲ
368 1971 523 2031 αὑτὸν,
551 1972 805 2034 τουτέστιν,
831 1972 1092 2040 ἐκδέξονται
1122 1970 1206 2035 τὴν
1237 1972 1345 2036 παρ’
1374 1972 1514 2021 αὐτοῦ
1551 1993 1706 2035 σωτη-
1725 1997 1746 2022 o

132 2055 238 2122 ρίαν
288 2057 362 2106 καὶ
412 2053 562 2122 χάριν,
608 2056 684 2105 καὶ
729 2052 822 2118 μὴν
873 2053 942 2104 ὅτι
994 2055 1068 2104 καὶ
1114 2052 1554 2117 εἰσακουσθήσονται
1596 2053 1703 2118 παρ’

134 2137 295 2200 αὐτοῦ,
324 2138 448 2207 αὐτῷ
476 2136 695 2201 δηλονότι
722 2138 797 2187 καὶ
835 2137 922 2204 οὐχ
959 2134 1125 2202 ἑτέροις
1163 2135 1228 2186 ε”τι
1266 2135 1589 2201 προσάγοντες
1623 2133 1707 2188 τὰς

133 2220 373 2286 ἱκετηρίας.
424 2224 562 2270 τοῦτο
589 2218 637 2270 δὲ
663 2218 720 2284 ἧν
746 2217 1092 2287 ἀνανηφούσης,
1121 2219 1182 2272 ὡς
1208 2216 1339 2286 ἔφην,
1366 2219 1447 2280 τῆς
1473 2215 1611 2280 Σιὼν,
1632 2219 1707 2267 καὶ

186 2430 216 2453 1.
234 2417 450 2463 ἆνενήχοντο]
472 2417 550 2451 Hoc
566 2417 693 2452 retinui
710 2429 751 2451 ex
766 2416 857 2451 Edd.
876 2417 1012 2451 favente
1026 2418 1069 2449 A.
1087 2414 1222 2458 ἀνενὴνο
1269 2429 1371 2460 χοντο
1382 2414 1425 2448 A.
1441 2413 1494 2460 [νο
1511 2426 1619 2449 manu
1637 2426 1704 2449 see.

9 2505 13 2513 ι
135 2463 272 2509 addito]
291 2464 477 2510 ἇνὴρχοντο
495 2464 538 2499 Β.
647 2476 676 2498 2.
702 2464 756 2499 ε’πὶ
774 2465 832 2498 τὸν
849 2462 988 2509 Κύριον]
1010 2463 1063 2497 ἐπὶ
1081 2465 1126 2509 τῷ
1146 2465 1219 2509 Θεῷ
1237 2461 1280 2495 Α.
1391 2471 1424 2505 5.
1451 2476 1485 2495 τε
1504 2461 1598 2506 prius
1614 2461 1703 2496 A.B‘

5 2523 14 2571 ἲ
137 2512 173 2546 δὲ
191 2511 283 2546 Edd.
506 2520 536 2556 7.
563 2511 662 2555 αὐτῆς
680 2517 899 2556 assumptum
917 2523 958 2544 ex
976 2512 1019 2544 A.
1254 2521 1286 2554 9.
1313 2507 1536 2542 ἀνθέλκεσθαι
1554 2507 1642 2553 (sic)
1660 2508 1703 2542 A.

140 2570 192 2593 10.
217 2558 367 2603 χορηγὸν
390 2557 479 2591 A.B.
505 2559 656 2603 ἀρχηγὸν
680 2558 772 2592 Edd.
823 2558 949 2591 Statim
976 2558 1028 2591 καὶ
1051 2556 1212 2601 πρύτανιν
1236 2556 1336 2590 αὐτὸν
1360 2555 1497 2588 inverso
1523 2554 1642 2588 ordine
1659 2555 1703 2589 A.

137 2605 222 2640 Post
239 2604 273 2638 h.
287 2617 319 2640 v.
339 2603 468 2639 οἴεσθαι
486 2605 648 2650 ὑπάρχειν
664 2605 730 2639 hoc
748 2604 868 2638 ordine
886 2604 976 2638 A.B.
1088 2615 1101 2637 Ι
1113 2615 1141 2637 1.
1160 2605 1198 2638 τὸ
1216 2615 1284 2637 om.
1303 2604 1346 2636 A.
1445 2612 1496 2635 12.
1515 2601 1705 2636 ἀνούστατά

135 2667 171 2687 τε
188 2651 241 2685 καὶ
257 2651 472 2695 ἀμαθέστατα
489 2652 579 2685 Α.Β.
598 2651 636 2686 τὸ
653 2651 861 2685 ἀνούστατον
877 2651 930 2685 καὶ
948 2650 1180 2695 ἀμαθέστατον
1198 2649 1288 2684 Edd.
1450 2659 1502 2692 13.
1521 2647 1644 2693 δῶρον]
1666 2653 1700 2688 -ξ-

134 2713 171 2733 τε
188 2698 232 2732 Α.
281 2698 529 2743 ἀδρανεστάτης
545 2705 765 2743 assumptum
784 2710 825 2732 ex
843 2700 886 2732 A.
987 2707 1038 2741 15.
1057 2695 1268 2740 κατέβαινον]
1288 2700 1325 2737 -†-
1345 2695 1406 2739 μὲν
1424 2694 1515 2729 Edd.
1534 2695 1642 2729 invito
1662 2695 1703 2728 B.

138 2745 191 2780 16.
217 2745 254 2779 δὲ
271 2757 334 2790 pro
350 2760 386 2779 τε
403 2745 461 2779 iid.
480 2745 756 2790 repugnantibus
774 2745 864 2779 ΑΒ.
914 2744 1042 2788 ἀμφοῖν
1059 2743 1102 2778 Α.
1121 2745 1228 2778 αὐτῶν
1246 2743 1287 2777 Β.
1307 2743 1418 2777 αὐτοῖς
1436 2741 1526 2775 Edd.
1578 2742 1704 2776 Statim

135 2792 323 2836 ἐπικουρίας
340 2792 392 2826 καὶ
410 2807 534 2837 συμπν.
552 2793 690 2826 inverso
708 2792 827 2826 Ordine
846 2791 1028 2837 (omittens
1046 2790 1101 2835 τε)
1121 2790 1162 2825 Β.
1318 2798 1370 2833 17.
1395 2792 1594 2832 προσῄεσαν
1612 2788 1702 2822 Λ.Β.

134 2840 317 2883 προσῆσαν
335 2838 426 2873 Edd.
649 2839 702 2873 18.
730 2839 862 2874 θυσίαις
879 2840 922 2872 Α.
1147 2848 1199 2881 19.
1224 2834 1481 2882 προσεπιτοὺτῳ
1502 2835 1542 2869 Β.
1560 2834 1704 2879 προσέτι

135 2884 242 2932 τούτῳ
260 2885 304 2919 Α.
321 2887 406 2930 πρός
421 2900 460 2931 γε
477 2884 585 2931 τούτῳ
603 2885 695 2920 Edd.
902 2896 956 2919 20.
983 2883 1232 2929 ἐπιβλέψονται
1249 2883 1310 2927 μὲν
1325 2883 1380 2917 ἐπὶ
1397 2883 1455 2916 τὸν
1473 2881 1595 2927 Κύριον
1612 2881 1702 2916 Α.Β.

136 2933 191 2967 ἐπὶ
208 2933 266 2966 τὸν
282 2937 323 2966 Κ.
342 2932 590 2978 ἐπιβλέψονται
607 2932 667 2966 iid.
719 2931 843 2966 Statim
861 2932 914 2965 καὶ
932 2930 1013 2966 add.
1031 2930 1090 2965 iid.
1408 2940 1461 2964 22.
1486 2927 1567 2974 μὴν]
1591 2933 1628 2970 -1-
1649 2929 1702 2962 καὶ

134 2978 196 3014 iid.
212 2978 330 3013 invitis
347 2979 437 3014 Α.Β.
590 2990 643 3024 23·
669 2979 717 3013 ἔτι
734 2978 878 3013 accessit
895 2990 935 3012 ex
953 2978 997 3012 A.
1046 2978 1105 3014 τὰς
1122 2977 1217 3012 deest
1233 2977 1269 3011 in
1286 2975 1378 3011 Edd.
1522 2987 1576 3019 24.
1603 2977 1702 3010 τοῦτο

137 3025 173 3060 δὲ
190 3031 254 3059 etc.
272 3037 382 3071 usque
399 3025 443 3061 ad
459 3026 517 3061 fin.
537 3025 658 3062 scholii
675 3025 801 3061 desunt
818 3026 853 3060 in
875 3025 915 3059 B.

195 3093 286 3123 VOL.
310 3094 338 3122 1.
888 3094 915 3131 4
936 3093 956 3118 z
