2021 3434
116 226 169 268 iv.
188 237 224 279 7.
571 228 642 268 IN
684 228 918 269 OSEAM.
979 226 1127 267 TOM.
1162 224 1247 265 III.
1638 221 1693 260 99

116 336 326 405 ὀνομάζει
351 337 437 403 τὴν
463 339 767 406 Συναγωγὴν,
788 339 996 406 καθάπερ
1022 338 1184 401 ἀμέλει
1210 338 1285 388 καὶ
1311 339 1404 386 τῶν
1430 335 1477 384 ἐν
1496 333 1697 400 Χριστῷ

117 421 478 482 δεδικαιωμένων
504 420 589 486 τὴν
612 422 922 486 Ἐκκλησίαν.
992 420 1221 489 ἀφεγγείᾳ
1256 419 1411 470 τοίνυν
1436 417 1510 466 καὶ
1536 411 1696 482 σκότῳ

117 501 376 569 παρεικάζει
402 504 584 558 δικαίως
607 503 692 569 τὴν
717 509 810 555 τῶν
828 503 1063 555 Ἰουδαίων
1091 500 1399 567 Συναγωγήν.
1459 495 1698 563 τοιγάρτοι

120 586 195 635 καὶ
221 585 246 635 ὁ
273 584 554 653 σοφώτατος
580 590 774 640 Παῦλος
799 586 963 637 ἑαυτοῦ
993 608 1042 636 τε
1072 583 1192 650 πέρι,
1230 585 1305 633 καὶ
1335 586 1430 632 τῶν
1462 582 1510 631 ἐν
1540 578 1698 630 πίστει
1717 578 1745 619 d

79 674 102 712 5
121 667 561 733 λελαμπρυσμένων
599 668 648 718 εὖ
685 669 816 731 μάλα
844 668 1008 738 φησίν,
1036 674 1063 697 “
1086 667 1190 718 Οὐκ
1220 664 1363 728 ἐσμὲν
1399 659 1563 715 νυκτὸς
1597 658 1701 710 οὐδὲ
1762 663 1908 746 ξηΤὸῑῖθΞθ-

121 755 148 778 “
172 748 386 811 σκότους,
429 749 539 800 ἀλλ’
576 752 663 801 υἱοὶ
708 750 866 819 φωτὸς
917 753 992 800 καὶ
1037 748 1252 814 ἡμε’ρας.”
1323 745 1437 796 ε”οικε
1485 745 1540 794 δέ
1578 746 1703 811 φησι

122 832 199 882 καὶ
232 831 257 880 ὁ
291 830 408 885 λαὸς
442 833 467 882 ὁ
503 830 610 895 ἐμὸς
648 837 743 886 τοῖς
781 834 863 883 οὐκ
901 832 1062 900 ἔχουσι
1098 834 1291 897 γνῶσιν,
1323 827 1471 879 καίτοι
1508 824 1594 888 τὴν
1628 822 1704 874 διὰ

124 912 266 975 νόμου
290 914 626 977 πεπλουτηκὼς
650 916 895 981 ποδηγίαν.
953 914 1172 977 κέκληται
1196 910 1288 977 γὰρ
1304 908 1422 975 πρὸς
1448 908 1704 972 ἐπίγνωσιν

123 999 206 1046 τοῦ
240 994 358 1046 κατὰ
392 996 615 1060 ἀλήθειαν
649 995 782 1052 ὄντος
808 1001 945 1060 Θεοῦ,
971 992 1393 1062 πεπληροφόρηται
1419 989 1494 1042 διὰ
1518 987 1700 1050 θαυμά-

7 1101 10 1127 ι
63 1101 108 1126 10
126 1099 233 1140 των,
259 1076 507 1129 ἐλλέλοιπε
545 1078 594 1129 δὲ
627 1084 872 1133 παντελῶς
910 1077 1039 1130 οὐδὲν
1068 1082 1162 1128 τῶν
1194 1075 1288 1127 ὅσα
1319 1073 1534 1142 φωτίζειν
1558 1069 1633 1122 οἶά
1657 1093 1708 1121 τε

127 1159 232 1213 τοὺς
249 1159 624 1224 ἐσκοτισμένους,
641 1163 715 1212 καὶ
735 1161 1029 1230 άξιάγαστον
1054 1164 1149 1214 τοῖς
1173 1155 1527 1222 εὐμαθεστέροις
1548 1151 1709 1204 ἐνιέναι

127 1246 306 1309 γνῶσιν
356 1243 439 1294 οὐκ
489 1242 715 1298 ἀνικάνως
763 1244 870 1312 ἔχει.
936 1241 1092 1307 ἐπειδὴ
1144 1241 1193 1293 δὲ
1237 1239 1410 1291 ἐιπῶσω
1456 1239 1579 1307 φησὶ
1623 1235 1709 1300 τὴν

130 1325 373 1391 ἐπίγνωσιν,
411 1325 625 1376 τουτέστι
668 1324 896 1392 Χριστὸν,
939 1327 992 1377 δι’
1029 1324 1083 1376 οῦ
1119 1325 1194 1375 καὶ
1232 1324 1280 1374 ἐν
1319 1320 1356 1391 ᾧ
1395 1317 1622 1387 προσιτός
1659 1341 1708 1369 τε
1727 1341 1748 1367 e

130 1405 227 1470 ἅμα
251 1408 327 1458 καὶ
351 1407 567 1473 γνωστὸς
593 1408 618 1458 ὁ
646 1405 827 1475 Πατὴρ,
855 1406 1113 1478 ἐξωσθήσῃ
1138 1404 1307 1457 λοιπὸν
1332 1408 1416 1455 τοῦ
1438 1400 1552 1453 εἶναι
1579 1399 1711 1467 ἱερὸς,

8 1527 11 1551 2
69 1509 114 1546 15
133 1491 208 1540 καὶ
250 1495 333 1541 τοῦ
375 1489 637 1557 προσάγειν
680 1491 861 1554 θυσίας,
909 1493 970 1544 ὡς
1012 1490 1236 1554 βέβηλος.
1305 1488 1380 1537 καὶ
1424 1483 1577 1548 ἐπειδὴ
1618 1487 1713 1534 τῶν

134 1572 268 1623 θείων
291 1576 353 1627 εἰς
378 1573 531 1637 λήθην
549 1573 844 1626 κατώλισθες
864 1572 1032 1636 νόμων,
1052 1573 1167 1636 μήτε
1191 1569 1250 1621 τὰ
1272 1567 1518 1620 Μωυσέως
1539 1565 1714 1630 νοήσας

133 1659 465 1718 πνευματικῶς,
484 1654 600 1720 μήτε
625 1654 719 1720 μὴν
746 1660 841 1710 τοῖς
865 1654 940 1706 διὰ
964 1658 1181 1721 Χριστοῦ
1206 1650 1521 1713 παιδεύμασιν
1549 1647 1715 1715 ἰσχνόν

135 1759 184 1788 τε
209 1739 282 1788 καὶ
308 1738 456 1805 εὐφυᾶ
479 1737 561 1788 τὸν
588 1743 696 1788 νοῦν
722 1739 862 1801 ἐνιεὶς,
889 1741 949 1791 εἷς
976 1735 1128 1801 λήθην
1155 1733 1286 1801 κάγὼ
1312 1738 1406 1785 τῶν
1444 1736 1547 1783 σῶν
1579 1728 1718 1780 οἱονεί

136 1842 235 1873 πως
277 1818 653 1887 ὑπενεχθήσομαι
696 1819 864 1883 τέκνων,
904 1819 1162 1881 τουτέστιν,
1207 1816 1358 1868 οὐκέτι
1401 1814 1754 1879 μεμνήσομαι,α
1791 1828 1848 1864 70
1869 1826 1919 1860 A.

10 1894 12 1945 ἑ
73 1924 120 1949 20
139 1901 213 1952 διά
249 1924 304 1968 γε
342 1907 424 1953 τοῦ
458 1904 533 1952 καὶ
567 1904 754 1970 φειδοῦς
782 1906 858 1953 καὶ
890 1903 1137 1971 φροντίδος
1166 1901 1345 1969 ἀξιοῦν·
1388 1895 1453 1948 ῶν
1478 1894 1571 1963 γὰρ
1596 1894 1724 1963 ἀξιοῖ

10 1975 11 1979 ¹
139 1987 405 2049 μεμνῆσθαι
441 1982 573 2046 Θεὸς,
600 1984 781 2039 τούτοις
814 1984 899 2049 τὴν
935 1985 1054 2036 ἰδίαν
1086 1983 1306 2046 ἀπονέμει
1337 1977 1715 2050 φιλανθρωπίαν.

140 2065 376 2119 ἐπελάθετο
418 2066 466 2118 δὲ
503 2068 578 2117 καὶ
610 2067 773 2133 ἑτέρως
814 2073 896 2118 τοῦ
933 2067 1056 2119 θείου
1092 2068 1233 2135 νόμου,
1275 2070 1352 2116 καὶ
1393 2063 1613 2114 ἀπώσαιτο
1652 2058 1721 2118 τὴν

142 2150 371 2215 ἐπίγνωσιν
397 2148 809 2215 εἷδωλολατρήσας
836 2150 861 2200 ὁ
886 2147 1103 2216 Ἰσραήλ.

148 2320 259 2362 Κατὰ
302 2321 350 2362 τὸ
385 2326 547 2362 Πλῆθος
590 2321 731 2363 αὐτῶν
772 2322 909 2362 οὕτως
948 2322 1140 2378 ὕμαρτόν
1178 2335 1261 2369 μοι·
1298 2318 1374 2360 τὴν
1412 2316 1540 2358 δόξαν
1578 2315 1760 2362 αὐτῶνΊ

80 2418 127 2455 25
213 2403 272 2446 ele
297 2404 464 2453 ἀτιμίαν
492 2406 688 2455 θύσομαι.

220 2508 539 2574 Ἡμερότητος
564 2509 647 2572 μὲν
681 2510 871 2575 ἁπάσης
896 2513 972 2561 καὶ
997 2509 1127 2575 πηγὴ
1154 2510 1228 2559 καὶ
1258 2507 1454 2574 γένεσις,
1480 2508 1555 2558 καὶ
1579 2502 1717 2557 αὐτό-

148 2613 306 2658 χρημα
331 2589 385 2640 τὸ
412 2590 589 2656 ἀγαθὸν
614 2592 642 2655 ἡ
670 2593 768 2642 θειά
793 2593 848 2642 τέ
868 2595 969 2643 ἐστι
993 2594 1068 2642 καὶ
1103 2590 1364 2657 άπόῤῥητος
1391 2589 1551 2658 φύσις·
1593 2585 1723 2651 πλὴν
1740 2595 1767 2635 b

149 2674 231 2723 οὐκ
256 2671 457 2723 εἰσάπαν
480 2676 574 2722 τῶν
598 2673 1004 2738 πλημμελούντων
1035 2672 1260 2740 ἀνέχεται·
1295 2677 1389 2725 τοῖς
1416 2673 1463 2722 δὲ
1490 2672 1726 2739 ἀχαλίνως

151 2758 212 2808 εἰς
238 2759 375 2804 τοῦτο
407 2757 530 2804 ἰοῦσι
566 2754 648 2807 τὰς
686 2756 838 2808 αὐτοῖς
875 2754 1148 2820 πρεπούσας
1185 2754 1389 2822 ἐπιφέρει
1427 2753 1571 2807 δίκας.
1615 2756 1726 2822 ἀφι-

85 2860 134 2895 30
152 2834 317 2886 κέσθαι
337 2835 392 2898 δὴ
408 2836 489 2886 οῦν
505 2839 566 2890 εἷς
582 2841 718 2886 τοῦτο
740 2836 1036 2905 φαυλότητος
1062 2836 1388 2904 διισχυρίζεται
1412 2834 1494 2887 τὸν
1508 2835 1725 2903 Ἰσραὴλ,

200 2950 232 2984 8.
258 2949 512 2994 πεπλουτὴκασι
531 2951 576 2985 D.
626 2950 1178 2996 κεκλήκασι--πεπληροφόρηνται
1196 2951 1243 2985 D.
1390 2962 1442 2993 14.
1468 2950 1623 2995 ἐξωθὴσῃ
1638 2951 1727 2995 (sic)

155 2997 246 3031 Edd.
298 2997 421 3031 Statim
439 3000 499 3031 τοῦ
516 2995 597 3032 εἶναι
614 2999 735 3032 λοιπὸν
752 2998 888 3032 inverso
905 2998 1026 3032 ordine
1045 2998 1091 3032 D.
1200 3007 1252 3043 17.
1282 2997 1359 3033 Hoc
1377 2999 1441 3043 μὴν
1458 2999 1603 3033 accessit
1619 3010 1660 3033 ex
1680 2998 1727 3032 D.

157 3054 210 3088 25.
237 3044 331 3087 θήσω
350 3044 385 3078 F.
402 3044 533 3087 (Alex.)

907 3104 977 3134 02
