2021 3434
271 218 352 258 730
662 217 712 258 B.
755 215 1031 257 CYRILLI
1072 215 1453 256 ALEXANDR.
1602 215 1673 256 vii.
1694 229 1757 267 14,
1780 225 1841 267 15.

271 334 298 356 ‘6
338 329 348 343 5
403 326 413 341 Ι
609 327 620 342 2
694 326 704 341 Ὦ
750 326 771 344 ³!
929 325 941 340 Χ
1044 329 1054 343 9
1079 324 1092 341 Ι
1209 326 1232 341 ’9
1331 330 1350 339 Α
1489 323 1500 340 ἱ
1607 325 1617 340 >
1693 324 1715 342 ³!
1834 343 1842 351 .

323 334 556 391 αποληται
594 332 693 376 αλλ
742 350 825 394 εχῃ
857 326 976 392 ζωην
1011 347 1208 387 αιωνιον,
1270 347 1407 376 τουτο
1445 347 1531 388 μεν
1569 347 1649 375 ουκ
1686 329 1828 391 εδρων

271 408 446 469 πόθεν;
487 407 850 477 ἀναφυσώμενοι
889 408 937 458 δὲ
975 407 1093 474 πρὸς
1133 406 1402 473 ἀλαζονείας
1440 405 1726 457 ἀπεκτόνασι
1765 406 1848 457 τὸν

52 494 105 523 Ps.

51 536 199 567 xxxivm
274 490 543 554 Δεσπότην,
570 490 954 544 ἀνταποδιδόντες
989 490 1113 558 αὐτῷ
1146 487 1330 553 πονηρὰ
1362 490 1463 538 ἀντὶ
1498 489 1704 554 ἀγαθῶν,
1731 487 1849 538 κατὰ

236 571 328 624 θτὸ
379 572 715 639 γεγραμμένον,
761 574 836 622 καὶ
875 576 971 623 πᾶν
1020 568 1137 624 εἶδος
1177 573 1459 631 δυσσεβείας
1504 571 1706 624 ἀνοσίως
1754 571 1851 621 ἐπι-

53 675 213 706 Es.l.11.
274 655 556 720 τηδεύοντες.
621 655 919 706 ἀκουέτωσαν
954 654 1010 719 δὴ
1046 655 1127 705 οὖν
1163 663 1189 684 ‘⁶
1208 654 1472 721 Πορεύεσθε
1504 659 1570 725 τῷ
1611 658 1731 723 φωτὶ
1769 659 1892 710 τοῦ5

277 746 303 768 “
329 737 474 803 πυρὸς
510 739 637 800 ὑμῶν
676 738 751 788 καὶ
785 740 843 805 τῇ
876 739 1025 806 φλογὶ
1052 734 1081 805 ᾗ
1109 736 1432 806 ἐξεκαύσατε,”
1468 739 1543 787 καὶ
1582 737 1675 801 μὴν
1700 738 1774 788 καὶ
1797 735 1851 788 τό

55 812 152 842 Prov.
168 811 189 842 i.

55 865 107 894 31·
277 828 304 850 ‘⁶
322 818 528 872 ’Έδεσθε
555 817 662 874 τοὺς
687 817 893 886 καρποὺς
916 823 1010 870 τῶν
1037 819 1163 869 ἰδίων
1189 819 1611 883 ἐπιτηδευμάτων.”

213 1044 259 1078 14
278 1033 483 1082 Ποίμαινε
520 1033 625 1075 λαόν
664 1047 738 1074 σου
773 1032 817 1075 ὲν
856 1031 1001 1089 ῥάβδῳ
1034 1033 1172 1087 φυλήν
1211 1046 1298 1083 σου,
1337 1031 1531 1088 Πρόβατοι
1571 1030 1855 1088 κλΗρονομίαε

346 1132 433 1167 σου,
467 1118 835 1158 κατασκΗνοῦνταο
865 1115 970 1157 κατὰ
999 1116 1132 1164 μόνας
1160 1114 1319 1172 δρυμὸν
1352 1115 1397 1156 ἐν
1434 1115 1554 1169 μέσῳ
1582 1118 1654 1157 τοῦ
1690 1114 1858 1172 Καρμή-

347 1211 436 1251 λου,
463 1200 720 1249 νεμήσονται
750 1200 826 1240 τὴν
856 1196 1079 1241 Βασανῖτιν
1119 1198 1186 1239 καὶ
1222 1198 1299 1240 τὴν
1335 1196 1602 1250 Γαλααὸἶτιν,
1636 1198 1778 1240 καθὼς
1816 1196 1857 1239 αἶ
1880 1212 1926 1238 10

214 1289 259 1327 15
349 1286 502 1342 ἡμέραι
544 1289 617 1326 τοῦ
659 1282 831 1325 αἰῶνος.
894 1283 962 1324 καὶ
1012 1284 1118 1324 κατὰ
1163 1282 1239 1325 τὰς
1284 1283 1447 1340 ἡμέρας
1485 1282 1656 1326 ὲέοὸίαε
1700 1298 1774 1325 σου
1811 1282 1857 1327 ἐξ

59 1379 144 1413 467
161 1377 211 1411 Α.
241 1387 263 1410 a
346 1366 552 1416 ΑἶΓύΠτου
589 1367 749 1418 ὄψεσθε
788 1366 1022 1415 θαυμαστά.

353 1487 688 1557 Ἐφήρμοσται
714 1487 861 1539 πάλιν
895 1491 990 1540 τοῖς
1025 1485 1099 1538 διὰ
1129 1485 1276 1549 μέσου
1306 1486 1524 1549 κειμένοις
1550 1487 1574 1537 ὁ
1601 1484 1757 1551 λόγος,
1785 1488 1860 1537 καὶ

281 1569 515 1635 μετανεύει
550 1568 668 1635 πρὸς
702 1569 757 1621 τὸ
791 1569 1017 1637 χρηστὸν,
1052 1572 1110 1637 τῇ
1149 1573 1243 1619 τῶν
1281 1570 1328 1619 ἐν
1366 1572 1565 1637 Χριστῷ
1604 1569 1861 1632 νοουμένων

283 1656 475 1720 ἀγαθῶν
504 1654 658 1704 ἐλπίδι
696 1651 971 1718 προτρέπων
1009 1653 1082 1702 ἐπὶ
1117 1650 1170 1702 τὸ
1207 1650 1394 1713 ἄμεινον
1421 1652 1495 1700 καὶ
1528 1643 1784 1713 μετατιθεὶς
1814 1651 1862 1701 εὖ
1885 1676 1929 1714 15

283 1735 416 1800 μάλα
439 1734 558 1801 πρός
580 1758 634 1801 γε
669 1734 722 1786 τὸ
747 1735 939 1786 ἑλέσθαι
965 1739 1099 1795 βιοῦν
1126 1735 1289 1800 ὀρθῶς.
1356 1732 1639 1798 τεθορύβηκε
1663 1732 1746 1796 μὲν
1770 1731 1863 1798 γὰρ

285 1819 339 1869 οὐ
377 1818 571 1884 μετρίως
605 1821 663 1885 τῇ
701 1817 1042 1883 προαγορεύσει
1078 1821 1172 1868 τῶν
1210 1819 1506 1881 σκυθρωπῶν
1531 1814 1637 1869 τοὺς
1663 1813 1864 1868 εὐκόλως

286 1900 440 1954 ἰόντας
478 1901 552 1951 ἐπὶ
583 1899 636 1950 τὸ
667 1901 905 1968 ῥᾳθυμεῖν,
933 1901 1188 1949 ἀνακτᾶται
1226 1897 1274 1949 δὲ
1313 1898 1382 1960 αὖ,
1422 1897 1476 1948 τὸ
1515 1897 1864 1965 κατευφραίνειν

242 1992 269 2032 b
287 1982 405 2037 εἶδος
430 1983 479 2032 εὖ
503 1981 634 2046 μάλα
659 1984 960 2047 παρεντιθεὶς,
989 1984 1050 2034 ὡς
1080 1979 1136 2031 ἂν
1161 1979 1225 2044 μὴ
1251 1978 1657 2045 ἀπογινώσκοντες
1681 1983 1723 2030 οἱ
1748 1978 1865 2046 πρὸς

287 2064 366 2118 οὓς
391 2066 416 2116 ὁ
442 2067 524 2129 τῆς
549 2065 791 2118 νουθεσίας
825 2063 1073 2128 πεποίηται
1103 2062 1262 2128 λόγος,
1287 2061 1501 2130 φέροιντο
1528 2061 1646 2112 κατὰ
1670 2066 1864 2127 πετρῶν,
1887 2089 1934 2115 20

66 2160 163 2219 Iffrqy·
289 2147 639 2214 ἀμεταστρεπτί
655 2169 705 2198 τε
725 2148 798 2197 καὶ
824 2146 1076 2214 ἀχαλίνως.
1137 2144 1397 2212 γέγραπται
1425 2143 1516 2209 γάρ
1538 2142 1734 2194 “”Οταν
1753 2143 1868 2212 ἔλθῃ

66 2215 155 2236 mn.
178 2213 207 2244 3-
289 2236 318 2258 “
342 2227 524 2294 ἀσεβὴς
553 2235 614 2283 εἰς
639 2228 789 2291 βάθος
815 2233 982 2291 κακῶν,
1009 2227 1337 2296 καταφρονεῖ.”
1403 2224 1750 2289 εὶσκεκόμισται
1775 2226 1869 2276 τοί-

290 2335 371 2362 νυν
404 2310 432 2377 ἢ
464 2310 518 2362 τὸ
550 2312 690 2362 αὐτοῦ
724 2310 986 2377 πρόσωπον
1021 2316 1103 2361 τοῦ
1132 2313 1256 2360 Θεοῦ
1297 2311 1372 2359 καὶ
1401 2307 1604 2374 Πατρός,
1631 2307 1774 2373 λέγον
1803 2311 1869 2377 τῷ

288 2398 390 2463 Υἱῴ
428 2397 639 2462 Ποίμαινε
673 2393 783 2445 >mciv
821 2418 898 2444 σου
937 2394 974 2445 ἐν
1014 2389 1166 2463 ῥάβδῳ
1199 2393 1339 2460 φυλήν
1375 2415 1465 2453 σου,
1501 2388 1718 2460 πρόβατα
1752 2403 1862 2451 κλη-

341 2571 372 2594 2.
398 2559 525 2600 πόθεν;
552 2559 813 2605 ἅναφυσὼμενοι
830 2558 884 2604 δέ]
907 2558 964 2593 Sic
990 2558 1081 2592 edidi
1107 2570 1148 2592 ex
1166 2558 1209 2592 A.
1229 2557 1289 2603 qui
1307 2556 1402 2591 dedit
1418 2556 1522 2591 ποθέν
1538 2556 1641 2601 ἀναφ.
1661 2556 1709 2590 δέ.
1766 2556 1870 2592 ἷόντες

292 2607 328 2641 δὲ
348 2607 390 2640 Β.
412 2607 592 2640 Edebatur
609 2608 639 2640 οἱ
657 2607 704 2640 δέ.
848 2618 881 2651 3.
911 2606 992 2639 κατὰ
1010 2607 1047 2639 τὸ
1065 2620 1160 2650 γεγρ.
1179 2616 1249 2639 orn.
1267 2604 1308 2638 B.
1444 2616 1477 2646 4.
1505 2602 1759 2647 ἐπιτηδεύοντας
1777 2602 1869 2637 Edd.

292 2658 373 2688 ante
392 2654 525 2697 Migne.
645 2664 678 2696 5.
704 2651 908 2698 πορεύεσθε]
933 2658 969 2694 -†-
992 2653 1026 2686 ἐν
1044 2652 1135 2686 Edd.
1155 2652 1264 2685 invito
1282 2652 1325 2684 A.
1455 2650 1486 2684 6.
1515 2650 1567 2684 καὶ
1585 2648 1754 2695 primurn]
1778 2654 1815 2690 -1-
1836 2649 1871 2684 ἐν

292 2700 351 2734 iid.
371 2701 488 2734 invitis
506 2700 598 2734 A.B.
1049 2709 1079 2744 7.
1106 2699 1222 2733 ἕδεσθε
1244 2698 1285 2732 Β.
1305 2697 1445 2732 ἑλέσθαι
1463 2697 1543 2741 (sic)
1560 2697 1604 2731 A.
1623 2697 1760 2731 ἕδεσθαι
1779 2696 1869 2731 Edd.

293 2748 326 2781 S.
357 2747 471 2793 φυλήν
497 2747 587 2781 A.B.
618 2747 732 2790 (Alex.
763 2746 864 2790 XII.)
892 2747 1006 2792 φυλάς
1034 2746 1071 2780 F.
1099 2745 1191 2779 Edd.
1222 2747 1336 2790 φυλῆς
1363 2744 1438 2789 (36.
1470 2744 1534 2788 al.)
1562 2744 1605 2777 cf.
1632 2744 1723 2777 infra
1749 2743 1809 2788 761
1839 2755 1871 2777 c.

294 2806 327 2839 9.
353 2795 436 2828 κατὰ
459 2796 561 2838 μόνας
580 2794 664 2828 B.F.
691 2795 876 2838 καταμόνας
893 2794 937 2828 A.
957 2793 1045 2838 (XII
1064 2794 1153 2837 mg.)
1172 2791 1247 2826 καθ’
1275 2792 1413 2827 ἑαυτοὺς
1437 2790 1528 2825 Edd.
1548 2789 1681 2836 (A.V.)
1746 2789 1871 2824 Statim

295 2842 429 2885 δρυμῶν
445 2842 489 2875 A.
508 2841 619 2885 (106.)
884 2852 935 2875 10.
962 2841 995 2873 αἱ
1014 2840 1109 2874 deest
1126 2840 1161 2873 in
1181 2839 1223 2873 B.
1509 2849 1561 2871 11.
1588 2837 1707 2882 ἐξόδου
1725 2837 1763 2871 F.
1783 2837 1869 2882 (49.)

295 2888 330 2921 ἐκ
347 2890 408 2932 γῆς
425 2900 487 2933 pro
505 2888 542 2931 ἐξ
559 2888 602 2922 A.
617 2887 711 2932 (XII
729 2899 801 2933 mg.
821 2899 875 2922 22.
894 2886 957 2932 al.)
977 2886 1020 2920 cf.
1038 2887 1128 2920 infra
1145 2886 1211 2931 469
1227 2898 1256 2919 a.
1403 2884 1456 2919 16.
1473 2899 1513 2931 γε
1530 2890 1751 2928 assumptum
1768 2895 1809 2917 ex
1825 2883 1870 2916 A.

300 2944 352 2978 17.
370 2934 644 2980 προσαγορεύσει
661 2935 705 2968 A.
884 2935 936 2968 18.
963 2932 1112 2978 ῥᾴθυμον
1128 2945 1191 2978 pro
1208 2932 1368 2977 ῥᾳθυμεῖν
1384 2932 1428 2966 A.
1611 2941 1667 2964 20.
1693 2927 1866 2976 φέροιντο]

295 2979 447 3024 φέρωντε
465 2981 715 3026 (εφέρωνται)
732 2981 776 3015 A.
937 2991 992 3025 23.
1018 2979 1036 3024 ἢ
1054 2986 1276 3026 assumptum
1294 2991 1335 3014 ex
1354 2979 1396 3013 B.
1555 2988 1611 3020 24.
1636 2975 1805 3023 ποὶμαινε]
1829 2980 1865 3017 -1-

296 3028 355 3062 τὸν
371 3027 414 3061 A.
435 3028 505 3072 (22.
524 3029 584 3071 al.)
648 3028 763 3073 φυλήν
781 3028 823 3062 A.
840 3028 954 3073 φυλάς
972 3027 1063 3062 Edd.
