2021 3434
229 725 276 760 23

250 1008 276 1048 d

255 1606 277 1632 e

71 2124 159 2154 Heb.
172 2124 191 2155 i.
207 2134 232 2155 1.

90 2174 143 2208 57
165 2173 216 2207 A.
255 2183 277 2206 a

72 2431 103 2461 S.
123 2431 221 2463 Joan.

72 2475 116 2506 iv.
134 2484 185 2514 35,
202 2474 232 2505 6.

295 225 350 264 80
696 228 744 266 B.
788 226 1063 266 CYRILLI
1102 226 1478 266 ALEXANDR.
1741 226 1780 266 ii.
1808 238 1872 279 23.

297 334 494 403 Ἰεσ-ράελ
537 335 828 402 ἑρμηνεύεται
864 336 1012 402 σπορὰ
1051 339 1181 398 Θεοῦ,
1229 339 1303 388 καὶ
1343 337 1480 388 τοῦτό
1517 339 1646 387 ἐστιν
1685 339 1710 387 ὁ
1747 337 1873 398 Υἱὸς,

297 418 360 469 ὡς
387 418 436 466 ἐκ
459 420 581 466 Θεοῦ
603 417 793 482 Πατρὸς
819 417 938 468 κατὰ
965 419 1114 487 φύσιν
1133 420 1208 469 καὶ
1235 418 1508 485 ἀποῤῥήτως
1528 418 1873 483 γεγεννημένος,

297 497 385 548 κᾶν
411 502 447 547 εἰ
473 503 671 549 λαλοῖτο
696 497 751 548 τὸ
776 504 976 565 πρᾶγμα
1002 504 1300 564 σωματικῶς.

299 716 373 757 Καὶ
416 717 563 773 σπερῶ
605 717 737 759 αὐτὴν
786 719 957 773 ἐμαυτῷ
998 720 1068 761 ἐπὶ
1110 725 1184 762 τῆς
1228 723 1315 771 sfic,
1360 720 1427 760 καὶ
1469 719 1638 760 {zm-:mm
1680 718 1756 759 τὴν
1800 717 1876 758 οὐκ

363 799 616 852 ἠλεΗμένΗν,
666 802 733 842 καὶ
772 802 860 859 ἐρῶ
908 805 969 856 τῷ
1011 803 1058 844 οὐ
1099 806 1192 857 λαῷ
1233 819 1312 852 μου
1359 803 1466 844 Λαόε
1506 817 1584 850 μου
1629 796 1666 841 εἷ
1708 803 1767 852 σύ,
1808 815 1875 841 και

363 884 491 926 αὐτὸς
528 883 617 941 ἐρεῖ
657 886 804 943 Κύριος
841 888 864 928 ὁ
902 888 1009 930 Θεόε
1046 904 1124 936 μου
1163 885 1201 929 εἶ
1237 891 1297 931 σύ.

369 1008 440 1061 Τὸ
484 1011 660 1082 ἐμαυτῷ
706 1012 762 1077 δὴ
812 1013 960 1065 πάλιν
1009 1013 1232 1079 συνήσεις
1283 1017 1438 1081 διχῶς.
1506 1015 1738 1079 ἀποφανῶ
1782 1011 1876 1079 γάρ

294 1097 447 1160 φησιν
490 1095 629 1144 οἱονεί
667 1118 768 1149 πως
807 1097 982 1161 εὐθαλῆ
1024 1120 1072 1148 τε
1117 1099 1193 1147 καὶ
1233 1097 1482 1163 ἔγκαρπον·
1530 1098 1678 1158 δῆλον
1718 1094 1766 1145 δὲ
1806 1094 1876 1145 ὅτι

292 1174 378 1238 τὴν
414 1179 508 1226 τῶν
542 1176 780 1229 Ἰουδαίων
819 1179 1123 1245 Συναγωγὴν,
1163 1178 1308 1230 οὐκέτι
1349 1178 1432 1229 τὸν
1470 1177 1738 1240 ἀβούλητον
1777 1179 1877 1240 ἐμοὶ

293 1261 686 1325 διαπεραίνουσαν
716 1260 873 1327 νόμον,
901 1264 1003 1314 οὕτε
1034 1262 1128 1328 μὴν
1158 1266 1552 1330 προσερηρεῖσθαι
1585 1266 1681 1315 τοῖς
1714 1261 1877 1316 τύποις

293 1342 445 1410 ἀπρὶξ
473 1343 723 1410 ᾑρημένην·
765 1344 898 1395 ἀλλὰ
934 1344 988 1396 τὸ
1028 1345 1097 1397 ὅτι
1134 1343 1349 1409 μάλιστα
1391 1348 1457 1413 τῷ
1497 1347 1605 1413 Θεῷ
1644 1343 1789 1412 φίλον
1826 1366 1875 1394 τε

294 1424 473 1486 δοκοῦν,
525 1426 601 1475 καὶ
651 1427 700 1476 εὖ
748 1426 868 1494 ἔχειν
919 1427 1275 1491 ὑπειλημμένον,
1328 1429 1584 1493 κατορθοῦν
1635 1425 1875 1490 ἑλομένην.

294 1506 460 1557 οὐκοῦν
499 1508 675 1577 ἐμαυτῷ
716 1510 999 1580 κατασπερῶ·
1040 1509 1123 1561 τὸν
1147 1509 1241 1575 γὰρ
1267 1508 1378 1572 ἐμὸν
1404 1507 1653 1577 εἰσδέξεται
1679 1506 1862 1575 σπόρον

293 1586 368 1637 ἵνα
406 1592 584 1652 νοῶμεν
620 1589 680 1641 τὰ
717 1591 996 1656 εῦαγγελικά
1034 1591 1354 1655 θεσπίσματα,
1389 1592 1463 1641 καὶ
1503 1589 1654 1641 οὐκέτι
1690 1588 1773 1641 τὸν
1802 1590 1877 1641 διὰ

296 1669 557 1734 Μωυσέως,
591 1671 712 1723 καθὰ
751 1675 826 1724 καὶ
861 1675 908 1724 ἐν
947 1676 1129 1741 ἀρχαῖς·
1170 1675 1440 1740 ἐγεωργεῖτο
1471 1671 1564 1738 γὰρ
1601 1670 1752 1723 πάλαι
1781 1676 1877 1727 τοῖς

291 1750 467 1807 τύποις.
535 1753 681 1820 ἤγουν
715 1753 769 1805 τὸ
809 1757 988 1826 ἐμαυτῷ
1031 1757 1106 1806 καὶ
1151 1757 1250 1806 καθ’
1295 1755 1449 1821 ἕτερον
1487 1752 1649 1822 ἐκδέξῃ
1683 1751 1872 1820 τρόπον.

291 1834 547 1900 αὐτουργὸς
583 1834 676 1902 γὰρ
715 1836 898 1900 ἔσομαι,
932 1840 1069 1907 φησὶ,
1103 1836 1223 1904 πρὸς
1254 1836 1340 1901 τὴν
1377 1837 1444 1888 ἐπ’
1480 1837 1596 1903 αὐτῇ
1635 1836 1875 1903 φροντίδα,

292 1917 367 1966 καὶ
401 1915 498 1967 οἷόν
531 1940 635 1968 τινα
668 1920 758 1983 γῆν
791 1917 931 1970 πίονά
963 1941 1011 1970 τε
1044 1921 1118 1970 καὶ
1153 1917 1385 1985 εῦήροτον,
1412 1919 1465 1969 οὐ
1491 1919 1545 1968 δι’
1574 1918 1729 1984 ἐτέρου
1753 1918 1877 1973 τινὸς

292 1998 401 2048 ἀλλ’
435 2000 633 2063 ἐμαυτοῦ
672 2000 958 2070 κατάσπερῶ.
1023 2000 1260 2065 λελάληκε
1298 1999 1392 2066 γὰρ
1430 2000 1539 2064 ἡμῖν
1578 2000 1602 2050 ὁ
1642 1999 1763 2055 Θεὸς
1800 2003 1877 2052 καὶ

296 2079 464 2147 Πατὴρ
503 2082 550 2131 ἐν
591 2084 705 2151 Υὶῷ·
755 2082 903 2132 καίτοι
951 2088 1048 2137 τοῖς
1096 2082 1248 2133 πάλαι
1288 2081 1511 2146 λαλήσας
1562 2079 1638 2132 διὰ
1685 2087 1873 2152 προφη-

292 2167 387 2214 τῶν
429 2163 576 2228 ἁγίων
624 2170 650 2193 ‘⁶
669 2169 947 2230 πολυμερῶς
989 2188 1038 2215 τε
1089 2165 1164 2214 καὶ
1212 2163 1565 2230 πολυτρόπως.”
1631 2163 1781 2228 ληίοις
1830 2163 1877 2216 δὲ

292 2243 550 2312 παρεικάζει
588 2250 683 2298 τοῖς
713 2246 761 2296 ἐν
799 2247 930 2314 ἀγρῷ
965 2248 1040 2297 καὶ
1073 2245 1210 2300 αὐτὸς
1243 2247 1267 2296 ὁ
1295 2245 1462 2312 Σωτὴρ
1499 2243 1585 2310 τὴν
1618 2245 1877 2313 ἀμέτρητον

292 2332 387 2378 τῶν
437 2326 816 2379 πεπιστευκότων
866 2328 1067 2393 πληθύν.
1156 2329 1232 2379 καὶ
1279 2333 1396 2393 γοῦν
1445 2328 1535 2396 ἔφη
1583 2332 1679 2382 τοῖς
1729 2327 1878 2395 ἁγίοις

293 2412 595 2476 ἀποστόλοις,
630 2420 657 2442 “
674 2413 783 2481 Οὐχ
823 2414 946 2477 ὑμεῖς
990 2414 1162 2479 λε’γετε,
1205 2413 1275 2464 ὅτι
1316 2412 1599 2479 τετράμηνός
1641 2414 1756 2476 ἐστι,
1801 2416 1877 2465 καὶ

295 2501 323 2523 “
343 2496 367 2544 ὁ
393 2493 617 2561 θερισμὸς
642 2495 848 2563 ἐρχεται;
890 2493 988 2546 ἰδοῦ
1015 2495 1141 2560 λέγω
1168 2497 1274 2559 ὑμῖν
1292 2495 1531 2562 Ἐπάρατε
1557 2494 1664 2550 τοὺς
1689 2497 1874 2566 ὀφθαλ-

295 2582 321 2604 “
345 2575 460 2639 μους
505 2579 633 2640 ὑμῶν
675 2579 750 2628 καὶ
793 2575 1035 2629 θεάσασθε
1080 2576 1164 2631 τὰς
1209 2576 1376 2646 χώρας,
1431 2577 1500 2629 ὅτι
1549 2579 1715 2629 λευκαί
1758 2583 1877 2630 εἰσιν

345 2755 375 2778 1.
401 2744 479 2778 θεοῦ
497 2747 611 2790 σπορὰ
627 2746 764 2781 inverso
782 2747 904 2782 ordine
922 2747 969 2781 D.
1019 2747 1094 2782 ἐστι
1111 2748 1148 2782 τὸ
1168 2747 1255 2793 (Sic)
1274 2747 1366 2782 Edd.
1515 2759 1544 2782 2.
1571 2747 1808 2793 γεγεννημένος
1826 2748 1873 2783 D.

296 2790 476 2824 Edebatur
491 2793 719 2836 γεγενηιιένος.
863 2805 896 2840 3.
923 2793 982 2828 κᾶν
1000 2795 1046 2829 D.
1061 2809 1114 2828 και
1133 2795 1223 2829 Edd.
1273 2794 1432 2840 λαλοῖτο]
1449 2796 1585 2828 καλοιτο
1606 2794 1696 2829 Edd.
1749 2795 1875 2830 Statim

295 2837 333 2870 τὸ
352 2845 572 2881 assumptum
604 2851 645 2872 ex
666 2839 706 2873 B.
714 2841 759 2873 D.
972 2854 1005 2884 4.
1032 2841 1166 2885 ε’λεήσω
1183 2842 1242 2886 τὴν
1255 2843 1313 2875 οὐκ
1331 2841 1514 2885 ἠλεημενην
1534 2842 1578 2876 D.
1585 2841 1621 2875 F.
1643 2840 1732 2875 Edd.
1752 2841 1871 2886 (Alex.

295 2883 381 2917 XII.
386 2883 438 2927 )'
420 2884 585 2928 αγαπὴσω
602 2886 661 2928 τὴν
678 2887 736 2920 οἰκ
753 2885 967 2932 ἠγαπημενην
986 2888 1028 2922 Β.
1047 2888 1103 2946 (ἒ
1102 2895 1146 2922 at.
1151 2888 1167 2932 )
1186 2889 1246 2922 sed
1266 2889 1308 2923 cf.
1326 2889 1439 2922 infla
1431 2898 1473 2933 57
1494 2888 1529 2922 b.
1705 2889 1738 2923 8.
1764 2889 1874 2933 φησιν

295 2936 374 2974 post
390 2944 459 2964 πως
477 2937 607 2974 transp.
627 2932 674 2966 D.
725 2933 851 2968 Statim
868 2936 968 2968 οἱονεί
987 2935 1032 2969 D.
1051 2937 1122 2969 οἱόν
1141 2935 1231 2969 Edd.
1281 2938 1445 2979 εὔκαρπον
1465 2935 1509 2968 D.
1666 2946 1719 2969 10.
1744 2949 1872 2979 προσε-

293 2976 426 3020 ρεῖσθαι
446 2976 533 3020 (Sic)
554 2977 890 3015 Eds].11
914 2981 1081 3026 ᾑρημένην
1099 2982 1141 3015 Β.
1158 2981 1342 3026 ᾑρημένους
1359 2982 1417 3016 iid.
1436 2980 1612 3026 ᾑρημένοις
1627 2981 1673 3015 D.
1724 2983 1777 3015 καὶ
1794 2988 1873 3027 post

293 3038 328 3057 τε
348 3022 427 3057 add.
450 3024 493 3057 D.
641 3036 692 3059 12.
717 3027 857 3070 ελομένο
849 3043 889 3063 ις
908 3028 954 3063 D.
1102 3030 1154 3063 18.
1178 3028 1230 3063 οἵά
1251 3029 1295 3063 D.
1442 3040 1495 3074 1.9
1522 3029 1651 3074 ἐμαυτῷ
1671 3028 1716 3062 D.

1867 800 1873 812 “
1896 806 1917 844 5

1898 1289 1945 1314 10

1899 1691 1944 1730 15
1992 1682 2014 1736 ἶ,

1897 2109 1946 2134 20
1991 2091 2010 2114 ἶ.
