2021 3434
92 218 116 260 i.
140 232 177 274 3.
566 219 638 259 IN
679 218 918 260 OSEAM.
978 218 1130 265 TOM.
1172 218 1208 258 I.
1613 221 1664 260 21

89 331 318 398 γεγονότα
341 331 555 400 σχήματι
586 332 968 397 καταμωμήσαιτ’
997 332 1056 383 ἄν
1086 354 1155 385 τις
1188 328 1322 384 εὐθὺς
1359 331 1421 383 ὡς
1461 330 1668 394 ἄσεμνον

89 416 165 465 καὶ
203 414 488 484 ἐξεστηκότα
532 417 607 466 καὶ
651 413 738 479 τὴν
782 416 931 481 φρένα
968 411 1397 481 παρενηνεγμένονς
1449 414 1524 463 καὶ
1568 417 1706 466 πῶςᾶ
1748 425 1795 458 15
1817 423 1867 457 A·

89 502 226 547 τοῦτο
258 498 546 567 ἀμφίβολον,
574 497 699 564 ε’ίπερ
733 499 862 548 ἐστὶν
898 498 1086 548 ἐπαίνου
1119 494 1312 559 μεστὸν,
1335 494 1389 546 τὸ
1421 496 1469 546 ἐν
1501 493 1667 565 κόσμῳ

89 584 155 647 τῷ
193 580 442 644 καθήκοντι
482 580 638 631 πάντα
679 578 971 645 πράττεσθαι
1008 577 1128 645 πρὸς
1166 578 1327 642 ἡμῶνς
1366 579 1507 629 Ἀλλ’
1540 579 1666 644 ἐρεῖς,

49 677 70 714 5
91 659 161 711 ὅτι
184 665 279 714 τοῖς
306 661 441 715 θείοις
467 661 661 714 εἴκοντες
688 660 926 724 νεύμασιν,
953 661 1099 726 ε”δρων
1118 659 1177 710 τὰ
1203 659 1357 710 τοιάδε
1382 659 1665 724 τοτηνικοίδε.

89 743 138 792 τί
175 741 237 805 δὲ,
280 743 382 794 εἶπέ
416 766 508 807 μοι,
548 747 737 810 φρονεῖν
777 742 911 811 ἄξιον
954 744 1060 807 περὶ
1102 747 1185 792 τοῦ
1226 743 1455 806 μακαρίου
1486 743 1664 807 Ὠσηές

90 823 182 891 ἀρα
233 824 324 892 γὰρ
368 825 654 888 αὐτόκλητος
698 822 816 890 πρὸς
864 829 1063 889 γυναῖκα
1112 823 1293 889 πόρνην
1342 823 1537 891 ἔρχεται,
1590 827 1666 875 καὶ

89 912 284 958 ποιεῖται
313 905 530 957 σύνοικον
563 905 649 970 τὴν
684 907 829 960 οὕτως
863 904 1081 973 αἰσχρὰν,
1109 903 1138 969 ἢ
1163 904 1507 972 προστέτακται
1536 905 1666 971 παρὰ

90 992 245 1049 Θεοῦ;
288 987 556 1052 τεθαύμακα
593 986 643 1038 δὲ
681 987 813 1039 οὐδὲν
850 988 991 1053 ἧττον
1021 989 1164 1039 ἐκεῖνο
1195 992 1278 1038 τοῦ
1309 987 1665 1039 κατασκώπτειν
1682 995 1708 1036 b

24 1092 70 1116 10
89 1070 329 1123 ἐθέλοντος
370 1069 429 1120 τὰ
472 1071 542 1121 ἐπ’
587 1071 711 1139 αὐτῷ
751 1070 1067 1137 γεγραμμένα,
1112 1071 1188 1120 καὶ
1232 1072 1314 1132 τῆς
1359 1069 1568 1135 ἱστορίας
1610 1070 1664 1120 τὸ

86 1151 277 1218 ἀτερπὲς
347 1152 584 1218 διασύρειν
648 1151 1088 1216 ἀποτολμήσαντος.
1184 1153 1387 1218 ἀναιρῶν
1449 1150 1543 1218 γὰρ
1608 1150 1663 1203 τὸ

84 1236 242 1301 χρῆμα
280 1232 355 1284 διὰ
392 1233 446 1285 τὸ
485 1234 676 1298 ἄτοπον,
703 1233 1096 1302 διϊσχυριζόμενός
1125 1257 1175 1285 τε
1209 1236 1282 1284 καὶ
1313 1233 1446 1297 μάλα
1477 1238 1662 1303 σαφῶς,

85 1318 146 1369 ὡς
187 1316 239 1366 οὐ
276 1314 426 1384 πόρνῃ
464 1319 644 1382 γυναικὶ
683 1317 1009 1380 κεκοινώνηκεν
1051 1318 1076 1367 ὁ
1116 1315 1382 1386 προφήτης,
1429 1317 1540 1367 ἀλλ’
1582 1318 1657 1368 ε’κ-

83 1399 428 1467 πορνευσοίσαις
472 1405 649 1469 ψυχαῖς
687 1402 711 1452 ὁ
750 1405 869 1455 θεῖος
907 1401 1007 1452 ἔσθ’
1049 1400 1124 1452 ὅτε
1166 1399 1455 1452 συνάπτεται
1493 1400 1663 1468 Λόγος,

21 1501 65 1539 15
85 1483 138 1533 οὐ
176 1482 360 1547 νενόηκε
397 1482 516 1534 κατὰ
552 1483 606 1534 τὸ
645 1482 776 1545 εἰκὸς,
816 1484 895 1553 οἵῳ
933 1483 1282 1550 περιπέπτωκεν
1318 1485 1464 1553 ὕθλῳ.
1536 1507 1659 1548 σεμ-

83 1564 270 1632 νότερον
292 1564 397 1632 γὰρ,
423 1567 485 1620 ὡς
516 1565 643 1629 ἔοικε,
670 1565 753 1617 τὸν
777 1566 1029 1635 προφήτην
1055 1564 1167 1617 εἶναι
1192 1572 1309 1632 γοῦν
1333 1568 1555 1628 βούλεται
1580 1572 1662 1618 τοῦ

83 1649 312 1714 παναγίου
370 1652 509 1700 Θεοῦ.
589 1647 618 1713 ὴ
657 1648 749 1716 γὰρ
788 1650 871 1699 οὐκ
914 1651 963 1700 ἐν
1007 1649 1098 1719 ’ίσερ
1145 1647 1276 1719 λόγῳ
1318 1650 1434 1718 φαίη
1478 1671 1547 1702 τις
1591 1647 1662 1712 ἂν,

83 1731 184 1782 εἰπέ
203 1754 294 1794 μοι,
322 1733 397 1782 καὶ
421 1730 474 1782 τὸ
500 1735 684 1800 πονηρᾷ
707 1733 888 1796 γυναικὶ
919 1731 1002 1785 τὸν
1031 1730 1283 1799 προφήτην
1321 1730 1660 1793 συνάπτεσθαι,

84 1816 159 1863 καὶ
208 1812 262 1864 τὸ
303 1813 553 1883 ἀκαθάρτῳ
595 1817 733 1883 ψυχῇ
779 1819 1011 1866 κοινωνεῖν
1051 1814 1246 1865 ἑλέσθαι
1288 1813 1370 1865 τὸν
1409 1819 1492 1864 τοῦ
1537 1816 1700 1864 Θεοῦο

18 1917 65 1941 20
85 1895 275 1961 Λόγον;
329 1897 437 1946 ἀλλ’
476 1894 602 1960 οἶμαι
641 1896 695 1948 τὸ
730 1895 910 1965 μεταξὺ
948 1901 1192 1950 παντελῶς
1229 1895 1374 1947 οὐδέν.
1439 1894 1468 1960 ἢ
1507 1895 1661 1947 τοίνυν

83 1977 485 2045 συναναιρούντων
534 1979 687 2048 ἐκείνῳ
738 1980 813 2029 καὶ
864 1985 1001 2030 τοῦτο
1051 1977 1126 2029 διὰ
1174 1976 1228 2029 τὸ
1277 1978 1467 2041 ἄτοπον,
1517 1978 1661 2043 ἤγουν

82 2061 302 2130 ἐφιέντων
347 2058 543 2112 κατόπιν
585 2064 668 2125 τῆς
721 2063 844 2115 θείας
891 2064 1071 2125 βουλῆς
1113 2061 1336 2129 ἔρχεσθαι
1380 2060 1439 2111 τὰ
1481 2059 1659 2126 ἀνθρώ-

82 2166 208 2194 πινα.
275 2146 442 2210 χρῆναι
477 2142 525 2194 δὲ
560 2142 686 2208 οἶμαι
723 2145 803 2194 καί
830 2167 874 2195 τι
905 2149 999 2194 τῶν
1031 2145 1346 2210 εὐαγγελικῶν
1383 2146 1658 2208 παραθεῖναι

82 2226 386 2291 γραμμάτων.
484 2226 798 2290 συνανεκλίθη
859 2226 1083 2279 τελώναις
1148 2227 1224 2276 καὶ
1287 2227 1581 2291 ἁμαρτωλοῖς
1634 2224 1659 2273 ὁ

17 2327 64 2365 25
86 2308 256 2373 Κύριος
293 2308 425 2372 ἡμῶν
448 2309 634 2372 Ἰησοῦς
672 2309 697 2358 ὁ
734 2307 961 2375 Χριστὸς,
998 2307 1110 2358 ἀλλ’
1142 2310 1396 2376 ἐπῃτιῶντο
1433 2305 1580 2357 πάλιν
1619 2308 1661 2355 οἱ

84 2389 460 2457 φιλεγκλήμονες
487 2393 751 2457 Φαρισαῖοι,
785 2392 861 2441 καὶ
894 2396 991 2444 τοῖς
1025 2391 1172 2456 ἁγίοις
1202 2389 1479 2456 προσήεσαν
1509 2392 1660 2452 μαθη-

82 2476 182 2525 ταῖς
225 2471 507 2540 ἀναφανδὸν,
551 2473 767 2539 λέγοντες
811 2474 1000 2523 “Acon-l
1038 2471 1156 2536 μετὰ
1198 2471 1457 2537 ἀνθρώπων
1500 2471 1654 2537 ἁμαρ·
1719 2482 1880 2513 &Matth-

85 2561 112 2583 ‘⁶
135 2558 303 2604 τωλῶν
350 2555 375 2604 ὁ
426 2554 712 2609 διδάσκαλος
766 2557 895 2621 ὑμῶν
944 2555 1089 2605 ἐσθίει
1139 2555 1213 2604 καὶ
1257 2554 1376 2604 πίνει
1389 2554 1432 2616 ;''
1483 2553 1533 2603 τί
1577 2553 1701 2608 οῧνᾱ

81 2634 199 2702 πρὸς
249 2641 395 2686 ταῦτα
439 2637 464 2685 ὁ
506 2637 747 2702 Χριστόςς
802 2645 828 2666 “
846 2638 921 2688 Οὐ
965 2636 1138 2704 χρείαν,
1181 2637 1346 2702 φησὶν,
1387 2635 1578 2703 ε”χουσιν
1616 2639 1658 2686 οὶ

15 2743 65 2779 30
83 2724 111 2747 “
138 2717 381 2785 ἰσχύοντες
421 2721 605 2785 ἰατρῶν,
643 2718 752 2770 ἀλλ’
784 2723 825 2770 οἱ
865 2723 1016 2772 κακῶς
1054 2717 1281 2785 ἐ’χοντες.”
1347 2718 1418 2768 ὁτι
1454 2716 1540 2781 μὲν
1578 2718 1659 2768 οὖν

84 2801 158 2850 καὶ
187 2799 572 2865 μεμολυσμένους
597 2803 672 2851 καὶ
698 2800 1042 2865 ἐκνενιμμένους
1073 2801 1201 2851 οὔπω
1232 2799 1316 2864 τὴν
1351 2801 1582 2867 ἁμαρτίαν
1606 2801 1664 2869 ἐξ

133 2942 165 2967 2.
192 2932 245 2966 καὶ
261 2932 403 2967 tertium
420 2938 641 2978 assumptum
659 2945 700 2967 ex
719 2933 761 2966 B.
907 2944 939 2978 9.
966 2933 1071 2967 ἐκεῖνο
1089 2933 1233 2968 accessit
1249 2946 1291 2968 ex
1310 2933 1353 2968 B.
1500 2933 1552 2967 16.
1577 2934 1660 2978 γοῦν

87 2990 156 3014 om.
176 2979 218 3013 B.
434 2990 486 3025 17.
511 2981 681 3026 πανάγνου
698 2979 790 3014 Edd.
998 2981 1051 3014 18.
1079 2979 1175 3016 Haec
1192 2982 1245 3016 καὶ
1262 2982 1300 3016 τὸ
1318 2987 1538 3016 accesserunt
1554 2992 1596 3014 ex
1616 2980 1657 3013 B.

89 3034 143 3068 25.
169 3027 187 3060 ὁ
204 3026 347 3062 accessit
364 3038 404 3060 ex
426 3026 464 3060 B.
711 3026 765 3061 26.
790 3027 980 3071 προσίεσαν
998 3026 1089 3062 Edd.

1718 2526 1878 2562 ix.11,12.
