2021 3434
141 181 195 222 iv.
219 182 257 222 6.
625 185 698 225 IN
739 185 936 226 AMOS.
997 184 1147 225 TOM.
1179 184 1240 225 ΙΙ.
1638 183 1721 222 443

139 294 345 346 εἰδώλων
389 296 598 359 τεμένεσι
640 297 756 348 κατὰ
801 296 984 364 καιροὺς
1030 295 1316 362 ὡρισμένους
1367 296 1441 345 καὶ
1489 293 1723 355 πλείστην

138 376 259 441 ὅσην
293 378 531 430 ἐποιοῦντο
566 379 650 444 τὴν
688 379 962 446 ἐπιτήρησιν
988 383 1082 429 τῶν
1107 378 1164 447 ἐξ
1195 377 1325 431 ε”θους
1359 377 1512 429 αὐτοῖς
1536 376 1720 441 ἑορτῶν.

137 457 283 523 ἤγουν
321 461 464 512 ἐκεῖνό
508 465 672 529 φησιν,
715 461 784 512 ὅτι
826 460 885 512 τὰ
923 465 984 515 εἷς
1023 460 1167 530 δόξαν
1205 459 1319 524 ἐμὴν
1356 457 1720 520 τεθεσπισμένα,

136 545 232 594 τοῖς
273 541 364 611 ἔξω
402 544 649 606 τεθείκασι,
692 546 766 594 καὶ
811 543 894 594 τὸν
937 542 1048 604 ἐμὸν
1091 547 1187 596 τοῖς
1235 542 1443 595 εἰδώλοις
1494 540 1723 591 ἀνέθεσαν

96 620 295 686 5νόμον,
339 625 491 678 αὐτοῖς
535 626 846 693 ἀναφεροντες
896 624 980 678 τὰς
1031 623 1150 675 κατὰ
1190 622 1302 694 πρωῖ
1345 623 1511 685 θυσίας,
1562 624 1636 672 καὶ
1675 624 1723 672 ἐν

136 709 237 759 ταῖς
271 710 530 776 τριημερίαις
568 707 856 761 ἀνατιθέντες
894 706 954 758 τα
992 704 1245 758 ἐπιθέκατα
1284 707 1454 758 αὐτοῖς.
1524 710 1602 756 καὶ
1640 705 1721 755 ἐπ-

138 785 409 839 εκαλέσαντο
437 791 699 856 ὁμολογίας.
759 793 833 840 καὶ
860 788 914 840 τὸ
940 788 1025 853 μὲν
1050 788 1382 840 ἐπεκαλέσαντο
1417 786 1486 837 ὅτι
1517 786 1721 855 ηὔξαντο
1740 804 1762 830 θ

137 871 286 934 δηλοῖ,
337 871 580 921 τουτέστιν
630 871 908 939 ὑπέσχοντο·
968 873 1208 939 ὁμολογίαι
1257 869 1311 920 δέ
1353 873 1444 919 εἱσι
1494 866 1553 918 τὰ
1603 867 1720 918 κατὰ

137 950 279 1016 νόμον
305 952 509 1014 ἑκούσια,
536 955 610 1004 καὶ
643 951 761 1019 ἅπερ
796 951 855 1004 ἄν
888 976 957 1006 τις
991 953 1237 1016 ἐθελοντὴς
1262 949 1570 1017 προσκομίᾷνι
1598 953 1719 1019 Θεῷ.

72 1053 118 1079 10
136 1031 235 1085 εἶτα
267 1039 363 1088 τοῖς
397 1038 596 1102 ἱερεῦσιν
632 1038 858 1104 ἐπιφωνεῖ
891 1034 944 1087 τὸ
983 1036 1317 1101 ἀπαγγείλατε
1356 1035 1432 1084 καὶ
1470 1033 1721 1099 διαμαρτύ-

134 1120 301 1183 ρασθε,
335 1117 396 1168 ’ὅτι
436 1120 583 1170 ταῦτα
618 1118 861 1184 ἠγάπησαν
898 1124 932 1170 οἱ
971 1124 1046 1169 υἱοὶ
1084 1115 1279 1186 Ἰσραὴλ,
1318 1115 1580 1177 τουτέστιν,
1620 1115 1722 1182 οὐχὶ

135 1197 279 1261 μόνον
316 1199 525 1269 εἰσάπαξ
555 1199 889 1265 τετολμήκασι,
926 1198 1057 1251 ἀλλὰ
1092 1201 1167 1250 καὶ
1205 1198 1461 1265 ἠγάπησαν,
1500 1198 1559 1248 τὰ
1597 1201 1722 1248 Θεοῦ

137 1281 356 1345 δηλονότι
380 1282 700 1348 μεμισηκότες.
766 1286 837 1334 δεῖ
870 1282 963 1349 γὰρ
998 1280 1112 1333 εἶναι
1150 1279 1483 1347 μονοτρόπους.
1549 1279 1603 1331 τὸ
1629 1278 1721 1346 γάρ

135 1386 207 1414 τοι
242 1364 477 1432 χωλεύειν,
514 1368 590 1416 καὶ
627 1366 696 1417 ἐπ’
733 1365 879 1434 ἄμφω
912 1365 1090 1426 βαίνειν
1122 1365 1405 1430 ἐπείγεσθαι,
1439 1361 1630 1427 πολλὴν
1664 1361 1762 1413 ἂνει
1795 1377 1876 1411 291
1893 1376 1943 1410 Α.

72 1461 117 1499 15
138 1446 235 1514 ε”χοι
265 1446 394 1513 παρὰ
421 1451 530 1517 Θεῷ
554 1447 639 1513 τὴν
672 1446 924 1512 καταβοὴν,
951 1449 1026 1498 καὶ
1061 1445 1351 1513 μαρτυρήσει
1389 1445 1546 1510 λέγων
1583 1443 1721 1498 αὐτὸς

313 1528 325 1544 Ι

136 1530 162 1578 ὁ
189 1533 357 1596 Σωτηρ
383 1536 411 1559 “
431 1531 599 1584 Οὐδεὶς
622 1530 812 1581 δύναται
847 1531 956 1581 δυσὶ
982 1530 1152 1596 κυρίοις
1183 1528 1429 1580 δουλεύειν·
1466 1526 1494 1591 ἦ
1520 1526 1614 1593 γὰρ
1638 1525 1722 1578 τὸν
1782 1533 1943 1616 &Matth-

137 1617 165 1640 ‘⁶
189 1611 269 1662 ἕνα
312 1612 509 1677 μισήσει
555 1615 630 1663 καὶ
670 1610 752 1664 τὸν
791 1611 948 1679 ἕτερον
987 1611 1237 1677 ἀγαπήσει·
1278 1608 1307 1675 ὴ
1344 1608 1444 1664 ἑνὸς
1482 1609 1721 1678 ἀνθέξεται

136 1700 164 1723 “
191 1696 264 1744 καὶ
302 1700 385 1745 τοῦ
423 1694 578 1761 ἑτέρου
612 1694 1008 1763 καταφρονήσει.”
1073 1692 1387 1761 παγχάλεπον
1419 1692 1466 1742 δὲ
1504 1692 1557 1743 τὸ
1597 1694 1715 1744 ἀπο-

136 1780 325 1827 πλανᾶν
363 1775 551 1842 ἑτέρωθι
598 1776 658 1829 τὰ
702 1782 762 1832 εἰς
809 1776 955 1846 δόξαν
1001 1781 1140 1840 Θεοῦ,
1184 1778 1259 1827 καὶ
1304 1778 1386 1839 τῆς
1435 1775 1559 1843 αὐτῷ
1600 1797 1714 1840 πρε-

71 1880 120 1905 20
136 1858 321 1924 πούσης
364 1863 499 1924 τιμῆς
541 1860 703 1929 ἀξιοῦν
745 1860 942 1926 ἑτερους.
1014 1859 1106 1910 ἰ’δια
1149 1857 1242 1925 γὰρ
1287 1859 1361 1908 καὶ
1405 1857 1618 1926 ἐξαίρετα
1661 1857 1720 1908 τὰ

139 1945 280 2004 Θεοῦ,
308 1942 477 2009 πρέποι
510 1944 553 1993 δ’
580 1942 636 1994 ἂν
672 1944 758 2011 οὐχ
793 1942 932 2013 ἑτέρῳ
966 1965 1032 2012 τῳ
1071 1945 1276 2006 μᾶλλον,
1315 1940 1446 2004 πλὴν
1484 1941 1608 2009 αὐτῷ
1646 1943 1720 1991 καὶ

137 2023 282 2094 μόνῳ.

142 2204 217 2246 Καὶ
252 2204 338 2253 esd)
375 2204 504 2247 δώσω
538 2203 632 2254 ὑμῖν
664 2207 931 2263 Γομφιασμὸν
958 2206 1148 2249 ὀδόντων
1175 2207 1219 2248 ὲν
1245 2207 1400 2248 noiomo
1429 2202 1522 2247 ταῖς
1546 2206 1720 2248 Πόλεσιν
1741 2209 1767 2245 6

205 2290 337 2341 ὑμῶν,
365 2290 432 2331 καὶ
469 2290 636 2333 ἔνδειαν
673 2291 815 2349 ἄρτων
850 2292 894 2334 ὲν
928 2295 1031 2334 mim
1068 2290 1156 2333 τοῖς
1193 2293 1339 2334 τόποις
1376 2292 1506 2342 ὑμῶν,
1541 2291 1609 2333 καὶ
1645 2289 1767 2335 οὐκὶ)

190 2448 217 2471 1.
245 2436 452 2482 ὡρισμένους
468 2440 691 2483 assumptum
710 2450 751 2472 ex
771 2437 850 2472 B.b.
870 2437 1058 2482 ὡρισμένας
1074 2439 1116 2472 Α.
1505 2448 1537 2472 2.
1563 2438 1671 2471 αὐτῶν
1687 2437 1722 2472 b.

138 2495 173 2529 3.
199 2483 250 2518 ὅτι
268 2491 489 2530 assumptum
508 2497 549 2519 ex
567 2485 648 2520 A.b.
754 2497 787 2528 4.
813 2485 1045 2519 ἀνατεθείκασι
1063 2497 1125 2529 pro
1142 2484 1211 2519 τεθ,
1232 2484 1274 2518 Β.
1386 2494 1419 2528 5.
1446 2485 1525 2518 ναὸν
1542 2496 1605 2529 pro
1622 2486 1723 2529 νόμον

140 2538 173 2565 et
189 2531 336 2576 πατρίδα
353 2543 415 2576 pro
431 2530 522 2575 πρωῒ
538 2531 630 2566 Edd.
648 2532 928 2577 repugnantibus
946 2531 1037 2565 A.B.
1050 2531 1084 2565 b.
1379 2532 1412 2565 6.
1437 2531 1660 2577 τριημερείαις
1678 2531 1723 2566 Β.

139 2583 179 2612 ut
197 2590 315 2623 supra.
366 2577 489 2612 Statim
508 2578 683 2614 ἀναθέντες
700 2578 735 2612 b.
753 2579 861 2612 invito
878 2579 923 2612 A.
972 2579 1081 2612 αὐτῶν
1095 2578 1129 2613 b.
1590 2587 1622 2624 7.
1641 2580 1722 2621 ὁμο-

139 2625 260 2669 λογίαν
279 2624 369 2660 Edd.
386 2625 665 2671 repugnantibus
682 2625 774 2659 A.B.
789 2625 824 2659 b.
888 2625 1013 2659 Statim
1031 2626 1083 2658 καὶ
1109 2632 1332 2669 assumptum
1349 2636 1391 2659 ex
1408 2624 1500 2659 A.B.
1514 2624 1550 2659 b.
1608 2624 1658 2660 ὅτι
1676 2626 1721 2660 Α.

140 2671 234 2706 Edd.
252 2673 289 2706 τὸ
308 2672 342 2706 b.
766 2684 799 2716 9.
825 2672 879 2705 καὶ
900 2679 1122 2717 assumptum
1141 2684 1182 2706 ex
1200 2671 1291 2705 A.B.
1306 2671 1341 2706 b.
1390 2672 1611 2716 προσκομίζοι
1630 2672 1720 2707 B.b.

139 2719 361 2762 προσκομίζει
377 2719 422 2752 A.
442 2718 534 2752 Edd.
900 2729 952 2753 11.
972 2719 1002 2752 οἱ
1020 2724 1241 2764 assumptum
1259 2730 1301 2752 ex
1317 2718 1409 2753 A.B.
1427 2720 1458 2752 οἱ
1476 2731 1547 2753 non
1564 2719 1669 2753 habet
1685 2719 1720 2754 b.

141 2764 332 2810 τουτέστιν]
357 2770 390 2805 -†-
415 2765 466 2799 ὅτι
484 2764 576 2799 Edd.
594 2765 713 2799 invitis
730 2764 821 2798 A.B.
834 2765 869 2799 b.
1171 2777 1224 2811 13.
1250 2766 1421 2811 τοιγάρτοι
1438 2766 1482 2800 Α.
1534 2765 1659 2800 Statim
1676 2767 1721 2811 μὴ

139 2811 221 2846 add.
240 2811 332 2845 Edd.
350 2811 627 2856 repugnantibus
646 2812 736 2846 A.B.
950 2823 1003 2854 14.
1027 2812 1204 2857 χωλαίνειν
1224 2811 1265 2846 Β.
1481 2822 1534 2858 15.
1560 2813 1723 2858 κατακοὴν

142 2858 233 2893 Edd.
282 2861 443 2904 μαρτυρεῖ
461 2858 519 2892 iid.
568 2859 680 2894 αὐτοῖς
697 2858 786 2903 (sic)
804 2859 848 2892 A.
1208 2860 1331 2894 16-18.
1359 2859 1456 2894 Haec
1473 2859 1491 2903 ἢ
1509 2860 1721 2904 γὰρ--κατα-

140 2904 309 2950 φρονήσει
327 2911 548 2940 accesserunt
564 2917 606 2939 ex
624 2906 667 2939 A.
687 2905 814 2939 desunt
830 2905 864 2938 in
886 2905 928 2939 B.
980 2905 1063 2940 Post
1088 2905 1270 2946 δουλεύειν,
1289 2905 1424 2940 addunt
1448 2907 1501 2940 καὶ
1526 2907 1603 2951 ἑξῆς
1629 2907 1721 2942 Edd.

145 2954 197 2987 18.
224 2952 422 2987 ἀποπλανᾶν
439 2964 509 2986 om.
532 2952 571 2986 Β.
593 2953 718 2987 lacuna
735 2958 884 2998 patente.
1064 2965 1116 2998 19.
1142 2953 1281 2998 ἑτέρωθι
1302 2953 1343 2987 Β.
1361 2953 1482 2998 ἑτέρως
1498 2954 1542 2988 A.
1561 2954 1722 2995 ἑτέρωθεν

142 2998 234 3034 Edd.
333 3010 387 3033 20.
414 3001 473 3033 τοῦ
492 3011 554 3044 pro
571 2999 611 3033 τὰ
631 2999 722 3034 Edd.
815 3010 868 3044 23.
897 2999 996 3045 Κάγὼ
1017 3000 1107 3034 Edd.
1206 3012 1260 3043 24.
1287 3002 1372 3035 πᾶσι
1389 3013 1458 3035 om.
1479 3000 1570 3036 Edd.
1590 3000 1701 3046 (Co.)-

877 3068 994 3109 31.2
