2021 3434
107 1291 190 1325 263
204 1289 256 1325 Α.

103 1680 193 1711 Acta
206 1679 263 1711 SS.

104 1725 170 1764 Ap.
189 1734 244 1754 xx.

105 1776 156 1805 30.

104 1810 198 1841 Hier.

103 1854 193 1884 xxiii.
215 1852 262 1885 16.

108 1906 120 1927 1
140 1898 214 1928 Cor.

104 1941 159 1972 xii.
176 1950 205 1980 3.

106 2252 204 2302 Κεφ.
222 2249 277 2300 β’.

326 189 408 228 396
714 191 761 229 Β.
806 191 1085 231 CYRILLI
1136 191 1515 232 ALEXANDR.
1735 191 1777 232 ii.
1804 204 1894 245 1—3.

325 301 620 361 καταμειδιᾶν
662 299 940 362 ἀπετόλμων
983 305 1065 350 τοῦ
1104 300 1475 367 προασπίζοντος
1515 304 1652 363 Θεοῦ,
1691 302 1765 351 καὶ
1801 303 1895 352 τοῖς

327 379 647 446 ψευδωνύμως
685 385 803 434 θεοῖς
837 383 1042 445 ἀνῆπτον
1073 381 1131 433 τὰ
1151 381 1444 449 ,χαριστήρια
1482 384 1555 433 καὶ
1593 381 1712 450 ᾠδὰς
1750 383 1892 432 ἐπινι-

327 460 463 513 κίους.
525 461 747 529 ταύτῃτοί
785 466 933 530 φησιν
975 464 1398 530 ἐμπρησθήσεσθαι
1439 464 1523 527 τὴν
1559 462 1763 523 Ῥαββεί·
1806 485 1896 526 μη-

289 539 550 606 οτρόπολις
602 542 649 593 δὲ
692 545 767 594 καὶ
810 546 925 610 αὕτη
969 548 1052 608 τῆς
1101 550 1194 596 τῶν
1236 545 1524 614 Ἀμμανιτῶν
1571 548 1672 596 ἐστι
1722 545 1895 612 χώρας·

327 623 593 674 ἀπολέσθαι
627 624 673 675 δὲ
708 624 853 689 αὐτὴν
883 625 1000 695 μετα
1042 626 1234 695 κραυγῆς
1261 630 1396 695 φησὶ,
1429 628 1655 690 τουτέστι,
1684 635 1894 677 καταλα-
1919 652 1940 690 5

326 704 563 771 λαζόντων
601 707 742 771 αὐτῆς
773 707 855 758 τὸν
892 714 975 759 τοῦ
1008 709 1218 773 πολέμου
1253 709 1394 771 νόμον
1431 714 1525 760 τῶν
1565 709 1896 769 Βαβυλωνίων.

325 785 530 853 ᾑρήκασι
555 786 648 854 γὰρ
672 788 816 853 αὐτὴν
840 796 1153 859 πανστρατιᾷ,
1176 790 1480 844 καταθέοντος
1504 793 1586 854 τῆς
1604 794 1899 858 Ἀμμανιτῶν

326 874 409 918 τοῦ
445 871 890 938 Ναβουχοδονόσορ.
959 875 1229 934 βαδιοῦνται
1263 873 1310 923 δὲ
1349 877 1422 923 καὶ
1462 872 1772 940 αἰχμάλωτοι,
1799 876 1893 940 φη-

326 951 419 1012 σὶν,
447 951 563 1014 ὁμοῦ
598 957 693 1006 τοῖς
727 960 978 1019 κρατοῦσιν
1012 957 1052 1004 οἱ
1092 954 1180 1005 ὑπὸ
1219 959 1362 1022 χεῖρα,
1390 956 1464 1004 καὶ
1502 959 1597 1008 τοῖς
1631 955 1757 1007 ἰδίοις
1781 957 1899 1007 θεοῖς

327 1035 369 1082 οὶ
404 1035 615 1098 ἱερᾶσθαι
646 1033 885 1102 λαχόντες,
913 1035 1042 1086 οὐδὲν
1068 1037 1175 1102 παρ’
1203 1037 1383 1087 ἐκείνων
1408 1035 1590 1103 ἔχοντες
1625 1039 1687 1090 εἷς
1719 1037 1899 1087 ἐπικου-
1923 1067 1970 1092 10

324 1115 442 1179 ρίαν.
510 1116 558 1166 τί
592 1115 685 1182 γὰρ
736 1117 792 1167 ἂν
840 1120 914 1169 καὶ
963 1117 1187 1184 δράσειεν,
1230 1117 1259 1182 ἢ
1304 1123 1403 1171 πῶς
1455 1116 1511 1168 ἂν
1561 1117 1730 1182 ὀνήσαι
1773 1117 1899 1172 τινὰς

327 1197 523 1263 ἄγαλμα
550 1198 710 1267 κωφόν
730 1221 741 1261 ;

286 1300 307 1324 a
398 1282 612 1331 Ἑοίκασι
645 1280 693 1331 δὲ
725 1285 799 1333 καὶ
835 1286 875 1333 οἱ
913 1287 1006 1333 τῶν
1043 1282 1263 1349 αἱρέσεων
1300 1282 1645 1349 παρεστηκότες
1682 1286 1777 1336 τοῖς
1810 1283 1893 1331 ἀν-

322 1362 573 1425 ατέμνουσι
611 1361 694 1418 τας
733 1365 921 1426 ἐχούσας
961 1367 997 1416 ἐν
1034 1373 1212 1432 γαστρὶ,
1238 1366 1354 1419 ’ὁπως
1382 1364 1696 1433 ἑμπλατόνωσι
1723 1363 1783 1414 τα
1809 1364 1900 1430 ὅρια

324 1444 477 1495 αὐτῶν.
538 1445 611 1495 ἵνα
636 1444 728 1512 γὰρ
755 1446 1010 1515 φαίνωνται
1036 1451 1235 1498 πολλῶν
1261 1446 1518 1512 ἡγούμενοι,
1545 1445 1898 1512 καταβιάζονται
1921 1475 1968 1514 15

323 1525 484 1594 ψυχὰς
510 1527 691 1589 ἀθλίας,
716 1530 792 1578 καὶ
826 1533 925 1581 ταῖς
958 1529 1006 1579 ἐκ
1038 1527 1199 1594 λόγων
1231 1527 1428 1583 ἀπάταις
1455 1527 1585 1593 ὠμὴν
1610 1527 1771 1594 ὥσπερ
1797 1527 1900 1578 τινὰ

323 1609 398 1658 καὶ
439 1609 825 1678 ἀτελεσφόρητον
869 1607 1035 1664 αὐτοὺς
1077 1609 1163 1674 τὴν
1210 1611 1374 1661 πίστιν
1414 1611 1767 1673 ἀπαμβλίσκειν
1809 1632 1900 1661 πα-

322 1690 675 1757 ρασκευάζουσι,
718 1697 975 1746 λαλοῦντες
1021 1693 1175 1746 αὐτοῖς
1218 1690 1277 1742 τὰ
1321 1692 1676 1759 διεστραμμένα,
1714 1691 1896 1759 ἐρευγό-

323 1773 456 1835 μενοί
492 1795 542 1823 τε
581 1772 639 1824 τὰ
679 1772 814 1825 ί(ἀπὸ
853 1775 1043 1841 καρδίας
1082 1775 1248 1837 αὐτῶν,
1288 1776 1362 1824 καὶ
1407 1775 1489 1825 οὐκ
1534 1773 1626 1825 ἀπὸ
1665 1772 1902 1838 στόματος

326 1861 352 1883 “
381 1856 604 1922 Κυρίου.”
669 1855 794 1922 λέγει
835 1855 928 1923 γὰρ
963 1857 1108 1910 οὐδεὶς
1147 1856 1216 1907 ὅτι
1256 1863 1282 1885 “
1302 1855 1474 1922 Κύριος
1513 1855 1715 1920 Ἰησοῦς,
1761 1859 1798 1906 εἰ
1835 1855 1900 1920 μὴ
1920 1886 1969 1911 20

279 1943 352 1983 b“
377 1940 426 1989 ἐν
464 1938 704 2003 Πνεύματι
743 1941 908 2010 Ἀγίιρ,
953 1939 1063 1991 ἀλλ’
1112 1938 1214 1991 οὐδὲ
1254 1939 1462 2003 ἀνάθεμα
1502 1940 1718 2004 Ἰησοῦς”
1758 1943 1796 1992 εὶ
1835 1939 1900 2005 μὴ

324 2022 371 2072 ἐν
411 2022 715 2088 Βεελζεβούλ.

326 2251 439 2293 Τάδε
466 2254 575 2300 λέγει
604 2252 750 2310 Κύριος
782 2252 882 2294 Ἐπὶ
915 2249 1006 2294 ταῖς
1040 2252 1172 2309 τρισὶν
1206 2252 1417 2303 ἀσεβείαις
1442 2252 1583 2303 ΛΛωὰβ
1616 2252 1684 2294 καί
1708 2252 1778 2294 ἐπὶ
1808 2251 1899 2295 ταῖς

390 2341 611 2397 τέσσαρσιν
644 2342 718 2381 οὐκ
750 2341 1139 2398 ἀποστραφύσομαι
1171 2341 1312 2392 αὐτὸν,
1339 2341 1428 2382 ἀνθ’
1461 2339 1522 2382 ὧν
1556 2342 1816 2383 κατέκαυσαν
1847 2341 1898 2383 τὰ

392 2423 495 2464 ὀστᾶ
541 2424 749 2472 βασιλέως
791 2428 860 2464 τιῖιε
898 2423 1141 2471 Ἰδουμαίας
1180 2421 1240 2464 εἷς
1290 2422 1444 2464 κονίαν.
1507 2424 1575 2464 καί
1623 2423 1900 2466 ἐξαποστελῶ
1920 2443 1966 2482 25

369 2592 402 2625 3.
426 2580 555 2623 Ῥαββά
572 2582 615 2617 A.
632 2581 735 2626 ‘Pauci
754 2582 795 2617 B.
813 2582 966 2624 Ῥαββάθ
980 2582 1072 2617 Edd.
1428 2595 1460 2625 4.
1487 2582 1540 2616 καὶ
1557 2588 1779 2628 assumptum
1797 2595 1838 2617 ex
1855 2584 1899 2618 A.

322 2628 380 2670 τῆς
397 2639 466 2662 om.
485 2630 527 2663 A.
901 2641 933 2673 5.
962 2630 1051 2675 φησὶ
1069 2634 1290 2674 assumptum
1308 2642 1350 2663 ex
1369 2629 1410 2663 B.
1781 2629 1814 2664 6.
1839 2633 1900 2665 τοῦ
1952 2647 1968 2666 a

322 2685 391 2707 om.
410 2676 452 2709 A.
689 2686 720 2721 7.
745 2676 847 2720 αὐτὴν
863 2677 906 2711 Α.
925 2677 1018 2710 αὐτοὶ
1037 2676 1129 2710 Edd.
1177 2678 1234 2720 τῆς
1252 2677 1295 2710 A.
1315 2680 1380 2710 τῶν
1399 2675 1490 2710 Edd.
1738 2688 1771 2722 9.
1797 2676 1896 2722 ὁμοῦ]

322 2721 389 2761 ἅμα
406 2722 449 2754 Α.
748 2734 799 2757 10.
828 2724 858 2757 οἱ
875 2735 946 2757 om.
964 2723 1008 2757 A.
1309 2734 1361 2757 ΙΙ.
1387 2723 1506 2767 ὀνῆσαι
1524 2722 1612 2757 Α.Β.
1631 2722 1789 2767 ὀνήσοιτό
1807 2723 1898 2758 Edd.

326 2777 377 2800 12.
403 2770 531 2813 κοῦφον
547 2781 610 2813 pro
628 2771 744 2814 κωφόν
760 2769 820 2804 iid.
1141 2780 1193 2814 13.
1218 2772 1467 2814 παρεστηκότες
1485 2770 1527 2803 A.
1544 2771 1792 2814 προεστηκότες
1808 2770 1898 2804 Edd.

327 2824 376 2854 15.
403 2816 597 2858 κατεβίαζον
614 2816 657 2850 Α.
815 2828 867 2862 17.
893 2815 1028 2862 αὐτοὺς]
1048 2816 1160 2852 αὐτοῖς
1177 2816 1269 2850 Edd.
1319 2816 1570 2860 ἀπαμβλίσκειν
1588 2817 1629 2851 Β.
1647 2816 1898 2856 ἇπασβλίσκειν

323 2857 410 2902 (sic)
428 2861 470 2894 A.
489 2861 754 2906 ἀπαμβλώσκειν
770 2863 829 2897 iid.
1068 2864 1120 2897 18.
1146 2863 1261 2898 αὐταῖς
1278 2863 1321 2897 Α.
1530 2874 1582 2908 19.
1607 2865 1660 2897 καὶ
1677 2870 1897 2908 assumptum

321 2916 361 2937 ex
379 2906 468 2941 Α.Β.
675 2921 728 2943 21.
751 2909 885 2952 Ἰησοῦς
901 2911 944 2944 A.
963 2909 1098 2953 Ἰησοῦν
1118 2909 1157 2943 Β.
1176 2909 1291 2954 Ἰησοῦ
1310 2909 1401 2944 Edd.
1608 2921 1663 2952 24.
1688 2910 1788 2944 αὐτὸν
1804 2910 1895 2944 Α.Β.

322 2951 444 2993 (AN.)
463 2954 581 2990 αὐτοὺς
600 2956 636 2989 F.
658 2956 747 2989 Edd.
767 2958 842 3000 (87.
860 2957 924 3001 al.)
1310 2968 1363 3001 ²5-
1391 2958 1448 3000 τῆς
1465 2963 1685 3001 assumptum
1704 2968 1745 2990 ex
1765 2956 1806 2990 B.
1825 2968 1895 2990 om.

323 2996 357 3029 F.
380 2997 468 3032 Edd.
489 3000 563 3043 (22.
583 3002 646 3045 al.)
697 3004 784 3036 κόνιν
804 3003 839 3037 F.
890 3003 1070 3038 ἀποστελῶ
1089 3004 1131 3036 Α.
