2021 3434
348 180 433 221 344
735 185 785 224 B.
829 185 1102 225 CYRILLI
1143 186 1517 228 ALEXANDR.
1776 186 1814 226 ii.
1839 198 1906 240 32.

346 298 372 321 “
397 293 569 354 ὑμῶν.”
609 294 773 345 οὐκοῦν
809 294 896 345 κᾶν
929 299 966 346 εἰ
1003 296 1193 361 γε’νοιτο,
1225 299 1361 365 φησὶ,
1400 302 1572 361 σημεῖα
1608 298 1683 348 καὶ
1722 297 1905 363 τέρατα,

300 383 326 423 d
345 373 581 434 σωθήσεται
619 377 717 430 wic
751 378 796 431 ’ὃς
834 375 887 428 ὀὲν
924 377 1237 446 ἐπιγράψαιτο
1275 378 1509 443 δεσπότην
1534 378 1615 431 τὸν
1642 379 1836 443 οὐρανοῦ
1859 401 1907 429 τε

343 457 418 505 καὶ
452 459 538 521 γῆς
578 457 733 526 Κύριον.
802 458 872 509 ὅτι
905 458 954 509 δὲ
991 460 1185 521 ἔμελλεν
1229 461 1253 510 ὁ
1294 459 1436 526 λόγος
1476 464 1557 524 τῆς
1596 461 1828 526 σωτηρίας
1861 461 1909 510 ἐν

342 537 457 605 αὐτῇ
494 540 567 589 καὶ
601 539 763 608 πρώτῃ
797 541 1158 605 λαληθήσεσθαι
1187 546 1245 610 τῇ
1284 541 1558 612 κυριοκτόνῳ
1584 539 1908 608 Ἰερουσαλὴμ,

340 620 781 688 περιενεχθήσεσθαι
816 621 864 672 δὲ
898 624 1017 673 οὕτω
1045 626 1130 674 ’καὶ
1174 628 1234 677 εἰς
1275 623 1429 676 πάντα
1467 624 1526 675 τὰ
1563 624 1671 688 ε”θνη
1709 622 1784 674 διὰ
1815 626 1907 673 τῶν
1927 637 1950 675 5

356 701 367 715 ‘
415 702 426 718 Ι
519 701 530 716 ’
723 704 732 718 Ι
1008 704 1019 722 Χ
1092 704 1110 721 ’Χ
1226 705 1239 721 Ι
1471 712 1491 722 Α
1696 705 1707 720 Ι
1878 704 1891 721 Ι

342 723 487 766 αγιων
535 707 848 768 Αποστολων,
892 710 1044 774 σαφες
1083 729 1140 756 αν
1179 729 1370 771 γενοιτο,
1410 729 1492 757 του
1537 710 1793 773 Προφητου
1830 713 1907 756 λε-

341 805 506 848 γοντος
543 788 613 836 Ἐν
649 789 709 855 τῷ
751 787 825 855 &spen
868 785 975 839 2va
1017 792 1093 838 καὶ
1133 789 1171 839 ε”ν
1201 787 1486 857 Ἱερουσοιλῆμ
1525 788 1648 839 ἔσται
1687 788 1906 857 ἀνασωζό-

340 889 479 932 μενος,
507 874 584 918 καὶ
621 869 1026 938 εὐαγγελιζόμενος,
1055 872 1124 924 οὓς
1159 869 1304 940 Κύριος
1342 867 1684 940 προσκέκληται·
1727 871 1788 923 ὡς
1814 868 1906 934 γὰρ

122 957 210 988 Heb.
226 967 256 987 v.
341 948 366 997 ὁ
393 948 644 1002 θεσπέσιος
678 949 850 1020 γράφει
879 955 1071 1006 Παῦλος
1097 960 1123 982 “
1142 954 1249 1020 Οὐχ
1274 953 1420 1022 ἑαυτῷ
1453 976 1521 1006 τις
1555 951 1785 1014 λαμβάνει
1822 948 1907 1013 τὴν

341 1036 369 1058 “
392 1030 540 1094 τιμὴν,
568 1032 698 1082 ἀλλὰ
723 1032 1005 1096 καλούμενος
1032 1033 1119 1085 ὑπὸ
1146 1040 1227 1086 τοῦ
1253 1035 1419 1085 Θεοῦ.”
1485 1033 1729 1098 κέκληνται
1754 1034 1906 1084 τοίνυν
1930 1054 1977 1079 10

301 1112 610 1178 θάπολέγδην
644 1116 693 1165 ἐκ
729 1114 918 1166 πάντων
958 1120 1001 1167 οὶ
1039 1117 1254 1183 μακάριοι
1293 1118 1508 1181 μαθηταὶ,
1540 1119 1615 1167 καὶ
1653 1117 1735 1167 οῦκ
1772 1113 1906 1166 αὐτό-

339 1202 478 1257 μολοι
526 1199 772 1262 παρῆλθον
822 1201 884 1252 εἰς
934 1198 1222 1263 ἀποστολὴν,
1272 1199 1479 1265 καθάπερ
1529 1200 1554 1249 ὁ
1604 1196 1907 1262 ἀπόπληκτος

341 1279 597 1341 Φαρισαῖος
647 1280 825 1342 ἐκεῖνος,
869 1279 1014 1346 ἤγουν
1055 1281 1252 1343 νομικὸς,
1299 1279 1347 1334 ὃς
1398 1286 1491 1334 τοῖς
1533 1284 1614 1344 τῆς
1658 1280 1906 1344 μαθητείας

121 1366 280 1442 {Ji-{Ialtth-
340 1357 608 1425 αὐχήμασιν
636 1360 796 1412 ἑαυτὸν
828 1364 966 1425 ἐνιεὶς,
992 1364 1257 1428 προσετίθει
1286 1362 1437 1429 λέγων
1469 1370 1495 1392 “
1517 1362 1674 1428 Κύριε,
1708 1364 1905 1413 ἀκολου-

182 1435 188 1442 .
226 1422 255 1453 9-
340 1447 366 1469 ‘⁶
393 1439 527 1503 θήσω
553 1465 631 1492 σοι
659 1442 775 1494 ὅπου
803 1444 880 1494 ἐὰν
903 1444 1127 1513 ἀπερχῃ.”
1185 1445 1401 1514 ταύτῃτοι
1426 1447 1500 1496 καὶ
1524 1443 1660 1500 αὐτὸς
1686 1446 1711 1496 ὃ
1739 1444 1903 1512 Σωτὴρ
1927 1464 1972 1502 15

339 1524 722 1590 παρενοχλοῦντά
765 1549 814 1577 τε
865 1531 975 1594 εἰκῇ,
1023 1529 1098 1578 καὶ
1154 1532 1247 1578 τῶν
1307 1528 1620 1593 εὑαγγελικῶν
1673 1528 1905 1592 ἐπιτηδευ-

339 1603 499 1668 μάτων
538 1607 632 1658 οὐδ’
671 1607 787 1659 ὅσον
829 1612 968 1660 εἰπεῖν
1005 1608 1144 1675 ἐγγὺς
1181 1608 1420 1676 γεγονότα,
1458 1613 1715 1675 παρωθεῖτο
1746 1608 1905 1675 λέγων

121 1710 170 1742 lb.
192 1717 240 1740 20.
340 1695 368 1717 “
395 1692 455 1739 Αἱ
481 1690 716 1746 ἀλώπεκες
742 1691 954 1761 φωλεοὺς
980 1692 1152 1761 ἔχουσι,
1179 1696 1254 1745 καὶ
1290 1693 1349 1744 τὰ
1378 1692 1562 1745 πετεινὰ
1593 1698 1677 1744 τοῦ
1710 1694 1905 1760 οὐρανοῦ

341 1778 370 1800 “
394 1775 789 1838 κατασκηνώσεις,
828 1776 853 1826 ὃ
904 1774 952 1827 δὲ
995 1774 1089 1830 υἱὸς
1136 1781 1218 1827 τοῦ
1262 1776 1509 1842 ἀνθρώπου
1553 1775 1635 1826 οῦκ
1683 1775 1774 1843 ἔχει
1813 1781 1905 1827 ποῦ

341 1861 368 1883 “
394 1852 478 1919 τὴν
515 1856 730 1923 κεφαλὴν
768 1859 966 1909 κλῖναι·”
1007 1863 1101 1912 τοῖς
1139 1857 1285 1924 γεμὴν
1323 1857 1584 1922 ἐπιτηδείως
1618 1857 1806 1925 ε”χουσιν
1843 1862 1903 1912 εἷς
1924 1879 1973 1904 20

122 1951 204 2012 232
220 1950 270 1984 A.
303 1937 617 2002 ειάποστολὴν
643 1939 866 2009 ἐπεφώνει
897 1940 1051 2005 λε’γων
1076 1947 1103 1969 “
1124 1945 1271 1991 Δεῦτε
1301 1940 1455 1991 ὀπίσω
1489 1963 1578 2002 μου
1615 1941 1690 1990 καὶ
1719 1939 1905 2005 ποιήσω

122 2001 281 2085 lvalztth
342 2025 368 2048 ‘⁶
393 2020 509 2083 ὑμᾶς
565 2021 707 2074 ἁλιεῖς
768 2021 1071 2089 ἀνθρώπων.”
1138 2026 1387 2074 Ματθαῖον
1441 2019 1587 2088 γεμὴν
1642 2022 1699 2091 ἐξ
1755 2023 1907 2073 αὐτῶν

120 2118 228 2150 1b.ix.
248 2128 278 2160 9.
341 2103 508 2166 ἀνίστη
545 2107 639 2154 τῶν
682 2106 764 2168 τῆς
802 2104 1076 2173 πλεονεξίας
1119 2105 1454 2171 ἐργαστηρίων,
1495 2105 1764 2155 ἀκολουθεῖν
1801 2106 1903 2156 ἐπι-

340 2183 532 2236 τάττων·
583 2185 912 2255 προσκείκληται
951 2185 1014 2250 δὲ,
1052 2188 1149 2237 κατ’
1191 2186 1307 2237 ἰδίαν
1346 2185 1593 2251 βούλησιν,
1632 2188 1809 2253 οὕσπερ
1849 2185 1906 2251 ἦν

339 2266 470 2331 εἰκὸς,
495 2267 690 2319 ἔσεσθαι
727 2267 1071 2322 δυνατωτάτους
1104 2268 1164 2322 ε’ίς
1198 2292 1253 2334 γε
1287 2268 1340 2319 τὸ
1379 2268 1699 2334 ἀποπεραίνειν
1732 2269 1902 2320 δύνασ-
1924 2287 1972 2326 25

338 2353 428 2413 θαι,
456 2352 531 2401 καὶ
564 2350 697 2414 μάλα
730 2355 958 2413 νεανικῶς,
997 2350 1050 2402 τὸ
1077 2352 1201 2420 αὐτῷ
1233 2353 1411 2414 δοκοῦν,
1438 2354 1476 2402 εὶ
1506 2353 1580 2401 καὶ
1613 2350 1796 2418 ἥρπασε
1821 2350 1903 2403 τὸν

336 2432 571 2500 προδότην
597 2433 622 2483 ὁ
647 2435 728 2498 τῆς
755 2433 946 2496 ἀνομίας
970 2432 1152 2500 εὑρετὴς
1177 2435 1250 2485 καὶ
1276 2432 1446 2500 πατήρ.

384 2655 416 2678 2.
442 2644 688 2690 ἐπιγράψαιτο]
707 2645 946 2690 ἐπικαλέσηται
965 2646 1054 2681 Edd.
1299 2647 1331 2681 8.
1358 2646 1669 2692 εὐαγγελιζόμενος]
1689 2647 1903 2693 εὐαγγελιζό-

338 2706 428 2733 μενοι
444 2691 504 2726 iid.
552 2692 801 2736 προσκέκληται
821 2693 861 2726 Β.
876 2706 905 2728 c.
921 2693 954 2727 d.
972 2693 1224 2737 προσκέκληκεν
1241 2693 1332 2728 Edd.
1486 2705 1518 2736 9.
1544 2695 1562 2727 ὁ
1580 2693 1762 2729 θεσπέσιος
1777 2696 1903 2739 γράφει

338 2737 489 2783 Παῦλος]
508 2741 643 2774 Παῦλος
658 2741 784 2785 γράφει
801 2740 859 2773 iid.
908 2741 1025 2774 ἑαυτοῦ
1042 2741 1100 2775 iid.
1339 2751 1392 2775 10.
1417 2740 1523 2785 ἀλλὰ]
1541 2741 1597 2775 Sic
1615 2741 1745 2774 correxi
1763 2753 1803 2774 ex
1821 2753 1850 2775 c.
1866 2741 1902 2775 d.

336 2784 413 2818 ἀλλ’
432 2787 449 2817 ὁ
469 2785 558 2818 Edd.
733 2798 784 2829 14.
810 2785 1022 2832 προσετίθει]
1040 2787 1204 2831 προσέθει
1220 2787 1280 2821 iid.
1447 2797 1500 2832 15.
1525 2787 1623 2822 αὐτὸς
1640 2787 1782 2821 accessit
1798 2799 1839 2821 ex
1857 2787 1899 2821 Β.

341 2831 462 2864 18-20.
488 2832 815 2879 φωλεοὺς-κλῖναι]
837 2834 889 2868 καὶ
905 2835 946 2867 τὰ
960 2834 1037 2878 ἑξῆς
1055 2834 1145 2868 Edd.
1380 2845 1434 2868 22.
1460 2834 1558 2879 ὑμᾶς]
1583 2839 1619 2875 -1-
1633 2833 1790 2879 γενέσθαι
1808 2833 1900 2868 Edd.

339 2887 393 2919 23.
419 2877 576 2921 ἀνίστησι
593 2879 652 2913 iid.
1011 2892 1065 2923 24.
1091 2881 1358 2925 προσ-κέκληνται
1374 2881 1433 2916 iid.
1482 2882 1598 2927 ὥσπερ
1615 2893 1677 2926 pro
1695 2880 1822 2924 οὕσπερ
1839 2880 1897 2915 iid.
2004 2903 2005 2906 =

339 2933 391 2970 25.
419 2924 640 2960 δυνατώτατοι
657 2926 715 2960 iid.
766 2927 1010 2972 ἀποπεραίνουν
1027 2928 1085 2962 iid.
1104 2934 1182 2962 ante
1203 2928 1333 2973 Migne.

1993 2861 2021 3136 ,Ι

1992 3139 2002 3233 ἒ
