2021 3434
2003 533 2007 552 Ι

90 661 173 695 376
190 659 239 694 A·
272 669 294 693 a
313 670 365 712 γε
403 643 636 710 θέλοντος,
664 648 738 697 καὶ
775 644 830 697 τὸ
868 643 1080 710 πεπηγὸς
1121 644 1195 694 καὶ
1234 641 1537 707 ἀκράδαντον,
1564 640 1639 688 καὶ
1676 640 1771 688 τοῖς
1809 635 1890 697 τῆς
1910 649 1932 687 5
2002 527 2021 799 <l

2016 820 2021 837 ι

2016 858 2021 893 l

2016 895 2021 1011 ἰ

2017 1015 2021 1036 l

270 1316 297 1356 b
317 1307 397 1368 τῆς
422 1305 631 1369 ἱστορίας
658 1302 940 1371 Λυκόφρων·
982 1300 1043 1354 εἶς
1075 1299 1122 1352 δὲ
1155 1300 1288 1352 οὗτος
1314 1302 1407 1348 τῶν
1432 1294 1541 1362 παρ’
1569 1297 1722 1346 αὐτοῖς
1752 1289 1897 1357 λογά-

109 2653 163 2684 Es.
183 2652 226 2683 xl.

112 2706 165 2735 13;
182 2697 276 2727 Rom.

107 2741 151 2771 xi.
166 2749 224 2780 34;
242 2750 256 2771 1

109 2786 272 2818 Cor.ii.16.

308 209 392 249 578
709 209 758 250 B.
802 205 1074 248 CYRILLI
1114 202 1494 244 ALEXANDR.
1779 196 1821 235 ii.
1850 207 1883 234 1.

308 317 507 381 στήσων
545 316 641 379 ἔτι,
683 315 919 368 παναλκὲς
963 314 1056 380 γὰρ
1098 313 1152 364 τὸ
1191 317 1328 369 θεῖον,
1372 312 1447 360 καὶ
1486 307 1569 361 τὰς
1607 311 1700 358 τῶν
1739 305 1886 356 ὅντων

311 399 479 466 φύσεις
529 398 860 460 μεταπλάττον
906 396 1108 450 εὐκόλως
1152 394 1269 462 πρὸς
1320 393 1434 458 ὅπερ
1486 389 1544 441 ἂν
1594 389 1760 448 ἕλοιτο,
1813 386 1888 435 καὶ

309 485 406 534 τοῖς
443 479 657 547 άῤῥήτοις
696 481 836 530 αὑτοῦ
872 479 1069 542 νεύμασι
1106 475 1161 528 τὸ
1200 473 1458 544 ἀντεξάγον
1497 471 1642 522 οὐδέν.
1710 467 1764 519 τὸ
1795 466 1889 532 γὰρ
2002 502 2007 529 5

311 563 590 630 φθείρεσθαι
620 560 842 630 πεφυκὸς,
870 565 1079 627 κρεῖττον
1112 557 1170 609 ἂν
1207 558 1387 623 γένοιτο
1420 558 1495 606 καὶ
1527 556 1721 622 φθορᾶς,
1748 550 1890 600 αὑτοῦ

312 733 494 798 φθορᾶς
520 728 812 792 δυσάντητον
847 727 1016 790 νόμοις,
1050 725 1192 777 πάθοι
1234 723 1290 775 ἂν
1328 721 1531 774 εὐκόλως
1569 718 1654 784 τὴν
1692 715 1891 786 φθοράν.

313 810 459 878 φύσις
491 809 584 877 γὰρ
622 808 747 874 οἶμαι
786 815 881 863 τοῖς
916 810 1023 860 οὖσι
1060 807 1113 859 τὸ
1147 811 1213 876 τῷ
1247 806 1479 857 Κτίσαντι
1514 805 1696 853 δοκοῦν.
1763 796 1894 860 πλὴν

313 896 494 944 κάκεῖνο
528 893 695 955 ἱστεόν,
728 892 797 944 ὅτι
832 895 906 943 καὶ
936 889 1188 955 (Ελλήνων
1222 892 1381 941 παῖδες
1417 886 1522 940 τοὺς
1556 883 1684 948 παρά
1719 885 1894 950 σφισιν
2002 927 2007 947 ¹

314 976 469 1029 αὐτοῖς
502 976 798 1028 συντεθέντες
835 974 1026 1039 μύθους,
1063 971 1310 1038 (Ηρακλέα
1349 969 1472 1038 φασὶ
1509 966 1592 1018 τὸν
1621 963 1895 1027 Ἀλκμήνης
2002 977 2005 1023 ξ

313 1060 388 1109 καὶ
423 1057 538 1111 Διὸς
576 1060 894 1121 καταποθῆναι
932 1055 1015 1119 μὲν
1054 1053 1144 1105 ὑπὸ
1183 1053 1359 1117 κήτους,
1387 1052 1628 1112 ἐκδοθῆναι
1664 1046 1711 1097 δὲ
1749 1043 1895 1097 πάλιν
1918 1067 1964 1092 10

313 1142 362 1190 ἐκ
400 1143 482 1203 τῆς
519 1140 727 1207 ἐμφύτου
765 1137 1060 1206 θερμότητος,
1087 1133 1379 1204 ἐψιλωμένης
1409 1133 1534 1200 αὐτῷ
1564 1133 1645 1194 τῆς
1671 1130 1895 1194 κεφαλῆς,
2001 1159 2006 1209 ἱ

315 1224 390 1272 καὶ
436 1221 580 1287 μόνης
622 1221 780 1289 τριχὸς
829 1219 1098 1272 πεπονθότα
1138 1218 1222 1281 τὴν
1266 1215 1510 1267 ἀπόθεσιν.
1583 1211 1806 1275 μέμνηται
1847 1207 1896 1260 δὲ

632 1533 875 1585 Τριεσπέρου
898 1533 1074 1580 λέοντος,
1098 1532 1143 1571 ὄν
1163 1547 1260 1571 ποτε
1281 1528 1440 1582 γνάθοις
1922 1527 1968 1565 Ι5

629 1610 824 1661 Τρίτωνος
845 1607 1034 1660 ἠμάλαψε
1059 1606 1250 1659 κάρχαρος
1272 1605 1382 1645 κύων.

2001 1294 2005 1323 ι

317 1389 424 1437 δων·
465 1386 557 1454 ε”φη
583 1385 675 1451 γὰρ
701 1387 806 1451 περὶ
831 1385 984 1446 αὑτοῦ,
2000 1329 2006 1551 i

2000 1553 2004 1580 ι

2000 1581 2004 1648 ἶ

2000 1651 2004 1725 ξ

389 1741 530 1791 Ἀλλ’
561 1741 643 1791 οὐκ
678 1742 727 1791 ἐκ
761 1743 855 1790 τῶν
890 1739 998 1805 παρ’
1033 1738 1217 1791 ἐκείνοις
1248 1733 1672 1799 μυθολογουμένων
1708 1730 1767 1781 τὰ
1802 1733 1901 1781 θεῖα
2000 1732 2004 1798 ξ

317 1826 625 1890 πιστούμεθα,
652 1823 999 1890 διαμεμνήμεθα
1032 1823 1291 1891 χρησίμως,
1317 1819 1423 1874 τοὺς
1455 1822 1770 1871 ἀπιστοῦντας
1801 1817 1902 1867 ε’λέ-
1999 1799 2004 1879 i

321 1933 524 1978 γχοντες,
552 1910 622 1962 ὅτι
657 1912 732 1961 καὶ
766 1913 848 1973 τῆς
881 1910 989 1974 παρ’
1016 1909 1170 1961 αὐτοῖς
1209 1907 1418 1972 ἱστορίας
1444 1905 1469 1954 ὁ
1495 1902 1640 1969 λόγος
1673 1903 1754 1952 οὐκ
1785 1899 1902 1952 ἀπό-
1999 1895 2003 1917 ’

319 1999 479 2057 βλητα
517 1997 714 2044 ποιεῖται
752 1991 811 2043 τὰ
851 1990 1005 2042 τοιάδε
1044 1994 1138 2041 τῶν
1177 1987 1493 2054 διηγημάτων.
1558 1983 1712 2048 ἐπειδὴ
1752 1983 1800 2034 δὲ
1837 1987 1903 2052 τῷ
1924 1978 2003 2045 2οξ

320 2074 600 2145 παραδόξως
625 2074 918 2143 γεγενημένῳ
953 2075 1028 2124 καὶ
1062 2074 1112 2123 ἐκ
1146 2077 1240 2123 τῶν
1267 2071 1332 2122 ε”τι
1367 2068 1614 2136 δρωμένων
1639 2065 1758 2118 κατὰ
1785 2065 1900 2126 βού-
1998 2068 2003 2141 ξ

321 2166 467 2224 λησιν
502 2163 626 2210 Θεοῦ
662 2161 830 2226 χρῆναι
865 2160 1100 2208 συνειπεῖν
1137 2159 1231 2205 τῶν
1265 2152 1529 2218 ἀναγκαίων
1564 2147 1902 2213 ὑπολαμβάνω,
1999 2142 2003 2149 ’

285 2268 306 2294 c
323 2241 436 2310 φερε
463 2241 519 2306 δὴ
545 2242 771 2306 λέγωμεν,
797 2239 867 2291 ὅτι
904 2240 977 2289 καὶ
1014 2239 1062 2288 ἐν
1087 2236 1242 2305 μήτρᾳ
1266 2235 1320 2287 τὸ
1344 2235 1549 2300 ἔμβρυον
1574 2231 1795 2299 ὑγρότητι
1820 2229 1905 2293 μὲν
1999 2277 2001 2285 ,

322 2323 558 2392 ε’ννήχεται
582 2327 640 2391 τῇ
667 2326 862 2391 φυσικῇ,
889 2320 1242 2387 κατακέχωσται
1274 2317 1322 2369 δὲ
1347 2315 1509 2383 ὥσπερ
1535 2319 1593 2383 τῇ
1618 2317 1699 2378 τῆς
1723 2318 1900 2381 κυοφο-
1997 2293 2007 2356 ἐκ

322 2407 499 2473 ρούσης
531 2405 675 2470 νηδύϊ,
701 2408 776 2455 καὶ
807 2403 861 2455 τὸ
897 2406 1116 2454 ἀναπνεῖν
1151 2402 1234 2452 οὐκ
1269 2399 1372 2467 ἔχει,
1399 2399 1457 2466 ζῇ
1484 2397 1531 2448 δὲ
1563 2398 1638 2448 καὶ
1670 2397 1803 2458 οὕτω,
1829 2395 1904 2445 καὶ
1926 2413 1971 2453 25
1996 2350 2001 2427 ι

324 2488 534 2555 σώζεται,
576 2493 670 2542 τοῖς
707 2493 789 2538 τοῦ
835 2490 960 2537 Θεοῦ
1003 2484 1199 2547 νεύμασι
1241 2479 1519 2549 παραδόξως
1556 2477 1900 2543 τιθηνούμενον.

326 2573 437 2622 ἀλλ’
467 2573 611 2624 οὐδεὶς
645 2569 702 2621 ἂν
726 2574 820 2620 τῶν
842 2568 1063 2620 τοιούτων
1088 2567 1295 2634 ἐφίκοιτο
1334 2562 1492 2628 λόγος,
1516 2562 1614 2613 οὐδ’
1642 2559 1700 2611 ἂν
1725 2558 1909 2625 γένοιτό

1045 2655 1064 2664 a

325 2677 450 2705 τισιν
475 2653 698 2717 ἁλώσιμα
736 2651 794 2703 τὰ
833 2656 915 2702 τοῦ
941 2654 1065 2701 Θεου
1092 2656 1119 2678 “
1138 2649 1224 2702 Τίς
1253 2646 1346 2713 γὰρ
1379 2645 1498 2711 ε”γνω
1532 2649 1641 2695 νοῦν
1669 2643 1845 2709 Κυρίου
1863 2641 1904 2702 ;”

380 2844 408 2866 1.
434 2830 499 2877 ἔτι]
521 2831 596 2865 ἐστὶ
615 2830 657 2864 Β.
963 2838 995 2861 2.
1021 2825 1264 2870 μεταπλάττων
1281 2821 1373 2857 Edd.
1687 2830 1720 2864 3.
1746 2815 1903 2862 νεύμασι]

328 2878 465 2923 κρίμασι
485 2879 526 2912 Β.
731 2886 762 2922 5.
789 2874 965 2910 ἐθέλοντος
982 2884 1045 2918 pro
1061 2887 1101 2918 γε
1119 2871 1193 2905 θέλ.
1215 2869 1306 2905 Edd.
1509 2866 1542 2902 6.
1569 2866 1629 2911 τὴν
1646 2865 1741 2900 deest
1757 2866 1794 2899 in
1812 2863 1905 2898 Edd.

330 2926 362 2958 8.
390 2926 443 2959 καὶ
461 2927 683 2969 assumptum
700 2935 742 2957 ex
759 2922 799 2956 B.
848 2923 938 2965 παρά
956 2918 1099 2966 σφισιν]
1118 2917 1195 2963 παρ’
1216 2917 1258 2951 Β.
1567 2925 1620 2948 11.
1646 2911 1794 2958 ἐκφύτου
1813 2909 1904 2945 Edd.

335 2982 385 3004 12.
410 2972 591 3005 πεπονθότι
609 2971 668 3014 τὴν
685 2970 862 3013 ἀπόφασιν
879 2968 938 3002 iid.
1305 2971 1357 3007 17.
1383 2959 1465 3005 τῶν]
1485 2961 1543 3004 τῆς
1562 2959 1653 2994 Edd.
1672 2965 1752 2994 ante
1770 2958 1906 3003 Migne.

332 3028 386 3051 21.
413 3019 591 3064 παραδόξῳ
609 3028 672 3062 pro
688 3016 887 3061 παραδόξως
904 3012 1112 3059 γεγενημένῳ
1132 3010 1223 3046 Edd.
1992 3041 1996 3072 η
