<?xml version="1.0" encoding="UTF-8"?>
<!DOCTYPE html PUBLIC "-//W3C//DTD XHTML 1.0 Transitional//EN"
    "http://www.w3.org/TR/xhtml1/DTD/xhtml1-transitional.dtd">
<html xmlns="http://www.w3.org/1999/xhtml" xml:lang="en" lang="en">
 <head>
  <title>
</title>
<meta http-equiv="Content-Type" content="text/html;charset=utf-8" />
  <meta name='ocr-system' content='tesseract 3.04.00' />
  <meta name='ocr-capabilities' content='ocr_page ocr_carea ocr_par ocr_line ocrx_word'/>
</head>
<body>
  <div class='ocr_page' id='page_1' title='image "./operacyrilli01cyriuoft/operacyrilli01cyriuoft_0108.png"; bbox 0 0 2021 3434; ppageno 0'>
   <div class='ocr_carea' id='block_1_1' title="bbox 273 214 1839 258">
    <p class='ocr_par' dir='ltr' id='par_1_1' title="bbox 273 214 1839 258">
     <span class='ocr_line' id='line_1_1' title="bbox 273 214 1839 258; baseline -0.003 -1"><span class='ocrx_word' id='word_1_1' title='bbox 273 219 325 257; x_wconf 88' lang='grc'>76</span> <span class='ocrx_word' id='word_1_2' title='bbox 662 219 711 258; x_wconf 91' lang='lat' dir='ltr'>B.</span> <span class='ocrx_word' id='word_1_3' title='bbox 756 216 1027 257; x_wconf 79' lang='lat' dir='ltr'>CYRILLI</span> <span class='ocrx_word' id='word_1_4' title='bbox 1066 215 1442 256; x_wconf 81' lang='lat' dir='ltr'><strong>ALEXANDR.</strong></span> <span class='ocrx_word' id='word_1_5' title='bbox 1708 214 1748 254; x_wconf 86' lang='lat' dir='ltr'><strong>ii.</strong></span> <span class='ocrx_word' id='word_1_6' title='bbox 1775 226 1839 254; x_wconf 83' lang='lat'><strong>20.</strong></span> 
     </span>
    </p>
   </div>
   <div class='ocr_carea' id='block_1_2' title="bbox 271 322 1844 639">
    <p class='ocr_par' dir='ltr' id='par_1_2' title="bbox 271 322 1844 639">
     <span class='ocr_line' id='line_1_2' title="bbox 271 322 1843 393; baseline -0.003 -17"><span class='ocrx_word' id='word_1_7' title='bbox 271 326 556 392; x_wconf 85' lang='grc' dir='ltr'>ἀνθρώπινα,</span> <span class='ocrx_word' id='word_1_8' title='bbox 584 326 763 393; x_wconf 81' lang='grc' dir='ltr'>συχνὰς</span> <span class='ocrx_word' id='word_1_9' title='bbox 797 328 1036 377; x_wconf 83' lang='grc' dir='ltr'>ἐποιοῦντο</span> <span class='ocrx_word' id='word_1_10' title='bbox 1067 325 1151 378; x_wconf 78' lang='grc' dir='ltr'>τὰς</span> <span class='ocrx_word' id='word_1_11' title='bbox 1185 324 1318 378; x_wconf 79' lang='grc' dir='ltr'>λιτὰς</span> <span class='ocrx_word' id='word_1_12' title='bbox 1349 324 1466 389; x_wconf 84' lang='grc' dir='ltr'>πρὸς</span> <span class='ocrx_word' id='word_1_13' title='bbox 1489 324 1571 374; x_wconf 87' lang='grc' dir='ltr'>τὸν</span> <span class='ocrx_word' id='word_1_14' title='bbox 1596 322 1843 386; x_wconf 85' lang='grc' dir='ltr'>ἐπαμύνειν</span> 
     </span>
     <span class='ocr_line' id='line_1_3' title="bbox 271 404 1839 475; baseline -0.003 -17"><span class='ocrx_word' id='word_1_15' title='bbox 271 408 525 471; x_wconf 75' lang='grc' dir='ltr'>δυνάμενον</span> <span class='ocrx_word' id='word_1_16' title='bbox 558 412 599 459; x_wconf 82' lang='grc' dir='ltr'>οἱ</span> <span class='ocrx_word' id='word_1_17' title='bbox 635 407 852 474; x_wconf 78' lang='grc' dir='ltr'>μακάριοι</span> <span class='ocrx_word' id='word_1_18' title='bbox 881 411 1134 475; x_wconf 83' lang='grc' dir='ltr'>προφῆται,</span> <span class='ocrx_word' id='word_1_19' title='bbox 1161 409 1236 457; x_wconf 82' lang='grc' dir='ltr'>καὶ</span> <span class='ocrx_word' id='word_1_20' title='bbox 1268 405 1322 456; x_wconf 87' lang='grc' dir='ltr'>τὸ</span> <span class='ocrx_word' id='word_1_21' title='bbox 1355 404 1508 456; x_wconf 87' lang='grc' dir='ltr'>κοινὸν</span> <span class='ocrx_word' id='word_1_22' title='bbox 1539 407 1621 468; x_wconf 84' lang='grc' dir='ltr'>τῆς</span> <span class='ocrx_word' id='word_1_23' title='bbox 1655 406 1839 470; x_wconf 89' lang='grc' dir='ltr'>ἀνθρω-</span> 
     </span>
     <span class='ocr_line' id='line_1_4' title="bbox 271 485 1842 557; baseline -0.001 -16"><span class='ocrx_word' id='word_1_24' title='bbox 271 488 471 554; x_wconf 87' lang='grc' dir='ltr'>πότητος</span> <span class='ocrx_word' id='word_1_25' title='bbox 531 492 778 557; x_wconf 81' lang='grc' dir='ltr'>μονονουχὶ</span> <span class='ocrx_word' id='word_1_26' title='bbox 840 493 1138 556; x_wconf 82' lang='grc' dir='ltr'>προσωπεῖον</span> <span class='ocrx_word' id='word_1_27' title='bbox 1200 490 1375 541; x_wconf 79' lang='grc' dir='ltr'>ἑαυτοῖς</span> <span class='ocrx_word' id='word_1_28' title='bbox 1436 485 1842 553; x_wconf 78' lang='grc' dir='ltr'>περιπλάττοντες,</span> 
     </span>
     <span class='ocr_line' id='line_1_5' title="bbox 273 569 1844 639; baseline -0.002 -19"><span class='ocrx_word' id='word_1_29' title='bbox 273 570 589 636; x_wconf 80' lang='grc' dir='ltr'>συλλήπτορα</span> <span class='ocrx_word' id='word_1_30' title='bbox 637 574 712 622; x_wconf 86' lang='grc' dir='ltr'>καὶ</span> <span class='ocrx_word' id='word_1_31' title='bbox 764 571 1008 637; x_wconf 85' lang='grc' dir='ltr'>ἐπαρωγὸν</span> <span class='ocrx_word' id='word_1_32' title='bbox 1051 571 1107 639; x_wconf 74' lang='grc' dir='ltr'>ἐξ</span> <span class='ocrx_word' id='word_1_33' title='bbox 1155 571 1363 636; x_wconf 81' lang='grc' dir='ltr'>οὐρανῶν</span> <span class='ocrx_word' id='word_1_34' title='bbox 1406 569 1660 637; x_wconf 81' lang='grc' dir='ltr'>ἀφικέσθαι</span> <span class='ocrx_word' id='word_1_35' title='bbox 1703 589 1844 633; x_wconf 90' lang='grc' dir='ltr'>παρε-</span> 
     </span>
    </p>
   </div>
   <div class='ocr_carea' id='block_1_3' title="bbox 52 648 1886 802">
    <p class='ocr_par' dir='ltr' id='par_1_3' title="bbox 52 648 1886 802">
     <span class='ocr_line' id='line_1_6' title="bbox 321 648 1748 671; baseline -0.001 -3"><span class='ocrx_word' id='word_1_36' title='bbox 321 652 331 664; x_wconf 77' lang='grc' dir='ltr'><em>Ῑ</em></span> <span class='ocrx_word' id='word_1_37' title='bbox 505 653 518 667; x_wconf 57' lang='grc' dir='ltr'><strong>Χ</strong></span> <span class='ocrx_word' id='word_1_38' title='bbox 632 655 667 669; x_wconf 62' lang='lat' dir='ltr'>‘l</span> <span class='ocrx_word' id='word_1_39' title='bbox 788 654 810 671; x_wconf 69' lang='grc'>3]</span> <span class='ocrx_word' id='word_1_40' title='bbox 963 659 982 668; x_wconf 63' lang='grc' dir='ltr'>Α</span> <span class='ocrx_word' id='word_1_41' title='bbox 1049 655 1059 667; x_wconf 69' lang='lat' dir='ltr'>t</span> <span class='ocrx_word' id='word_1_42' title='bbox 1238 652 1249 668; x_wconf 83' lang='grc' dir='ltr'><em>Ι</em></span> <span class='ocrx_word' id='word_1_43' title='bbox 1511 651 1521 667; x_wconf 80' lang='grc' dir='ltr'><em>Ι</em></span> <span class='ocrx_word' id='word_1_44' title='bbox 1629 650 1639 665; x_wconf 70' lang='lat'>9</span> <span class='ocrx_word' id='word_1_45' title='bbox 1736 648 1748 662; x_wconf 74' lang='grc' dir='ltr'><em>Ῐ</em></span> 
     </span>
     <span class='ocr_line' id='line_1_7' title="bbox 52 652 1886 741; baseline -0.003 -37"><span class='ocrx_word' id='word_1_46' title='bbox 52 668 106 741; x_wconf 70' lang='lat' dir='ltr'><strong>llPs.</strong></span> <span class='ocrx_word' id='word_1_47' title='bbox 136 711 142 717; x_wconf 28' lang='lat'><em>⁶</em></span> <span class='ocrx_word' id='word_1_48' title='bbox 172 710 190 740; x_wconf 79' lang='lat'>8</span> <span class='ocrx_word' id='word_1_49' title='bbox 233 670 254 695; x_wconf 74' lang='grc' dir='ltr'>Θ</span> <span class='ocrx_word' id='word_1_50' title='bbox 273 661 448 702; x_wconf 88' lang='grc' dir='ltr'>καλουν</span> <span class='ocrx_word' id='word_1_51' title='bbox 472 675 555 704; x_wconf 89' lang='grc' dir='ltr'>τον</span> <span class='ocrx_word' id='word_1_52' title='bbox 581 657 712 705; x_wconf 86' lang='grc' dir='ltr'>Υιον.</span> <span class='ocrx_word' id='word_1_53' title='bbox 780 660 871 722; x_wconf 89' lang='grc' dir='ltr'>εφη</span> <span class='ocrx_word' id='word_1_54' title='bbox 897 677 1012 719; x_wconf 86' lang='grc' dir='ltr'>γουν</span> <span class='ocrx_word' id='word_1_55' title='bbox 1041 677 1065 704; x_wconf 92' lang='grc' dir='ltr'>ο</span> <span class='ocrx_word' id='word_1_56' title='bbox 1093 657 1345 705; x_wconf 88' lang='grc' dir='ltr'>θεσπεσιος</span> <span class='ocrx_word' id='word_1_57' title='bbox 1373 652 1560 713; x_wconf 86' lang='grc' dir='ltr'>Δαυειδ,</span> <span class='ocrx_word' id='word_1_58' title='bbox 1589 658 1615 680; x_wconf 83' lang='grc'><strong>“</strong></span> <span class='ocrx_word' id='word_1_59' title='bbox 1645 654 1845 700; x_wconf 88' lang='grc' dir='ltr'>Αναστα</span> <span class='ocrx_word' id='word_1_60' title='bbox 1865 671 1886 708; x_wconf 87' lang='grc'>5</span> 
     </span>
     <span class='ocr_line' id='line_1_8' title="bbox 52 722 1847 802; baseline -0.006 -11"><span class='ocrx_word' id='word_1_61' title='bbox 52 722 201 793; x_wconf 49' lang='lat' dir='ltr'><strong>ffxlliii.</strong></span> <span class='ocrx_word' id='word_1_62' title='bbox 274 742 300 763; x_wconf 73' lang='lat'>‘⁶</span> <span class='ocrx_word' id='word_1_63' title='bbox 327 736 351 784; x_wconf 89' lang='grc' dir='ltr'>ὁ</span> <span class='ocrx_word' id='word_1_64' title='bbox 393 733 527 798; x_wconf 90' lang='grc' dir='ltr'>Θεὸς,</span> <span class='ocrx_word' id='word_1_65' title='bbox 571 737 728 802; x_wconf 89' lang='grc' dir='ltr'>κρίνον</span> <span class='ocrx_word' id='word_1_66' title='bbox 764 734 849 800; x_wconf 86' lang='grc' dir='ltr'>τὴν</span> <span class='ocrx_word' id='word_1_67' title='bbox 889 736 1023 802; x_wconf 84' lang='grc' dir='ltr'>γῆν·”</span> <span class='ocrx_word' id='word_1_68' title='bbox 1065 738 1139 786; x_wconf 77' lang='grc' dir='ltr'>καὶ</span> <span class='ocrx_word' id='word_1_69' title='bbox 1189 733 1336 785; x_wconf 81' lang='grc' dir='ltr'>πάλιν</span> <span class='ocrx_word' id='word_1_70' title='bbox 1375 733 1483 783; x_wconf 74' lang='lat' dir='ltr'>“‘O</span> <span class='ocrx_word' id='word_1_71' title='bbox 1523 730 1657 795; x_wconf 85' lang='grc' dir='ltr'>Θεὸς,</span> <span class='ocrx_word' id='word_1_72' title='bbox 1695 733 1744 782; x_wconf 88' lang='grc' dir='ltr'>ἐν</span> <span class='ocrx_word' id='word_1_73' title='bbox 1780 735 1847 800; x_wconf 75' lang='grc' dir='ltr'>τῷ</span> 
     </span>
    </p>
   </div>
   <div class='ocr_carea' id='block_1_4' title="bbox 55 814 1847 884">
    <p class='ocr_par' dir='ltr' id='par_1_4' title="bbox 55 814 1847 884">
     <span class='ocr_line' id='line_1_9' title="bbox 55 814 1847 884; baseline 0 -17"><span class='ocrx_word' id='word_1_74' title='bbox 55 814 81 844; x_wconf 83' lang='lat'>3·</span> <span class='ocrx_word' id='word_1_75' title='bbox 273 825 299 845; x_wconf 79' lang='lat'>‘⁴</span> <span class='ocrx_word' id='word_1_76' title='bbox 327 815 524 880; x_wconf 86' lang='grc' dir='ltr'>ὀνόματί</span> <span class='ocrx_word' id='word_1_77' title='bbox 559 841 651 869; x_wconf 90' lang='grc' dir='ltr'>σου</span> <span class='ocrx_word' id='word_1_78' title='bbox 694 816 861 869; x_wconf 89' lang='grc' dir='ltr'>σῶσόν</span> <span class='ocrx_word' id='word_1_79' title='bbox 904 841 973 881; x_wconf 86' lang='grc' dir='ltr'>με,</span> <span class='ocrx_word' id='word_1_80' title='bbox 1015 819 1091 868; x_wconf 80' lang='grc' dir='ltr'>καὶ</span> <span class='ocrx_word' id='word_1_81' title='bbox 1134 819 1182 867; x_wconf 84' lang='grc' dir='ltr'>ἐν</span> <span class='ocrx_word' id='word_1_82' title='bbox 1225 820 1282 884; x_wconf 83' lang='grc' dir='ltr'>τῇ</span> <span class='ocrx_word' id='word_1_83' title='bbox 1327 814 1514 878; x_wconf 82' lang='grc' dir='ltr'>δυνάμει</span> <span class='ocrx_word' id='word_1_84' title='bbox 1552 837 1643 865; x_wconf 92' lang='grc' dir='ltr'>σου</span> <span class='ocrx_word' id='word_1_85' title='bbox 1681 818 1847 879; x_wconf 84' lang='grc' dir='ltr'>κρινεῖς</span> 
     </span>
    </p>
   </div>
   <div class='ocr_carea' id='block_1_5' title="bbox 53 894 1854 2688">
    <p class='ocr_par' dir='ltr' id='par_1_5' title="bbox 272 894 1847 967">
     <span class='ocr_line' id='line_1_10' title="bbox 272 894 1847 967; baseline -0.003 -16"><span class='ocrx_word' id='word_1_86' title='bbox 272 907 298 927; x_wconf 90' lang='grc'>“</span> <span class='ocrx_word' id='word_1_87' title='bbox 322 900 418 961; x_wconf 87' lang='grc' dir='ltr'>με.”</span> <span class='ocrx_word' id='word_1_88' title='bbox 482 899 627 966; x_wconf 74' lang='grc' dir='ltr'>ε”κρινε</span> <span class='ocrx_word' id='word_1_89' title='bbox 665 901 819 951; x_wconf 88' lang='grc' dir='ltr'>τοίνυν</span> <span class='ocrx_word' id='word_1_90' title='bbox 855 902 903 950; x_wconf 88' lang='grc' dir='ltr'>ἐν</span> <span class='ocrx_word' id='word_1_91' title='bbox 941 900 1210 967; x_wconf 82' lang='grc' dir='ltr'>δικαιοσύνῃ</span> <span class='ocrx_word' id='word_1_92' title='bbox 1236 900 1260 949; x_wconf 85' lang='grc' dir='ltr'>ὁ</span> <span class='ocrx_word' id='word_1_93' title='bbox 1288 897 1423 959; x_wconf 84' lang='grc' dir='ltr'>Θεὸς,</span> <span class='ocrx_word' id='word_1_94' title='bbox 1450 899 1524 948; x_wconf 77' lang='grc' dir='ltr'>καὶ</span> <span class='ocrx_word' id='word_1_95' title='bbox 1555 896 1738 947; x_wconf 89' lang='grc' dir='ltr'>σέσωκε</span> <span class='ocrx_word' id='word_1_96' title='bbox 1762 894 1847 960; x_wconf 81' lang='grc' dir='ltr'>μὲν</span> 
     </span>
    </p>

    <p class='ocr_par' dir='ltr' id='par_1_6' title="bbox 272 977 1848 1213">
     <span class='ocr_line' id='line_1_11' title="bbox 272 977 1847 1049; baseline -0.003 -18"><span class='ocrx_word' id='word_1_97' title='bbox 272 980 378 1034; x_wconf 73' lang='grc' dir='ltr'>τοὺς</span> <span class='ocrx_word' id='word_1_98' title='bbox 404 982 715 1046; x_wconf 77' lang='grc' dir='ltr'>ἠδικημένους,</span> <span class='ocrx_word' id='word_1_99' title='bbox 743 981 824 1033; x_wconf 86' lang='grc' dir='ltr'>τὸν</span> <span class='ocrx_word' id='word_1_100' title='bbox 851 982 899 1033; x_wconf 77' lang='grc' dir='ltr'>δὲ</span> <span class='ocrx_word' id='word_1_101' title='bbox 923 980 1173 1049; x_wconf 85' lang='grc' dir='ltr'>μιαιφόνον</span> <span class='ocrx_word' id='word_1_102' title='bbox 1198 984 1274 1032; x_wconf 80' lang='grc' dir='ltr'>καὶ</span> <span class='ocrx_word' id='word_1_103' title='bbox 1303 978 1542 1045; x_wconf 85' lang='grc' dir='ltr'>ἀλιτήριον</span> <span class='ocrx_word' id='word_1_104' title='bbox 1569 977 1847 1042; x_wconf 85' lang='grc' dir='ltr'>ἀπεσόβησε</span> 
     </span>
     <span class='ocr_line' id='line_1_12' title="bbox 272 1059 1848 1129; baseline -0.003 -15"><span class='ocrx_word' id='word_1_105' title='bbox 272 1068 498 1127; x_wconf 84' lang='grc' dir='ltr'>σατανᾶν,</span> <span class='ocrx_word' id='word_1_106' title='bbox 525 1069 600 1115; x_wconf 84' lang='grc' dir='ltr'>καὶ</span> <span class='ocrx_word' id='word_1_107' title='bbox 637 1067 720 1128; x_wconf 85' lang='grc' dir='ltr'>τῆς</span> <span class='ocrx_word' id='word_1_108' title='bbox 753 1065 852 1115; x_wconf 85' lang='grc' dir='ltr'>καθ’</span> <span class='ocrx_word' id='word_1_109' title='bbox 882 1065 1012 1128; x_wconf 85' lang='grc' dir='ltr'>ἡμῶν</span> <span class='ocrx_word' id='word_1_110' title='bbox 1045 1062 1296 1114; x_wconf 81' lang='grc' dir='ltr'>ἀπεώσατο</span> <span class='ocrx_word' id='word_1_111' title='bbox 1329 1061 1617 1129; x_wconf 79' lang='grc' dir='ltr'>πλεονεξίας,</span> <span class='ocrx_word' id='word_1_112' title='bbox 1652 1061 1727 1110; x_wconf 82' lang='grc' dir='ltr'>καὶ</span> <span class='ocrx_word' id='word_1_113' title='bbox 1762 1059 1848 1123; x_wconf 88' lang='grc' dir='ltr'>τὴν</span> 
     </span>
     <span class='ocr_line' id='line_1_13' title="bbox 275 1139 1846 1213; baseline -0.003 -16"><span class='ocrx_word' id='word_1_114' title='bbox 275 1145 479 1213; x_wconf 73' lang='grc' dir='ltr'>ἀλαζόνα</span> <span class='ocrx_word' id='word_1_115' title='bbox 513 1148 587 1197; x_wconf 79' lang='grc' dir='ltr'>καὶ</span> <span class='ocrx_word' id='word_1_116' title='bbox 621 1147 704 1197; x_wconf 83' lang='grc' dir='ltr'>οὐκ</span> <span class='ocrx_word' id='word_1_117' title='bbox 742 1145 989 1210; x_wconf 80' lang='grc' dir='ltr'>εὐάντητον</span> <span class='ocrx_word' id='word_1_118' title='bbox 1027 1150 1120 1196; x_wconf 86' lang='grc' dir='ltr'>τῶν</span> <span class='ocrx_word' id='word_1_119' title='bbox 1159 1144 1406 1207; x_wconf 82' lang='grc' dir='ltr'>δαιμονίων</span> <span class='ocrx_word' id='word_1_120' title='bbox 1437 1148 1649 1194; x_wconf 83' lang='grc' dir='ltr'>καθεῖλεν</span> <span class='ocrx_word' id='word_1_121' title='bbox 1683 1139 1846 1208; x_wconf 86' lang='grc' dir='ltr'>ἀρχήν.</span> 
     </span>
    </p>

    <p class='ocr_par' dir='ltr' id='par_1_7' title="bbox 278 1222 1849 1293">
     <span class='ocr_line' id='line_1_14' title="bbox 278 1222 1849 1293; baseline -0.004 -15"><span class='ocrx_word' id='word_1_122' title='bbox 278 1230 354 1278; x_wconf 80' lang='grc' dir='ltr'>καὶ</span> <span class='ocrx_word' id='word_1_123' title='bbox 402 1234 540 1279; x_wconf 83' lang='grc' dir='ltr'>τοῦτο</span> <span class='ocrx_word' id='word_1_124' title='bbox 583 1229 693 1292; x_wconf 83' lang='grc' dir='ltr'>ἡμῖν</span> <span class='ocrx_word' id='word_1_125' title='bbox 742 1230 794 1278; x_wconf 86' lang='grc' dir='ltr'>τὸ</span> <span class='ocrx_word' id='word_1_126' title='bbox 835 1226 1095 1293; x_wconf 83' lang='grc' dir='ltr'>μυστήριον</span> <span class='ocrx_word' id='word_1_127' title='bbox 1139 1225 1276 1279; x_wconf 82' lang='grc' dir='ltr'>αὐτὸς</span> <span class='ocrx_word' id='word_1_128' title='bbox 1321 1225 1375 1276; x_wconf 83' lang='grc' dir='ltr'>δι’</span> <span class='ocrx_word' id='word_1_129' title='bbox 1420 1227 1582 1276; x_wconf 82' lang='grc' dir='ltr'>ἑαυτοῦ</span> <span class='ocrx_word' id='word_1_130' title='bbox 1634 1222 1849 1290; x_wconf 79' lang='grc' dir='ltr'>διεσάφει</span> 
     </span>
    </p>

    <p class='ocr_par' dir='ltr' id='par_1_8' title="bbox 53 1306 1854 2522">
     <span class='ocr_line' id='line_1_15' title="bbox 71 1306 1850 1377; baseline -0.005 -15"><span class='ocrx_word' id='word_1_131' title='bbox 71 1321 129 1354; x_wconf 84' lang='grc'>54</span> <span class='ocrx_word' id='word_1_132' title='bbox 148 1320 199 1354; x_wconf 89' lang='lat' dir='ltr'>A·</span> <span class='ocrx_word' id='word_1_133' title='bbox 243 1310 448 1375; x_wconf 64' lang='grc' dir='ltr'>ἣλέγων,</span> <span class='ocrx_word' id='word_1_134' title='bbox 475 1309 550 1360; x_wconf 79' lang='grc' dir='ltr'>ὅτε</span> <span class='ocrx_word' id='word_1_135' title='bbox 583 1309 666 1361; x_wconf 84' lang='grc' dir='ltr'>τὸν</span> <span class='ocrx_word' id='word_1_136' title='bbox 700 1309 815 1377; x_wconf 74' lang='grc' dir='ltr'>ὑπὲρ</span> <span class='ocrx_word' id='word_1_137' title='bbox 848 1312 930 1373; x_wconf 82' lang='grc' dir='ltr'>τῆς</span> <span class='ocrx_word' id='word_1_138' title='bbox 964 1309 1183 1360; x_wconf 84' lang='grc' dir='ltr'>ἁπάντων</span> <span class='ocrx_word' id='word_1_139' title='bbox 1217 1307 1332 1374; x_wconf 75' lang='grc' dir='ltr'>ζωῆς</span> <span class='ocrx_word' id='word_1_140' title='bbox 1365 1307 1562 1372; x_wconf 60' lang='grc' dir='ltr'>ἔμελλεν</span> <span class='ocrx_word' id='word_1_141' title='bbox 1593 1306 1850 1368; x_wconf 86' lang='grc' dir='ltr'>ἀνατλῆναι</span> 
     </span>
     <span class='ocr_line' id='line_1_16' title="bbox 53 1387 1849 1478; baseline -0.003 -36"><span class='ocrx_word' id='word_1_142' title='bbox 53 1403 219 1478; x_wconf 36' lang='lat' dir='ltr'>{soff-⁶</span> <span class='ocrx_word' id='word_1_143' title='bbox 279 1392 487 1457; x_wconf 89' lang='grc' dir='ltr'>σταυρόν</span> <span class='ocrx_word' id='word_1_144' title='bbox 514 1399 541 1420; x_wconf 83' lang='grc'><strong>“</strong></span> <span class='ocrx_word' id='word_1_145' title='bbox 559 1395 664 1443; x_wconf 84' lang='grc' dir='ltr'>Νῦν</span> <span class='ocrx_word' id='word_1_146' title='bbox 690 1393 842 1458; x_wconf 86' lang='grc' dir='ltr'>κρίσις</span> <span class='ocrx_word' id='word_1_147' title='bbox 875 1393 978 1442; x_wconf 80' lang='grc' dir='ltr'>ἐστὶ</span> <span class='ocrx_word' id='word_1_148' title='bbox 1010 1395 1093 1442; x_wconf 82' lang='grc' dir='ltr'>τοῦ</span> <span class='ocrx_word' id='word_1_149' title='bbox 1117 1388 1300 1451; x_wconf 87' lang='grc' dir='ltr'>κόσμου</span> <span class='ocrx_word' id='word_1_150' title='bbox 1324 1390 1504 1451; x_wconf 87' lang='grc' dir='ltr'>τούτου,</span> <span class='ocrx_word' id='word_1_151' title='bbox 1530 1394 1611 1439; x_wconf 81' lang='grc' dir='ltr'>νῦν</span> <span class='ocrx_word' id='word_1_152' title='bbox 1638 1389 1663 1438; x_wconf 82' lang='grc' dir='ltr'>ὁ</span> <span class='ocrx_word' id='word_1_153' title='bbox 1689 1387 1849 1454; x_wconf 77' lang='grc' dir='ltr'>ἅρχων</span> 
     </span>
     <span class='ocr_line' id='line_1_17' title="bbox 104 1456 1846 1542; baseline -0.003 -17"><span class='ocrx_word' id='word_1_154' title='bbox 104 1472 110 1478; x_wconf 57' lang='grc'><strong>’</strong></span> <span class='ocrx_word' id='word_1_155' title='bbox 131 1456 149 1487; x_wconf 80' lang='lat'><strong>3</strong></span> <span class='ocrx_word' id='word_1_156' title='bbox 172 1472 182 1487; x_wconf 84' lang='lat'><em>’</em></span> <span class='ocrx_word' id='word_1_157' title='bbox 207 1472 231 1478; x_wconf 47' lang='lat'>⁸¹</span> <span class='ocrx_word' id='word_1_158' title='bbox 275 1481 302 1502; x_wconf 76' lang='lat'>‘⁶</span> <span class='ocrx_word' id='word_1_159' title='bbox 327 1479 411 1524; x_wconf 88' lang='grc' dir='ltr'>τοῦ</span> <span class='ocrx_word' id='word_1_160' title='bbox 434 1473 617 1538; x_wconf 88' lang='grc' dir='ltr'>κόσμου</span> <span class='ocrx_word' id='word_1_161' title='bbox 636 1474 802 1525; x_wconf 86' lang='grc' dir='ltr'>τούτου</span> <span class='ocrx_word' id='word_1_162' title='bbox 825 1472 1171 1537; x_wconf 79' lang='grc' dir='ltr'>ἐκβληθήσεται</span> <span class='ocrx_word' id='word_1_163' title='bbox 1191 1473 1295 1542; x_wconf 77' lang='grc' dir='ltr'>ἔξω.</span> <span class='ocrx_word' id='word_1_164' title='bbox 1346 1471 1474 1536; x_wconf 85' lang='grc' dir='ltr'>κάγὼ</span> <span class='ocrx_word' id='word_1_165' title='bbox 1501 1470 1579 1521; x_wconf 80' lang='grc' dir='ltr'>ἐὰν</span> <span class='ocrx_word' id='word_1_166' title='bbox 1600 1472 1779 1538; x_wconf 76' lang='grc' dir='ltr'>ὑψωθῶ</span> <span class='ocrx_word' id='word_1_167' title='bbox 1799 1470 1846 1519; x_wconf 89' lang='grc' dir='ltr'>ἐκ</span> 
     </span>
     <span class='ocr_line' id='line_1_18' title="bbox 274 1551 1849 1621; baseline -0.003 -15"><span class='ocrx_word' id='word_1_168' title='bbox 274 1562 301 1584; x_wconf 84' lang='grc'><strong>“</strong></span> <span class='ocrx_word' id='word_1_169' title='bbox 324 1557 407 1619; x_wconf 83' lang='grc' dir='ltr'>τῆς</span> <span class='ocrx_word' id='word_1_170' title='bbox 444 1558 545 1620; x_wconf 84' lang='grc' dir='ltr'>γῆς,</span> <span class='ocrx_word' id='word_1_171' title='bbox 581 1555 761 1611; x_wconf 80' lang='grc' dir='ltr'>πάντας</span> <span class='ocrx_word' id='word_1_172' title='bbox 798 1556 985 1607; x_wconf 85' lang='grc' dir='ltr'>ἑλκύσω</span> <span class='ocrx_word' id='word_1_173' title='bbox 1027 1555 1145 1621; x_wconf 88' lang='grc' dir='ltr'>πρὸς</span> <span class='ocrx_word' id='word_1_174' title='bbox 1183 1553 1420 1618; x_wconf 87' lang='grc' dir='ltr'>ἐμαυτόν.”</span> <span class='ocrx_word' id='word_1_175' title='bbox 1488 1555 1563 1603; x_wconf 75' lang='grc' dir='ltr'>καὶ</span> <span class='ocrx_word' id='word_1_176' title='bbox 1608 1553 1661 1603; x_wconf 83' lang='grc' dir='ltr'>οὐ</span> <span class='ocrx_word' id='word_1_177' title='bbox 1700 1551 1849 1616; x_wconf 82' lang='grc' dir='ltr'>δήπου</span> 
     </span>
     <span class='ocr_line' id='line_1_19' title="bbox 275 1634 1847 1707; baseline -0.002 -20"><span class='ocrx_word' id='word_1_178' title='bbox 275 1636 441 1705; x_wconf 78' lang='grc' dir='ltr'>φαμὲν,</span> <span class='ocrx_word' id='word_1_179' title='bbox 477 1637 546 1688; x_wconf 80' lang='grc' dir='ltr'>ὅτι</span> <span class='ocrx_word' id='word_1_180' title='bbox 585 1640 740 1704; x_wconf 88' lang='grc' dir='ltr'>κρίσιν</span> <span class='ocrx_word' id='word_1_181' title='bbox 777 1638 868 1707; x_wconf 78' lang='grc' dir='ltr'>ἔφη</span> <span class='ocrx_word' id='word_1_182' title='bbox 894 1642 976 1688; x_wconf 84' lang='grc' dir='ltr'>τοῦ</span> <span class='ocrx_word' id='word_1_183' title='bbox 1014 1636 1196 1700; x_wconf 90' lang='grc' dir='ltr'>κόσμου</span> <span class='ocrx_word' id='word_1_184' title='bbox 1233 1636 1399 1688; x_wconf 88' lang='grc' dir='ltr'>τούτου</span> <span class='ocrx_word' id='word_1_185' title='bbox 1426 1634 1714 1701; x_wconf 82' lang='grc' dir='ltr'>γενήσεσθαι</span> <span class='ocrx_word' id='word_1_186' title='bbox 1738 1634 1847 1700; x_wconf 86' lang='grc' dir='ltr'>παρ’</span> 
     </span>
     <span class='ocr_line' id='line_1_20' title="bbox 275 1715 1849 1785; baseline -0.002 -16"><span class='ocrx_word' id='word_1_187' title='bbox 275 1720 416 1770; x_wconf 81' lang='grc' dir='ltr'>αὑτοῦ</span> <span class='ocrx_word' id='word_1_188' title='bbox 433 1719 551 1771; x_wconf 79' lang='grc' dir='ltr'>κατὰ</span> <span class='ocrx_word' id='word_1_189' title='bbox 568 1719 651 1770; x_wconf 87' lang='grc' dir='ltr'>τὸν</span> <span class='ocrx_word' id='word_1_190' title='bbox 666 1723 748 1784; x_wconf 81' lang='grc' dir='ltr'>τῆς</span> <span class='ocrx_word' id='word_1_191' title='bbox 763 1720 1004 1784; x_wconf 85' lang='grc' dir='ltr'>ἐπιδημίας</span> <span class='ocrx_word' id='word_1_192' title='bbox 1024 1718 1196 1785; x_wconf 86' lang='grc' dir='ltr'>καιρόν.</span> <span class='ocrx_word' id='word_1_193' title='bbox 1236 1721 1297 1772; x_wconf 91' lang='grc' dir='ltr'>ὡς</span> <span class='ocrx_word' id='word_1_194' title='bbox 1314 1717 1407 1784; x_wconf 80' lang='grc' dir='ltr'>γὰρ</span> <span class='ocrx_word' id='word_1_195' title='bbox 1426 1716 1564 1770; x_wconf 82' lang='grc' dir='ltr'>αὐτὸς</span> <span class='ocrx_word' id='word_1_196' title='bbox 1583 1717 1673 1784; x_wconf 76' lang='grc' dir='ltr'>ἔφη</span> <span class='ocrx_word' id='word_1_197' title='bbox 1689 1715 1849 1778; x_wconf 82' lang='grc' dir='ltr'>πάλιν,</span> 
     </span>
     <span class='ocr_line' id='line_1_21' title="bbox 54 1799 1849 1877; baseline 0 -30"><span class='ocrx_word' id='word_1_198' title='bbox 54 1816 105 1877; x_wconf 56' lang='lat'><strong>113.</strong></span> <span class='ocrx_word' id='word_1_199' title='bbox 125 1815 170 1847; x_wconf 81' lang='lat' dir='ltr'><strong>iii.</strong></span> <span class='ocrx_word' id='word_1_200' title='bbox 275 1808 302 1830; x_wconf 76' lang='lat'>‘⁶</span> <span class='ocrx_word' id='word_1_201' title='bbox 320 1802 425 1851; x_wconf 81' lang='grc' dir='ltr'>Οὐκ</span> <span class='ocrx_word' id='word_1_202' title='bbox 459 1802 735 1853; x_wconf 86' lang='grc' dir='ltr'>ἀπέστειλεν</span> <span class='ocrx_word' id='word_1_203' title='bbox 759 1803 784 1852; x_wconf 84' lang='grc' dir='ltr'>ὁ</span> <span class='ocrx_word' id='word_1_204' title='bbox 811 1800 930 1854; x_wconf 84' lang='grc' dir='ltr'>Θεὸς</span> <span class='ocrx_word' id='word_1_205' title='bbox 955 1800 1037 1851; x_wconf 85' lang='grc' dir='ltr'>τὸν</span> <span class='ocrx_word' id='word_1_206' title='bbox 1062 1800 1180 1851; x_wconf 76' lang='grc' dir='ltr'>Υὶὸν</span> <span class='ocrx_word' id='word_1_207' title='bbox 1205 1804 1267 1854; x_wconf 80' lang='grc' dir='ltr'>εἷς</span> <span class='ocrx_word' id='word_1_208' title='bbox 1289 1799 1371 1851; x_wconf 86' lang='grc' dir='ltr'>τὸν</span> <span class='ocrx_word' id='word_1_209' title='bbox 1398 1799 1592 1863; x_wconf 79' lang='grc' dir='ltr'>κόσμον,</span> <span class='ocrx_word' id='word_1_210' title='bbox 1618 1799 1693 1849; x_wconf 85' lang='grc' dir='ltr'>ἵνα</span> <span class='ocrx_word' id='word_1_211' title='bbox 1718 1799 1849 1866; x_wconf 85' lang='grc' dir='ltr'>κρίνῃ</span> 
     </span>
     <span class='ocr_line' id='line_1_22' title="bbox 275 1879 1850 1950; baseline -0.003 -16"><span class='ocrx_word' id='word_1_212' title='bbox 275 1891 301 1913; x_wconf 85' lang='grc'><strong>“</strong></span> <span class='ocrx_word' id='word_1_213' title='bbox 326 1882 408 1934; x_wconf 86' lang='grc' dir='ltr'>τὸν</span> <span class='ocrx_word' id='word_1_214' title='bbox 433 1883 629 1947; x_wconf 87' lang='grc' dir='ltr'>κόσμον,</span> <span class='ocrx_word' id='word_1_215' title='bbox 656 1883 765 1934; x_wconf 83' lang='grc' dir='ltr'>ἀλλ’</span> <span class='ocrx_word' id='word_1_216' title='bbox 792 1883 866 1934; x_wconf 82' lang='grc' dir='ltr'>ἵνα</span> <span class='ocrx_word' id='word_1_217' title='bbox 890 1886 1026 1950; x_wconf 80' lang='grc' dir='ltr'>σωθῇ</span> <span class='ocrx_word' id='word_1_218' title='bbox 1053 1883 1077 1933; x_wconf 85' lang='grc' dir='ltr'>ὀ</span> <span class='ocrx_word' id='word_1_219' title='bbox 1105 1881 1284 1946; x_wconf 87' lang='grc' dir='ltr'>κόσμος</span> <span class='ocrx_word' id='word_1_220' title='bbox 1314 1884 1369 1933; x_wconf 89' lang='grc' dir='ltr'>δι’</span> <span class='ocrx_word' id='word_1_221' title='bbox 1399 1881 1581 1933; x_wconf 84' lang='grc' dir='ltr'>αὐτοῦ.”</span> <span class='ocrx_word' id='word_1_222' title='bbox 1621 1880 1778 1946; x_wconf 89' lang='grc' dir='ltr'>κρίσιν</span> <span class='ocrx_word' id='word_1_223' title='bbox 1803 1879 1850 1931; x_wconf 80' lang='grc' dir='ltr'>δὲ</span> 
     </span>
     <span class='ocr_line' id='line_1_23' title="bbox 229 1963 1848 2035; baseline -0.002 -19"><span class='ocrx_word' id='word_1_224' title='bbox 229 1969 255 2010; x_wconf 85' lang='lat' dir='ltr'>b</span> <span class='ocrx_word' id='word_1_225' title='bbox 274 1964 392 2017; x_wconf 78' lang='grc' dir='ltr'>εἶναι’</span> <span class='ocrx_word' id='word_1_226' title='bbox 413 1970 536 2035; x_wconf 93' lang='grc' dir='ltr'>φησι</span> <span class='ocrx_word' id='word_1_227' title='bbox 561 1965 646 2030; x_wconf 86' lang='grc' dir='ltr'>τὴν</span> <span class='ocrx_word' id='word_1_228' title='bbox 684 1965 828 2031; x_wconf 81' lang='grc' dir='ltr'>ὀρθὴν</span> <span class='ocrx_word' id='word_1_229' title='bbox 866 1967 940 2016; x_wconf 75' lang='grc' dir='ltr'>καὶ</span> <span class='ocrx_word' id='word_1_230' title='bbox 971 1965 1224 2029; x_wconf 79' lang='grc' dir='ltr'>ἀμώμητον</span> <span class='ocrx_word' id='word_1_231' title='bbox 1251 1966 1383 2015; x_wconf 78' lang='grc' dir='ltr'>οἱονεὶ</span> <span class='ocrx_word' id='word_1_232' title='bbox 1410 1963 1718 2014; x_wconf 89' lang='grc' dir='ltr'>διαδικασίαν.</span> <span class='ocrx_word' id='word_1_233' title='bbox 1773 1963 1848 2012; x_wconf 87' lang='grc' dir='ltr'>δε-</span> 
     </span>
     <span class='ocr_line' id='line_1_24' title="bbox 274 2044 1848 2116; baseline -0.004 -17"><span class='ocrx_word' id='word_1_234' title='bbox 274 2049 429 2099; x_wconf 87' lang='grc' dir='ltr'>δίκακε</span> <span class='ocrx_word' id='word_1_235' title='bbox 455 2046 561 2114; x_wconf 80' lang='grc' dir='ltr'>γὰρ,</span> <span class='ocrx_word' id='word_1_236' title='bbox 589 2050 650 2101; x_wconf 85' lang='grc' dir='ltr'>ὡς</span> <span class='ocrx_word' id='word_1_237' title='bbox 684 2047 815 2116; x_wconf 74' lang='grc' dir='ltr'>ἔφην,</span> <span class='ocrx_word' id='word_1_238' title='bbox 843 2048 993 2113; x_wconf 82' lang='grc' dir='ltr'>ὀρθῶς</span> <span class='ocrx_word' id='word_1_239' title='bbox 1027 2049 1102 2097; x_wconf 79' lang='grc' dir='ltr'>καὶ</span> <span class='ocrx_word' id='word_1_240' title='bbox 1136 2050 1405 2113; x_wconf 88' lang='grc' dir='ltr'>θεοπρεπῶς</span> <span class='ocrx_word' id='word_1_241' title='bbox 1437 2046 1545 2110; x_wconf 81' lang='grc' dir='ltr'>ἡμῖν</span> <span class='ocrx_word' id='word_1_242' title='bbox 1569 2067 1616 2095; x_wconf 85' lang='grc' dir='ltr'>τε</span> <span class='ocrx_word' id='word_1_243' title='bbox 1642 2044 1848 2112; x_wconf 77' lang='grc' dir='ltr'>κάκείνῳ,</span> 
     </span>
     <span class='ocr_line' id='line_1_25' title="bbox 274 2125 1851 2195; baseline -0.004 -14"><span class='ocrx_word' id='word_1_244' title='bbox 274 2132 350 2181; x_wconf 76' lang='grc' dir='ltr'>καὶ</span> <span class='ocrx_word' id='word_1_245' title='bbox 384 2131 567 2181; x_wconf 87' lang='grc' dir='ltr'>σέσωκε</span> <span class='ocrx_word' id='word_1_246' title='bbox 604 2128 689 2192; x_wconf 77' lang='grc' dir='ltr'>μὲν</span> <span class='ocrx_word' id='word_1_247' title='bbox 727 2129 860 2193; x_wconf 81' lang='grc' dir='ltr'>ἡμᾶς,</span> <span class='ocrx_word' id='word_1_248' title='bbox 887 2128 1093 2183; x_wconf 84' lang='grc' dir='ltr'>ἑλκύσας</span> <span class='ocrx_word' id='word_1_249' title='bbox 1130 2128 1248 2195; x_wconf 88' lang='grc' dir='ltr'>πρὸς</span> <span class='ocrx_word' id='word_1_250' title='bbox 1287 2126 1464 2179; x_wconf 84' lang='grc' dir='ltr'>ἑαυτόν·</span> <span class='ocrx_word' id='word_1_251' title='bbox 1507 2127 1765 2189; x_wconf 77' lang='grc' dir='ltr'>ἐκβέβληκε</span> <span class='ocrx_word' id='word_1_252' title='bbox 1803 2125 1851 2176; x_wconf 80' lang='grc' dir='ltr'>δὲ</span> 
     </span>
     <span class='ocr_line' id='line_1_26' title="bbox 273 2209 1846 2277; baseline -0.004 -14"><span class='ocrx_word' id='word_1_253' title='bbox 273 2216 357 2277; x_wconf 82' lang='grc' dir='ltr'>τῆς</span> <span class='ocrx_word' id='word_1_254' title='bbox 390 2213 492 2263; x_wconf 86' lang='grc' dir='ltr'>καθ’</span> <span class='ocrx_word' id='word_1_255' title='bbox 521 2211 652 2276; x_wconf 85' lang='grc' dir='ltr'>ἡμῶν</span> <span class='ocrx_word' id='word_1_256' title='bbox 684 2210 951 2277; x_wconf 88' lang='grc' dir='ltr'>τυραννίδος</span> <span class='ocrx_word' id='word_1_257' title='bbox 987 2211 1070 2261; x_wconf 85' lang='grc' dir='ltr'>τὸν</span> <span class='ocrx_word' id='word_1_258' title='bbox 1105 2209 1476 2262; x_wconf 79' lang='grc' dir='ltr'>πλεονεκτοῦντά</span> <span class='ocrx_word' id='word_1_259' title='bbox 1512 2232 1562 2259; x_wconf 90' lang='grc' dir='ltr'>τε</span> <span class='ocrx_word' id='word_1_260' title='bbox 1601 2210 1676 2259; x_wconf 77' lang='grc' dir='ltr'>καὶ</span> <span class='ocrx_word' id='word_1_261' title='bbox 1715 2209 1846 2258; x_wconf 89' lang='grc' dir='ltr'>διολ-</span> 
     </span>
     <span class='ocr_line' id='line_1_27' title="bbox 276 2291 1851 2357; baseline -0.004 -11"><span class='ocrx_word' id='word_1_262' title='bbox 276 2295 424 2346; x_wconf 88' lang='grc' dir='ltr'>λύντα</span> <span class='ocrx_word' id='word_1_263' title='bbox 447 2295 683 2348; x_wconf 90' lang='grc' dir='ltr'>ποικίλως.</span> <span class='ocrx_word' id='word_1_264' title='bbox 747 2293 1039 2357; x_wconf 83' lang='grc' dir='ltr'>σεσώσμεθα</span> <span class='ocrx_word' id='word_1_265' title='bbox 1077 2292 1133 2356; x_wconf 89' lang='grc' dir='ltr'>δὴ</span> <span class='ocrx_word' id='word_1_266' title='bbox 1167 2294 1248 2344; x_wconf 78' lang='grc' dir='ltr'>οὖν</span> <span class='ocrx_word' id='word_1_267' title='bbox 1285 2292 1524 2345; x_wconf 84' lang='grc' dir='ltr'>ἐλεοῦντός</span> <span class='ocrx_word' id='word_1_268' title='bbox 1549 2313 1599 2342; x_wconf 90' lang='grc' dir='ltr'>τε</span> <span class='ocrx_word' id='word_1_269' title='bbox 1630 2291 1750 2355; x_wconf 83' lang='grc' dir='ltr'>ἡμᾶς</span> <span class='ocrx_word' id='word_1_270' title='bbox 1776 2293 1851 2341; x_wconf 83' lang='grc' dir='ltr'>καὶ</span> 
     </span>
     <span class='ocr_line' id='line_1_28' title="bbox 55 2373 1854 2443; baseline -0.002 -16"><span class='ocrx_word' id='word_1_271' title='bbox 55 2390 224 2431; x_wconf 63' lang='grc' dir='ltr'>Τὶῡ-ὶίἰ-ε-</span> <span class='ocrx_word' id='word_1_272' title='bbox 277 2375 668 2443; x_wconf 86' lang='grc' dir='ltr'>κατοικτείροντος</span> <span class='ocrx_word' id='word_1_273' title='bbox 705 2379 843 2427; x_wconf 85' lang='grc' dir='ltr'>Θεοῦ.</span> <span class='ocrx_word' id='word_1_274' title='bbox 913 2374 1243 2438; x_wconf 81' lang='grc' dir='ltr'>δεδικαιώμεθα</span> <span class='ocrx_word' id='word_1_275' title='bbox 1279 2373 1386 2440; x_wconf 76' lang='grc' dir='ltr'>γὰρ,</span> <span class='ocrx_word' id='word_1_276' title='bbox 1426 2381 1453 2403; x_wconf 77' lang='lat'>‘⁴</span> <span class='ocrx_word' id='word_1_277' title='bbox 1471 2375 1575 2425; x_wconf 83' lang='grc' dir='ltr'>Οὐκ</span> <span class='ocrx_word' id='word_1_278' title='bbox 1612 2373 1670 2442; x_wconf 75' lang='grc' dir='ltr'>ἐξ</span> <span class='ocrx_word' id='word_1_279' title='bbox 1703 2373 1854 2439; x_wconf 73' lang='grc' dir='ltr'>ε”ργων</span> 
     </span>
     <span class='ocr_line' id='line_1_29' title="bbox 278 2452 1853 2522; baseline -0.002 -14"><span class='ocrx_word' id='word_1_280' title='bbox 278 2465 304 2487; x_wconf 81' lang='grc'><strong>“</strong></span> <span class='ocrx_word' id='word_1_281' title='bbox 332 2458 626 2522; x_wconf 85' lang='grc' dir='ltr'>δικαιοσύνης</span> <span class='ocrx_word' id='word_1_282' title='bbox 652 2455 682 2508; x_wconf 78' lang='grc' dir='ltr'><em>ἃ</em></span> <span class='ocrx_word' id='word_1_283' title='bbox 706 2456 992 2522; x_wconf 86' lang='grc' dir='ltr'>ἐποιήσαμεν</span> <span class='ocrx_word' id='word_1_284' title='bbox 1017 2457 1158 2521; x_wconf 83' lang='grc' dir='ltr'>ἡμεῖς,</span> <span class='ocrx_word' id='word_1_285' title='bbox 1185 2455 1315 2506; x_wconf 80' lang='grc' dir='ltr'>ἀλλὰ</span> <span class='ocrx_word' id='word_1_286' title='bbox 1340 2454 1458 2507; x_wconf 83' lang='grc' dir='ltr'>κατὰ</span> <span class='ocrx_word' id='word_1_287' title='bbox 1481 2454 1535 2506; x_wconf 86' lang='grc' dir='ltr'>τὸ</span> <span class='ocrx_word' id='word_1_288' title='bbox 1559 2452 1686 2507; x_wconf 75' lang='grc' dir='ltr'>πολὺ</span> <span class='ocrx_word' id='word_1_289' title='bbox 1711 2456 1853 2506; x_wconf 82' lang='grc' dir='ltr'>αὐτοῦ</span> 
     </span>
    </p>

    <p class='ocr_par' dir='ltr' id='par_1_9' title="bbox 280 2535 1854 2606">
     <span class='ocr_line' id='line_1_30' title="bbox 280 2535 1854 2606; baseline 0 -18"><span class='ocrx_word' id='word_1_290' title='bbox 280 2546 305 2566; x_wconf 83' lang='grc'>“</span> <span class='ocrx_word' id='word_1_291' title='bbox 331 2538 498 2599; x_wconf 75' lang='grc' dir='ltr'>ε”λεος,”</span> <span class='ocrx_word' id='word_1_292' title='bbox 545 2539 666 2590; x_wconf 80' lang='grc' dir='ltr'>καθὰ</span> <span class='ocrx_word' id='word_1_293' title='bbox 707 2539 984 2606; x_wconf 83' lang='grc' dir='ltr'>γέγραπται·</span> <span class='ocrx_word' id='word_1_294' title='bbox 1043 2537 1306 2602; x_wconf 75' lang='grc' dir='ltr'>κεκλήμεθα</span> <span class='ocrx_word' id='word_1_295' title='bbox 1349 2561 1398 2589; x_wconf 89' lang='grc' dir='ltr'>τε</span> <span class='ocrx_word' id='word_1_296' title='bbox 1437 2536 1555 2604; x_wconf 86' lang='grc' dir='ltr'>πρὸς</span> <span class='ocrx_word' id='word_1_297' title='bbox 1599 2535 1854 2602; x_wconf 81' lang='grc' dir='ltr'>οἰκειότητα</span> 
     </span>
    </p>

    <p class='ocr_par' dir='ltr' id='par_1_10' title="bbox 241 2618 1853 2688">
     <span class='ocr_line' id='line_1_31' title="bbox 241 2618 1853 2688; baseline 0.001 -19"><span class='ocrx_word' id='word_1_298' title='bbox 241 2640 261 2664; x_wconf 74' lang='lat'>(-</span> <span class='ocrx_word' id='word_1_299' title='bbox 280 2618 364 2684; x_wconf 82' lang='grc' dir='ltr'>τὴν</span> <span class='ocrx_word' id='word_1_300' title='bbox 388 2621 700 2686; x_wconf 86' lang='grc' dir='ltr'>πνευματικὴν</span> <span class='ocrx_word' id='word_1_301' title='bbox 726 2620 801 2673; x_wconf 81' lang='grc' dir='ltr'>διὰ</span> <span class='ocrx_word' id='word_1_302' title='bbox 825 2623 1045 2674; x_wconf 86' lang='grc' dir='ltr'>πίστεως·</span> <span class='ocrx_word' id='word_1_303' title='bbox 1088 2620 1358 2685; x_wconf 87' lang='grc' dir='ltr'>κεκλημένοι</span> <span class='ocrx_word' id='word_1_304' title='bbox 1377 2643 1427 2671; x_wconf 90' lang='grc' dir='ltr'>τε</span> <span class='ocrx_word' id='word_1_305' title='bbox 1453 2622 1588 2683; x_wconf 79' lang='grc' dir='ltr'>οὕτω,</span> <span class='ocrx_word' id='word_1_306' title='bbox 1607 2619 1690 2671; x_wconf 87' lang='grc' dir='ltr'>τὸν</span> <span class='ocrx_word' id='word_1_307' title='bbox 1709 2619 1853 2688; x_wconf 90' lang='grc' dir='ltr'>φύσει</span> 
     </span>
    </p>
   </div>
   <div class='ocr_carea' id='block_1_6' title="bbox 278 2775 1854 3011">
    <p class='ocr_par' dir='ltr' id='par_1_11' title="bbox 278 2775 1854 3011">
     <span class='ocr_line' id='line_1_32' title="bbox 328 2775 1854 2824; baseline 0.003 -16"><span class='ocrx_word' id='word_1_308' title='bbox 328 2786 358 2808; x_wconf 88' lang='lat'>1.</span> <span class='ocrx_word' id='word_1_309' title='bbox 383 2775 543 2819; x_wconf 77' lang='grc' dir='ltr'>ἐπημὺναι</span> <span class='ocrx_word' id='word_1_310' title='bbox 563 2778 608 2811; x_wconf 91' lang='lat' dir='ltr'>D.</span> <span class='ocrx_word' id='word_1_311' title='bbox 858 2792 892 2822; x_wconf 87' lang='lat'>4.</span> <span class='ocrx_word' id='word_1_312' title='bbox 919 2778 1094 2824; x_wconf 84' lang='grc' dir='ltr'>ἐπαρωγὸν</span> <span class='ocrx_word' id='word_1_313' title='bbox 1112 2778 1158 2812; x_wconf 88' lang='lat' dir='ltr'>D.</span> <span class='ocrx_word' id='word_1_314' title='bbox 1176 2778 1330 2823; x_wconf 80' lang='grc' dir='ltr'>ἀρρωγὸν</span> <span class='ocrx_word' id='word_1_315' title='bbox 1348 2778 1439 2813; x_wconf 90' lang='lat' dir='ltr'><strong>Edd.</strong></span> <span class='ocrx_word' id='word_1_316' title='bbox 1676 2788 1708 2824; x_wconf 88' lang='lat'>7.</span> <span class='ocrx_word' id='word_1_317' title='bbox 1734 2781 1854 2824; x_wconf 86' lang='grc' dir='ltr'>κρινεῖς</span> 
     </span>
     <span class='ocr_line' id='line_1_33' title="bbox 281 2821 1852 2870; baseline 0.003 -16"><span class='ocrx_word' id='word_1_318' title='bbox 281 2821 326 2854; x_wconf 90' lang='lat' dir='ltr'>D.</span> <span class='ocrx_word' id='word_1_319' title='bbox 348 2821 468 2866; x_wconf 78' lang='lat' dir='ltr'><strong>[Thes.</strong></span> <span class='ocrx_word' id='word_1_320' title='bbox 489 2833 554 2868; x_wconf 86' lang='lat'>377</span> <span class='ocrx_word' id='word_1_321' title='bbox 575 2823 634 2869; x_wconf 88' lang='lat' dir='ltr'>C.]</span> <span class='ocrx_word' id='word_1_322' title='bbox 654 2826 764 2870; x_wconf 86' lang='grc' dir='ltr'>κρίνον</span> <span class='ocrx_word' id='word_1_323' title='bbox 782 2826 825 2860; x_wconf 89' lang='grc' dir='ltr'>Β.</span> <span class='ocrx_word' id='word_1_324' title='bbox 844 2828 954 2870; x_wconf 85' lang='grc' dir='ltr'>κρῖνον</span> <span class='ocrx_word' id='word_1_325' title='bbox 973 2825 1064 2860; x_wconf 88' lang='lat' dir='ltr'><strong>Edd.</strong></span> <span class='ocrx_word' id='word_1_326' title='bbox 1204 2829 1236 2859; x_wconf 75' lang='grc' dir='ltr'>ὅ.</span> <span class='ocrx_word' id='word_1_327' title='bbox 1263 2827 1281 2859; x_wconf 90' lang='grc' dir='ltr'>ὁ</span> <span class='ocrx_word' id='word_1_328' title='bbox 1298 2837 1368 2859; x_wconf 85' lang='lat'><strong>0111.</strong></span> <span class='ocrx_word' id='word_1_329' title='bbox 1387 2826 1434 2860; x_wconf 92' lang='lat' dir='ltr'>D.</span> <span class='ocrx_word' id='word_1_330' title='bbox 1584 2838 1616 2870; x_wconf 85' lang='lat'>9.</span> <span class='ocrx_word' id='word_1_331' title='bbox 1643 2828 1696 2860; x_wconf 87' lang='grc' dir='ltr'>καὶ</span> <span class='ocrx_word' id='word_1_332' title='bbox 1713 2837 1783 2860; x_wconf 89' lang='lat' dir='ltr'>om.</span> <span class='ocrx_word' id='word_1_333' title='bbox 1804 2826 1852 2860; x_wconf 92' lang='lat' dir='ltr'>D.</span> 
     </span>
     <span class='ocr_line' id='line_1_34' title="bbox 283 2868 1852 2919; baseline 0.004 -19"><span class='ocrx_word' id='word_1_334' title='bbox 283 2878 335 2901; x_wconf 88' lang='lat'><strong>11.</strong></span> <span class='ocrx_word' id='word_1_335' title='bbox 358 2868 460 2919; x_wconf 23' lang='lat' dir='ltr'>‘Haec</span> <span class='ocrx_word' id='word_1_336' title='bbox 478 2871 531 2903; x_wconf 83' lang='grc' dir='ltr'>καὶ</span> <span class='ocrx_word' id='word_1_337' title='bbox 548 2871 605 2904; x_wconf 86' lang='grc' dir='ltr'>οὐκ</span> <span class='ocrx_word' id='word_1_338' title='bbox 622 2872 799 2916; x_wconf 79' lang='grc' dir='ltr'>εὐάντητον</span> <span class='ocrx_word' id='word_1_339' title='bbox 816 2879 1036 2907; x_wconf 81' lang='lat' dir='ltr'>accesserunt</span> <span class='ocrx_word' id='word_1_340' title='bbox 1053 2885 1094 2906; x_wconf 86' lang='lat' dir='ltr'>ex</span> <span class='ocrx_word' id='word_1_341' title='bbox 1114 2872 1160 2907; x_wconf 87' lang='lat' dir='ltr'>D.</span> <span class='ocrx_word' id='word_1_342' title='bbox 1407 2884 1458 2915; x_wconf 87' lang='lat'>14.</span> <span class='ocrx_word' id='word_1_343' title='bbox 1485 2874 1542 2907; x_wconf 88' lang='grc' dir='ltr'>νῦν</span> <span class='ocrx_word' id='word_1_344' title='bbox 1561 2872 1606 2907; x_wconf 87' lang='lat' dir='ltr'>D.</span> <span class='ocrx_word' id='word_1_345' title='bbox 1625 2873 1679 2906; x_wconf 83' lang='grc' dir='ltr'>καὶ</span> <span class='ocrx_word' id='word_1_346' title='bbox 1697 2872 1739 2906; x_wconf 90' lang='grc' dir='ltr'>Β.</span> <span class='ocrx_word' id='word_1_347' title='bbox 1760 2872 1852 2906; x_wconf 87' lang='lat' dir='ltr'><strong>Edd.</strong></span> 
     </span>
     <span class='ocr_line' id='line_1_35' title="bbox 280 2914 1849 2965; baseline 0.004 -19"><span class='ocrx_word' id='word_1_348' title='bbox 280 2914 404 2948; x_wconf 79' lang='lat' dir='ltr'>Statlm</span> <span class='ocrx_word' id='word_1_349' title='bbox 423 2917 441 2947; x_wconf 81' lang='grc' dir='ltr'>ὁ</span> <span class='ocrx_word' id='word_1_350' title='bbox 458 2924 677 2961; x_wconf 76' lang='lat' dir='ltr'>assumptum</span> <span class='ocrx_word' id='word_1_351' title='bbox 695 2931 735 2952; x_wconf 79' lang='lat' dir='ltr'>ex</span> <span class='ocrx_word' id='word_1_352' title='bbox 756 2920 847 2953; x_wconf 90' lang='lat' dir='ltr'><strong>B.D.</strong></span> <span class='ocrx_word' id='word_1_353' title='bbox 977 2919 1029 2953; x_wconf 86' lang='lat'><strong>16.</strong></span> <span class='ocrx_word' id='word_1_354' title='bbox 1052 2921 1160 2953; x_wconf 86' lang='grc' dir='ltr'>πάντα</span> <span class='ocrx_word' id='word_1_355' title='bbox 1179 2918 1269 2954; x_wconf 86' lang='lat' dir='ltr'><strong>Edd.</strong></span> <span class='ocrx_word' id='word_1_356' title='bbox 1289 2919 1404 2953; x_wconf 83' lang='lat' dir='ltr'>invitis</span> <span class='ocrx_word' id='word_1_357' title='bbox 1424 2919 1516 2953; x_wconf 86' lang='lat' dir='ltr'><strong>B.D.</strong></span> <span class='ocrx_word' id='word_1_358' title='bbox 1632 2929 1685 2965; x_wconf 88' lang='lat'>17.</span> <span class='ocrx_word' id='word_1_359' title='bbox 1703 2918 1849 2964; x_wconf 86' lang='grc' dir='ltr'>κόσμου]</span> 
     </span>
     <span class='ocr_line' id='line_1_36' title="bbox 278 2961 1851 3011; baseline 0.004 -18"><span class='ocrx_word' id='word_1_360' title='bbox 278 2961 395 2994; x_wconf 77' lang='grc' dir='ltr'>αἰῶνος</span> <span class='ocrx_word' id='word_1_361' title='bbox 414 2961 459 2994; x_wconf 93' lang='lat' dir='ltr'>D.</span> <span class='ocrx_word' id='word_1_362' title='bbox 604 2975 659 2998; x_wconf 74' lang='lat'>22,</span> <span class='ocrx_word' id='word_1_363' title='bbox 687 2965 782 2999; x_wconf 81' lang='lat' dir='ltr'>Haec</span> <span class='ocrx_word' id='word_1_364' title='bbox 800 2967 852 2999; x_wconf 81' lang='grc' dir='ltr'>καὶ</span> <span class='ocrx_word' id='word_1_365' title='bbox 871 2966 1063 3009; x_wconf 80' lang='grc' dir='ltr'>θεοπρεπῶς</span> <span class='ocrx_word' id='word_1_366' title='bbox 1079 2972 1300 3000; x_wconf 79' lang='lat' dir='ltr'>accesserunt</span> <span class='ocrx_word' id='word_1_367' title='bbox 1317 2978 1357 2999; x_wconf 82' lang='lat' dir='ltr'>ex</span> <span class='ocrx_word' id='word_1_368' title='bbox 1378 2967 1422 3000; x_wconf 87' lang='lat' dir='ltr'><strong>D.</strong></span> <span class='ocrx_word' id='word_1_369' title='bbox 1554 2977 1608 3011; x_wconf 82' lang='lat'>23·</span> <span class='ocrx_word' id='word_1_370' title='bbox 1638 2967 1698 3008; x_wconf 82' lang='grc' dir='ltr'>μὲν</span> <span class='ocrx_word' id='word_1_371' title='bbox 1714 2978 1784 3000; x_wconf 86' lang='lat' dir='ltr'><strong>orn.</strong></span> <span class='ocrx_word' id='word_1_372' title='bbox 1804 2966 1851 3000; x_wconf 89' lang='lat' dir='ltr'><strong>D.</strong></span> 
     </span>
    </p>
   </div>
   <div class='ocr_carea' id='block_1_7' title="bbox 280 3008 1441 3056">
    <p class='ocr_par' dir='ltr' id='par_1_12' title="bbox 280 3008 1441 3056">
     <span class='ocr_line' id='line_1_37' title="bbox 280 3008 1441 3056; baseline 0.005 -15"><span class='ocrx_word' id='word_1_373' title='bbox 280 3018 335 3051; x_wconf 83' lang='lat'>27.</span> <span class='ocrx_word' id='word_1_374' title='bbox 361 3008 569 3053; x_wconf 63' lang='grc' dir='ltr'>δικαιοσύνης</span> <span class='ocrx_word' id='word_1_375' title='bbox 591 3010 681 3044; x_wconf 59' lang='grc' dir='ltr'>ΒΧ).</span> <span class='ocrx_word' id='word_1_376' title='bbox 701 3015 765 3045; x_wconf 76' lang='grc' dir='ltr'>τῶν</span> <span class='ocrx_word' id='word_1_377' title='bbox 782 3013 816 3046; x_wconf 76' lang='grc' dir='ltr'>ἐν</span> <span class='ocrx_word' id='word_1_378' title='bbox 834 3013 1025 3056; x_wconf 80' lang='grc' dir='ltr'>δικαιοσύνῃ</span> <span class='ocrx_word' id='word_1_379' title='bbox 1047 3013 1135 3047; x_wconf 85' lang='lat' dir='ltr'><strong>Edd.</strong></span> <span class='ocrx_word' id='word_1_380' title='bbox 1185 3011 1204 3046; x_wconf 76' lang='grc' dir='ltr'><em>ἃ</em></span> <span class='ocrx_word' id='word_1_381' title='bbox 1225 3013 1270 3047; x_wconf 82' lang='grc' dir='ltr'>Ι).</span> <span class='ocrx_word' id='word_1_382' title='bbox 1289 3010 1334 3046; x_wconf 77' lang='grc' dir='ltr'>ῶν</span> <span class='ocrx_word' id='word_1_383' title='bbox 1351 3012 1441 3047; x_wconf 82' lang='lat' dir='ltr'><strong>Edd.</strong></span> 
     </span>
    </p>
   </div>
   <div class='ocr_carea' id='block_1_8' title="bbox 1871 1087 1917 1112">
    <p class='ocr_par' dir='ltr' id='par_1_13' title="bbox 1871 1087 1917 1112">
     <span class='ocr_line' id='line_1_38' title="bbox 1871 1087 1917 1112; baseline 0.022 -1"><span class='ocrx_word' id='word_1_384' title='bbox 1871 1087 1917 1112; x_wconf 90' lang='lat'>10</span> 
     </span>
    </p>
   </div>
   <div class='ocr_carea' id='block_1_9' title="bbox 1873 1490 1917 1529">
    <p class='ocr_par' dir='ltr' id='par_1_14' title="bbox 1873 1490 1917 1529">
     <span class='ocr_line' id='line_1_39' title="bbox 1873 1490 1917 1529; baseline 0 0"><span class='ocrx_word' id='word_1_385' title='bbox 1873 1490 1917 1529; x_wconf 87' lang='lat'>¹5</span> 
     </span>
    </p>
   </div>
   <div class='ocr_carea' id='block_1_10' title="bbox 1871 1906 1919 1931">
    <p class='ocr_par' dir='ltr' id='par_1_15' title="bbox 1871 1906 1919 1931">
     <span class='ocr_line' id='line_1_40' title="bbox 1871 1906 1919 1931; baseline 0 0"><span class='ocrx_word' id='word_1_386' title='bbox 1871 1906 1919 1931; x_wconf 92' lang='lat'>20</span> 
     </span>
    </p>
   </div>
   <div class='ocr_carea' id='block_1_11' title="bbox 1988 0 2021 1686">
    <p class='ocr_par' dir='ltr' id='par_1_16' title="bbox 1988 0 2021 1686">
     <span class='ocr_line' id='line_1_41' title="bbox 1988 0 2021 1686; baseline 0 0"><span class='ocrx_word' id='word_1_387' title='bbox 1988 0 2021 1686; x_wconf 95' lang='lat' dir='ltr'> </span> 
     </span>
    </p>
   </div>
   <div class='ocr_carea' id='block_1_12' title="bbox 1996 2971 2021 3434">
    <p class='ocr_par' dir='ltr' id='par_1_17' title="bbox 1996 2971 2021 3434">
     <span class='ocr_line' id='line_1_42' title="bbox 1996 2971 2021 3434; baseline 0 0"><span class='ocrx_word' id='word_1_388' title='bbox 1996 2971 2021 3434; x_wconf 95' lang='lat' dir='ltr'> </span> 
     </span>
    </p>
   </div>
  </div>
 </body>
</html>
