2021 3434
94 171 165 213 vii.
191 185 226 222 Ι,
250 185 286 214 2.
538 172 610 214 IN
652 173 890 215 OSEAM.
952 171 1101 213 TOM.
1139 170 1216 212 IV.
1588 165 1664 205 151

95 283 177 343 Τῆς
222 283 484 348 Σαμαρείας
532 286 608 334 καὶ
659 289 740 335 τοῦ
786 282 1002 349 Ἰσραὴλ,
1043 281 1232 348 πρώτας
1279 275 1562 339 ἀπεκόμισεν
1609 277 1672 326 εὶς

96 365 426 429 αἰχμαλωσίαν
459 364 542 420 τὰς
574 367 721 433 πέραν
754 371 836 416 τοῦ
858 363 1096 431 Ἰορδάνου
1130 361 1301 431 φυλάς.
1365 359 1503 412 πόλις
1534 355 1583 406 δὲ
1615 353 1673 419 ἧν

95 450 190 496 τῶν
233 448 378 498 ἐκεῖσε
420 449 501 510 μία
545 450 619 499 καὶ
661 449 689 513 ἡ
735 447 946 499 Γαλαάδ.
1030 448 1194 498 οὐκοῦν
1238 442 1399 509 ὥσπερ
1443 441 1546 509 ἐμοῦ
1590 437 1674 489 τὸν

95 527 297 593 Ἰσραὴλ
341 528 685 600 ἐπιστρέφοντος,
725 530 987 599 ἀρξαμένου
1030 552 1078 580 τε
1128 525 1346 578 ἰάσασθαι
1385 522 1567 583 λοιπὸν,
1609 518 1675 571 σὺ

58 609 382 678 5Τέ7ΡῦΎηκῶς,
423 609 459 662 ὦ
500 616 786 675 Γαλααδῖτα,
828 618 999 681 σεαυτῷ
1036 609 1094 662 τὰ
1133 607 1225 660 ἀπὸ
1264 607 1501 676 λῃστείας·
1556 604 1675 654 οὕτω

100 690 231 758 κάγὼ
256 693 539 760 παραδιδοὺς
562 695 839 761 Ἀσσυρίοις
869 693 951 745 τὸν
975 691 1191 759 Ἰσραὴλ,
1217 689 1274 741 σὲ
1300 687 1559 753 ποιήσομαι
1583 690 1678 737 τῶν

100 775 409 838 πεμπομένων
434 775 520 840 τὴν
545 775 778 844 ἀπαρχήν.

178 860 393 922 Συγγενῆ
435 858 483 909 δὲ
522 858 581 910 τὰ
623 861 794 926 ἀρχαῖα
831 862 926 911 τοῖς
966 858 1040 908 ἐπὶ
1077 857 1277 923 Χριστῷ
1314 857 1408 903 τῶν
1444 849 1682 901 Ἰουδαίων

103 938 391 1003 ἐγκλήματα.
457 940 611 991 ἐκάλει
648 939 731 1003 μὲν
765 939 858 1007 γὰρ
895 940 1151 1002 σύμπαντα
1175 936 1256 987 τὸν
1281 931 1481 1001 Ἰσραὴλ
1510 934 1534 983 ὃ
1563 930 1682 984 Θεὸς
1701 955 1722 980 c

38 1045 84 1069 10
105 1024 179 1071 καὶ
219 1021 387 1088 Πατὴρ
425 1026 487 1077 εἷς
523 1022 576 1081 τὸ
615 1024 808 1074 ἑλέσθαι
848 1021 1017 1074 λοιπὸν
1055 1020 1113 1072 τὰ
1158 1019 1328 1083 ἀμείνω
1368 1019 1570 1084 φρονεῖν,
1609 1015 1685 1064 καὶ

104 1104 368 1173 καταλῆξαι
396 1104 482 1169 μὲν
507 1108 589 1169 τῆς
619 1107 667 1156 ἐν
697 1105 824 1175 νόμῳ
856 1104 1085 1171 λατρείας,
1112 1101 1395 1153 ἀνθελέσθαι
1422 1097 1470 1149 δὲ
1494 1101 1686 1161 μᾶλλον

65 1223 76 1238 -;
104 1187 275 1250 ἐκείνης
308 1186 394 1251 τὴν
432 1188 539 1238 νέαν
576 1211 626 1239 τε
660 1191 735 1239 καὶ
773 1187 1098 1253 εὐαγγελικήν.
1165 1182 1296 1235 ἀλλὰ
1333 1187 1428 1235 τοῖς
1466 1177 1681 1245 ἐπιστρέ-

107 1273 254 1336 φουσι
295 1270 369 1319 καὶ
413 1271 713 1332 καλουμένοις
747 1274 809 1324 εἷς
850 1270 977 1321 ἰἀσιν
1020 1268 1337 1334 ἀντέπραττον
1380 1264 1433 1315 οὐ
1471 1261 1682 1328 μετρίως.

106 1350 367 1417 γέγραπται
409 1351 514 1418 γὰρ,
563 1353 632 1404 ὅτι
683 1351 852 1417 (ς”Ι-Ιδη
903 1351 1218 1403 συνετέθειντο
1261 1352 1302 1400 οἱ
1341 1349 1572 1406 Ἰουδαῖοι,
1612 1343 1688 1394 ἵνα
1748 1362 1898 1412 §.som

1748 1416 1862 1438 1X.22.

0 1481 2 1521 ἑ
41 1455 87 1493 15
108 1440 135 1463 ‘⁶
160 1433 239 1484 ἐάν
264 1457 332 1487 τις
352 1435 491 1485 αὐτὸν
511 1435 792 1504 ὁμολογήσῃ
819 1435 901 1486 τὸν
919 1434 1134 1502 Χριστὸν
1159 1430 1285 1495 εἶναι,
1312 1426 1687 1493 ἀποσυνάγωγος

0 1524 2 1547 ί

108 1515 219 1545 ‘c'
366 1517 489 1534 ”³1
690 1518 877 1537 xxe
1013 1512 1346 1531 ’smel
1516 1509 1685 1538 “nx

159 1539 361 1582 γενηται.
454 1541 622 1582 ηκουον
654 1522 702 1569 δε
732 1541 807 1569 και
839 1541 881 1569 οι
915 1541 1011 1584 παρ
1051 1538 1206 1569 αυτοις
1228 1533 1489 1580 ηγουμενοι,
1563 1512 1686 1559 Ουαι
1749 1517 1908 1548 S.Matth.

1747 1571 1865 1591 xxm.1
1900 1572 1908 1599 ;

109 1605 136 1628 ιι
162 1599 281 1661 ὑμῖν,
317 1605 603 1665 γραμματεῖς
637 1603 711 1652 καὶ
747 1605 992 1669 φαρισαῖοι
1031 1599 1285 1664 ὑποκριταῖ,
1314 1595 1385 1646 ὅτι,
1422 1593 1562 1659 ἤρατε
1601 1589 1781 1680 77}de
1795 1571 1891 1689 13204

110 1687 138 1709 ‘⁶
164 1684 324 1732 κλεῖδα
365 1685 447 1746 τῆς
494 1683 728 1748 γνώσεως·
782 1684 886 1734 οὔτε
926 1684 1050 1746 ὑμεῖς
1099 1680 1383 1747 εἰσέρχεσθε,
1428 1677 1530 1726 οὕτε
1580 1672 1687 1727 τοὺς

109 1769 138 1791 “
162 1764 511 1831 εἰσερχομένους
548 1766 706 1832 ἀφίετε
748 1766 1015 1817 εἰσελθεῖν.”
1081 1764 1289 1815 δέδονται
1313 1761 1467 1812 τοίνυν
1492 1759 1686 1825 ἐχθροῖς,

44 1865 92 1891 20
111 1847 185 1896 καὶ
209 1845 378 1913 πικρὰς
401 1849 483 1911 τῆς
507 1851 568 1902 εἷς
595 1847 809 1914 Χριστὸν
831 1848 1071 1916 παροινίας
1096 1844 1342 1916 ἐξῄτηνται
1366 1843 1507 1895 δίκας.

116 2071 190 2113 Καὶ
226 2072 634 2130 ἀποκαλυφθήσεται
669 2075 691 2116 ἡ
729 2074 852 2116 κακία
874 2069 1067 2131 Ἐφραίμ
1106 2071 1175 2113 καὶ
1211 2072 1234 2111 ἡ
1275 2068 1398 2111 κακία
1430 2066 1688 2125 Σαμαρείας,

181 2156 246 2196 ὅτι
282 2154 531 2213 εἰρΓάσαντο
566 2158 718 2209 ψευδῆ.
778 2158 846 2199 καὶ
874 2158 1057 2199 κλέΠτι-ιε
1082 2156 1189 2212 Πρὸς
1227 2153 1354 2196 αὐτὸν
1389 2150 1688 2199 εἰσελεύσεται,

182 2239 441 2283 ὲκὸιὸύσκων
468 2242 626 2300 λῌστι-ἰο
659 2243 704 2284 ἐν
731 2246 781 2300 τῷ
815 2242 905 2296 ὁδῷ
935 2241 1075 2292 αὐτοῦ,
1101 2241 1221 2282 ὅπως
1247 2236 1482 2297 συνᾴὸωσιν
1509 2235 1569 2276 ὡς
1597 2249 1690 2276 συν-
1708 2224 1730 2250 e

1713 2281 1731 2306 2

188 2322 363 2383 ᾴὸοντεε
388 2329 439 2382 τῷ
468 2326 617 2386 καρδία
636 2327 792 2368 αὐτῶν.

52 2458 100 2496 25
193 2441 402 2509 Ἀγαθὸς
438 2440 522 2506 μὲν
556 2441 698 2510 φύσει
735 2443 809 2492 καὶ
850 2440 1131 2509 ἀνεξίκακος,
1159 2444 1185 2468 “
1204 2432 1501 2502 μακρόθυμός
1534 2454 1584 2483 τε
1619 2433 1694 2483 καὶ
1754 2450 1831 2500 {001

122 2534 148 2557 “
172 2525 462 2578 πολυέλεος”
490 2526 551 2578 ὡς
577 2526 763 2587 ἀληθῶς
791 2524 815 2574 ὁ
840 2522 1029 2574 πάντων
1056 2519 1322 2583 Δεσπότης.
1373 2516 1482 2567 ἀλλ’
1512 2515 1595 2569 ἕως
1629 2513 1695 2565 ἔτι
1755 2503 1860 2535 u.13.

119 2618 214 2665 τοῖς
247 2611 496 2663 πταίουσιν
530 2609 800 2678 ἀνεξικακεῖ,
829 2606 1201 2673 κατακρύπτεταί
1231 2627 1331 2657 πως
1367 2603 1519 2653 αὐτῶν
1547 2601 1612 2652 ε”τι
1635 2599 1695 2651 τὰ

118 2693 406 2761 ἐγκλήματα·
471 2691 734 2760 ἐπεξιόντος
782 2691 830 2740 δὲ
879 2690 966 2754 ἤδη
1018 2692 1093 2739 καὶ
1140 2688 1266 2740 δίκας
1317 2684 1570 2752 ἐπάγοντος
1619 2686 1696 2736 καὶ

173 2859 226 2890 14.
253 2846 480 2882 συνετέθειντο
500 2846 546 2880 D.
566 2844 743 2880 συνέθεντο
762 2843 854 2878 Edd.
905 2843 955 2877 ὅτι
971 2855 1034 2888 pro
1051 2841 1103 2877 ἵνα
1121 2842 1167 2877 D.
1395 2850 1447 2887 17.
1472 2838 1694 2887 γραμματεῖς]

129 2898 165 2934 4-
187 2909 222 2928 τε
239 2894 285 2928 D.
382 2904 437 2928 21.
463 2893 558 2927 κακία
575 2892 670 2937 prius
690 2891 782 2925 B.D.
803 2892 874 2935 (91.
894 2901 972 2935 233.
990 2891 1087 2935 311.)
1104 2889 1213 2923 ἀδικία
1230 2887 1322 2923 Edd.
1431 2899 1486 2922 22.
1512 2888 1696 2933 εἰργάσατο

129 2941 166 2974 F.
186 2940 276 2975 Edd.
295 2940 390 2984 (Co.)
597 2950 650 2983 23.
677 2937 876 2973 συνάδοντες
895 2937 1030 2971 B.D.F.
1048 2937 1169 2981 (Alex.
1189 2935 1294 2980 XII.)
1311 2933 1448 2980 ᾅδοντες
1467 2934 1556 2970 Edd.
1575 2933 1697 2978 (Vat.)

132 2998 184 3031 25.
211 2987 245 3021 δέ
265 2999 325 3032 pro
342 3001 378 3021 τε
398 2987 442 3021 D.
634 2985 687 3019 26.
714 2974 906 3020 πόλυέλεως
924 2984 1014 3018 Edd.
