2021 3434
106 190 134 232 i.
157 204 196 246 9,
223 204 286 232 10.
561 191 636 232 IN
679 190 951 232 JOELEM.
1011 190 1161 231 TOM.
1195 190 1230 230 I.
1601 187 1684 227 301

174 317 213 360 oi
246 323 582 377 λειτουρΓοῦντεε
609 320 907 377 θυσιαστι-ιρίῳ.
965 321 1030 361 ὅτι
1066 317 1421 375 τεταλαιπὼρΗκε
1464 317 1508 358 τὰ
1546 315 1685 366 nebia,
1709 335 1755 359 10

173 402 383 444 Πενθείτω
424 405 446 443 ἡ
498 408 556 451 Γῆ·
608 405 673 445 ὅτι
720 402 1076 460 τεταλαιπώρΗκε
1125 400 1252 453 οἶτος,
1301 402 1513 458 ὲΞΗράνΘΗ
1557 396 1685 450 οἶνος,

175 486 375 534 ὠλιΓώθΗ
412 487 571 538 ἔλαιον,
607 488 915 544 ὲΞΗράνΘΗσαν.

173 598 378 664 “Όμοιον
412 602 474 654 ὡς
508 604 545 651 εὶ
589 601 720 667 λε’γοι
766 605 937 670 σαφῶς
975 601 1343 652 Ἐκλελοίπασιν
1382 597 1686 666 εὐχαριστίαι,

66 684 183 734 5καὶ
215 684 240 733 ὁ
278 682 439 734 θύσων
481 683 545 733 ἔτι
581 688 825 736 παντελῶς
867 684 1025 744 οὐδεὶς,
1060 684 1084 733 ὁ
1123 685 1430 748 προσκομιῶν
1469 678 1689 743 ἀνάθημα

108 766 183 815 καὶ
237 764 384 828 λη’ίων
440 764 670 832 ἀπαρχὰς,
719 764 909 830 δράγμα
959 787 1051 816 που
1112 763 1300 817 πάντως
1350 762 1404 813 τὸ
1456 760 1577 827 ἱερὸν
1626 765 1686 813 εἷς

108 845 327 913 ἀπαρχὴν
365 850 590 912 θερισμοῦ
626 851 787 913 πυρῶν
829 846 1154 909 ἀνατιθέμενον
1191 849 1257 914 τῷ
1296 848 1417 914 Θεῷ,
1450 842 1569 894 κατὰ
1606 841 1733 896 τὸνὶ)

110 927 354 982 Μωυσέως
390 928 547 992 νόμον·
589 927 891 994 πρωτοκόμιά
924 951 973 979 τε
1009 927 1068 978 τὰ
1104 927 1161 996 ἐξ
1192 929 1324 993 ὡρῶν
1356 927 1500 978 οὐδεὶς
1527 926 1552 975 ὁ
1579 947 1691 990 καρ-

109 1010 288 1080 τάλλῷ,
309 1012 472 1080 φησὶν,
493 1012 692 1073 ἐντιθεὶς,
720 1014 796 1062 καὶ
819 1009 1126 1076 πορευόμενος
1152 1008 1236 1072 μὲν
1263 1012 1324 1063 εἷς
1351 1005 1476 1059 οἷκον
1502 1006 1690 1073 Κυρίου,
1753 1019 1876 1092 133¹?-⁶

47 1115 93 1141 10
111 1092 328 1144 ἀνάπτων
379 1092 427 1143 δὲ
471 1096 536 1162 τῷ
582 1096 690 1162 Θεῷ
730 1094 805 1143 καὶ
853 1092 975 1162 ῷδὰς
1018 1091 1101 1146 τὰς
1145 1091 1488 1159 χαριστηρίους,
1533 1086 1586 1142 ἃς
1635 1087 1693 1153 ἦν
1753 1087 1839 1146 '2qu
1864 1086 1877 1093 ⁸

111 1174 344 1242 ἀγορεύειν
371 1174 486 1229 ἔθος.
552 1175 770 1243 ταύτῃτοι
795 1173 953 1227 πενθεῖν
977 1173 1032 1225 τὸ
1059 1172 1322 1226 ἀπόλεκτον
1348 1171 1521 1222 κελεύει
1547 1170 1693 1236 γένος,

112 1260 232 1328 φημὶ
276 1257 332 1322 δὴ
374 1257 480 1312 τοὺς
525 1256 676 1327 ἱερέας,
716 1258 770 1308 οῦ
813 1255 1074 1321 λημμάτων
1118 1257 1247 1307 ἕνεκα
1292 1254 1692 1317 διαπονουμένους,

112 1341 220 1391 ἀλλ’
251 1341 311 1394 ὡς
336 1344 430 1391 τῶν
456 1338 546 1391 ὑπὸ
572 1344 703 1407 χεῖρα
729 1344 860 1391 λαῶν
886 1338 1283 1405 ὑπερηλγηκότας,
1311 1339 1384 1388 καὶ
1409 1335 1694 1400 τεθειμένους

113 1426 174 1477 εἰς
211 1423 503 1489 λειτουργίαν
539 1422 625 1486 τὴν
659 1421 784 1489 ἱεράν
816 1444 866 1472 τε
900 1423 974 1472 καὶ
1011 1420 1338 1490 ἀξιάκουστον,
1374 1419 1448 1471 ἵνα
1488 1421 1562 1469 καὶ
1601 1416 1694 1484 πρό

49 1521 95 1560 15
113 1528 167 1571 γε
192 1509 285 1556 τῶν
311 1505 476 1556 ἄλλων
503 1505 632 1556 αὐτοὶ
660 1503 743 1556 τὸν
776 1508 870 1555 τῶν
905 1503 1030 1555 ὅλων
1055 1503 1429 1567 ἐκμειλίσσοιντο
1456 1500 1593 1564 Θεὸν,
1620 1504 1695 1552 καὶ

114 1586 254 1639 αὐτὸν
280 1586 327 1638 δὲ
361 1587 443 1638 τὸν
479 1586 756 1654 ἱεροφάντην
781 1589 1088 1651 ἀπομιμοῖντο
1115 1585 1343 1648 Μωυσέα,
1369 1582 1697 1651 προεστηκότα

114 1675 197 1721 τοῦ
220 1668 437 1736 Ἰσραὴλ,
478 1672 552 1720 καὶ
589 1674 697 1739 Θεῷ
735 1670 938 1735 λε’γοντα
964 1676 990 1699 “
1011 1669 1207 1732 Δεόμαι,
1247 1668 1407 1733 Κύριε,
1436 1666 1698 1732 ἡμάρτηκεν
1716 1689 1737 1715 c
1757 1673 1863 1749 ἓξὲξ

118 1758 145 1782 “
171 1752 196 1802 ὃ
234 1751 348 1805 λαὸς
386 1752 519 1806 οῦτος
558 1751 788 1819 ἁμαρτίαν
823 1749 1052 1817 μεγάλην,
1085 1752 1160 1801 καὶ
1194 1754 1231 1801 εὶ
1269 1749 1353 1813 μὲν
1388 1751 1512 1817 ἀφῇς
1546 1749 1698 1802 αὐτοῖς
1761 1742 1882 1802 3123}-

119 1841 147 1864 “
172 1833 257 1898 τὴν
296 1835 538 1901 ἁμαρτίαν,
582 1835 710 1903 ἄφες·
769 1838 806 1885 εἶ
852 1833 900 1885 δὲ
939 1833 1018 1899 μὴ,
1063 1832 1321 1902 ἐξάλειψον
1363 1831 1477 1893 κάμὲ
1527 1832 1576 1881 ἐκ
1618 1833 1699 1894 τῆς

52 1923 146 1961 2<>“
172 1916 348 1979 βίβλου
397 1939 488 1967 σου
544 1917 712 1982 ταύτης
763 1917 817 1982 ἧς
864 1916 1124 1985 ἑγραψας.”
1200 1914 1428 1978 μεσιτεύει
1475 1911 1567 1979 γὰρ
1619 1915 1701 1976 τῆς

120 1998 372 2065 ἱερωσύνης
408 1997 462 2050 τὸ
497 2002 655 2067 χρῆμα
681 2003 789 2069 Θεῷ
815 2022 863 2049 τε
900 2001 975 2050 καὶ
1007 2003 1152 2060 λαοῖς,
1180 1999 1255 2047 καὶ
1287 2001 1381 2049 τοῖς
1407 1995 1702 2061 τεταγμένοις

120 2083 182 2135 εἶς
215 2082 509 2148 λειτουργίαν
542 2082 628 2146 τὴν
666 2083 786 2133 οὕτω
825 2081 1019 2146 σεπτὴν,
1053 2080 1222 2147 πρέποι
1254 2077 1326 2142 ἀν,
1353 2077 1484 2141 οἶμαί
1509 2100 1602 2129 που
1628 2079 1704 2128 καὶ

121 2161 252 2227 μάλα
295 2162 492 2227 εἰκότως,
533 2165 561 2229 ἡ
605 2166 654 2215 ἐν
694 2169 844 2217 λιταῖς
881 2164 1138 2231 παῤῥησία.
1205 2162 1453 2228 μονονουχὶ
1497 2159 1590 2226 γὰρ
1629 2162 1704 2210 καὶ

122 2243 236 2312 ὑπὲρ
270 2245 459 2296 πάντων
493 2245 578 2310 τὴν
612 2247 731 2297 ἰδίαν
767 2249 875 2315 Θεῷ
906 2249 1172 2310 καθιεροῦσι
1211 2242 1347 2310 ζωὴν,
1376 2242 1434 2293 τὰ
1475 2242 1586 2308 ὑπὲρ
1621 2245 1815 2309 τῆςᾶῧΐ-
1835 2267 1884 2318 SJ-

56 2353 105 2391 25
125 2327 350 2393 ἁμαρτίας
399 2329 633 2381 ἐσθίοντες
676 2327 873 2390 θύματα.
953 2332 1090 2377 τοῦτο
1127 2328 1202 2376 καὶ
1244 2324 1319 2374 διὰ
1362 2327 1522 2391 φωνῆς
1555 2323 1711 2388 Ὠσηέ
1764 2310 1926 2341 pmffie.

125 2416 275 2481 φησιν
313 2415 338 2464 ὁ
376 2418 470 2465 τῶν
509 2413 636 2464 ὅλων
669 2413 789 2466 Θεός
821 2412 1126 2478 (((Αμαρτίας
1166 2417 1284 2462 λαοῦ
1322 2434 1412 2473 μου
1457 2410 1703 2478 φάγονται,
1765 2422 1904 2497 {Ios-iv·

127 2501 154 2523 ‘⁶
179 2496 254 2545 καὶ
292 2496 340 2545 ἐν
373 2500 472 2548 ταῖς
507 2496 701 2548 ἀδικίαις
739 2496 891 2545 αὐτῶν
930 2493 1168 2562 λήψονται
1202 2492 1286 2547 τὰς
1318 2491 1480 2560 ψυχὰς
1509 2493 1701 2555 αὑτῶν,”
1789 2491 1795 2498 ’

126 2577 380 2640 τουτέστιν,
407 2577 519 2628 ὅταν
545 2579 755 2640 ἀδικῶσι,
782 2576 836 2627 τὸ
872 2580 1037 2627 δοκοῦν
1066 2580 1132 2644 τῷ
1167 2575 1294 2644 νόμῳ
1320 2580 1707 2638 πλημμελοῦντες

179 2731 209 2753 1.
226 2717 520 2764 λειτουργοῦντες]
538 2722 575 2759 -1-
590 2720 635 2764 τῷ
656 2718 692 2751 F.
711 2717 787 2762 (42,
806 2718 884 2763 91.)
918 2723 996 2762 post
1009 2717 1240 2763 θυσιαστηρίῳ
1253 2716 1333 2751 add.
1350 2716 1474 2760 Κυρίου
1487 2716 1577 2750 Edd.
1593 2717 1706 2760 (Vat.)

131 2780 164 2809 4.
188 2765 281 2810 λέγει
300 2766 342 2799 Β.
596 2774 627 2809 7.
652 2768 788 2809 πυρρῶν
808 2764 850 2798 Β.
1097 2765 1130 2798 8.
1156 2762 1387 2809 πρωτοκόμιά]
1406 2765 1595 2808 προτότοκά
1613 2764 1705 2798 Edd.

131 2825 165 2858 9.
191 2813 251 2856 μὲν
267 2818 487 2856 assumptum
505 2823 546 2845 ex
566 2811 607 2844 B.
815 2822 868 2845 11.
894 2809 986 2856 ἔθος]
1006 2811 1105 2856 ἔργον
1122 2811 1181 2844 iid.
1391 2821 1443 2844 12.
1471 2811 1507 2844 δέ
1525 2822 1587 2855 pro
1605 2811 1644 2854 δὴ
1664 2811 1705 2845 Β.

134 2871 188 2901 14.
206 2857 444 2903 ἀξιάκουστον]
465 2858 671 2903 ἆξιάγαστον
688 2857 747 2891 fid.
929 2869 982 2903 15.
1004 2858 1099 2892 Haec
1117 2858 1174 2892 τὸν
1191 2861 1256 2892 τῶν
1273 2856 1362 2891 ὅλων
1378 2864 1597 2891 accesserunt
1610 2869 1650 2891 ex
1665 2858 1707 2892 B.

133 2906 258 2940 Statim
277 2906 362 2939 Θεὸν
379 2905 659 2949 ἐκμειλίσσωνται
676 2904 734 2938 iid.
1213 2915 1266 2938 20.
1286 2919 1351 2938 σου
1365 2911 1585 2948 assumptum
1603 2916 1644 2938 ex
1665 2904 1707 2938 B.

134 2952 369 3033 24d'dffagrmv
386 2952 444 2987 iid.
494 2953 539 2998 τῷ
557 2958 637 2997 post
655 2951 740 2986 ἰδίαν
758 2950 837 2986 add.
856 2950 916 2986 iid.
1227 2960 1282 2996 25.
1309 2951 1479 2987 ἐσθίοντες
1496 2950 1626 2996 θύματα
1643 2951 1708 2986 hoc

133 3011 172 3033 or
200 3011 255 3034 me
309 3026 315 3033 .
