2021 3434
732 210 805 251 IN
848 211 1084 253 IONAM.
1623 216 1705 255 563

250 312 271 329 r!

129 310 221 377 γὰρ
247 336 316 364 οτι
339 320 366 343 “
385 315 706 385 Ἰσχνόφωνος
740 324 813 371 καὶ
848 322 1232 388 βραδύγλωσσος
1258 323 1350 387 ἐγώ
1375 327 1481 386 εἰμι·
1525 326 1599 373 καὶ
1626 324 1708 374 οὐκ

127 400 155 422 “
178 395 380 450 εὕλαλος
417 399 510 464 πρὸ
549 403 631 463 τῆς
665 401 771 468 χθὲς
811 403 912 454 οὐδὲ
950 404 1042 469 πρὸ
1075 408 1156 468 τῆς
1195 406 1352 470 τρίτης
1390 405 1494 456 οὐδὲ
1533 407 1613 472 ἀφ’
1634 406 1691 456 οὗ

125 482 151 504 “
177 475 307 544 ἤρξω
348 485 513 531 λαλεῖν
557 486 623 551 τῷ
668 483 920 549 θεράποντί
958 487 1090 536 σου·”
1143 486 1394 552 παρεκάλει
1447 487 1494 538 δὲ
1533 487 1701 553 λέγων·

123 564 150 586 “
176 559 355 621 Δέομαι
399 562 541 627 Κύριε
586 566 882 632 προχείρισαι
922 567 1075 618 ἄλλον
1116 570 1369 631 δυνάμενον
1408 568 1461 620 ὃν
1502 572 1706 621 ἀποστε-

0 659 1 704 ῑ
80 643 314 694 5“λεῖ5“.”
404 645 515 694 ἀλλ’
569 646 622 695 οὗ
670 648 1057 714 βραδύγλωσσος
1108 652 1133 701 ὁ
1184 651 1411 716 Χριστὸς,
1459 653 1561 702 οὔτε
1611 653 1705 716 μὴν

120 722 419 791 ἰσχνόφωνος
472 728 569 777 κατ’
621 729 806 787 ἐκεῖνον,
872 730 983 781 ἀλλ’
1032 732 1161 783 ε”στιν
1225 732 1361 787 αὐτὸς
1425 734 1453 798 ἡ
1516 735 1703 801 μεγάλη

120 803 355 874 σάλπιγξ.
417 809 537 859 οὕτω
576 809 669 875 γὰρ
711 811 852 862 αὐτὸν
891 814 915 862 ὁ
950 813 1174 879 μακάριος
1214 814 1461 882 προφήτης
1493 817 1703 872 ξΗσαίας

119 885 337 954 ὠνόμαζε,
370 889 525 954 λέγων
551 898 578 920 “
599 894 690 942 Καὶ
726 892 858 943 ἔσται
894 895 941 944 ἐν
974 899 1031 961 τῇ
1067 895 1215 964 ἡμέρᾳ
1249 898 1409 964 ἐκείνῃ,
1436 904 1701 950 σαλπιοῦσι

0 989 1 1036 3
117 975 145 996 ‘⁶
169 971 227 1036 τῇ
267 969 503 1037 σάλπιγγι
542 977 599 1040 τῇ
630 973 862 1042 μεγάλῃ.”
925 977 1318 1042 περιαγγέλλεται
1350 978 1442 1044 γὰρ
1481 985 1563 1030 τοῦ
1600 984 1745 1031 Σω-Ῑ)

0 1077 2 1121 3
49 1075 96 1100 10
116 1052 253 1115 τῆρος
281 1053 305 1102 ὁ
333 1051 487 1119 λόγος,
516 1057 589 1105 καὶ
624 1055 855 1110 ἀκουστὸς
889 1058 1052 1122 γε’γονε
1085 1064 1179 1112 τοῖς
1211 1058 1299 1110 ἀνὰ
1323 1065 1488 1111 πᾶσαν
1513 1061 1597 1125 τὴν
1625 1064 1698 1113 ὑπ’

30 1124 34 1125 ⁷
116 1133 326 1198 οὐρανόν.
392 1139 466 1186 καὶ
505 1143 643 1187 τοῦτο
687 1137 815 1191 εἰδὼς
858 1140 882 1188 ὁ
926 1139 1150 1207 μακάριος
1188 1141 1278 1209 ε”φη
1319 1144 1494 1194 Δαυείδ
1537 1151 1563 1172 “
1580 1144 1700 1199 Θεὸς

0 1182 2 1242 ‚
116 1221 144 1243 “
171 1218 288 1265 θεῶν
317 1216 489 1282 Κύριος
515 1218 738 1283 ἐλάλησε,
767 1223 840 1271 καὶ
872 1222 1068 1273 ἐκάλεσε
1103 1222 1188 1287 τὴν
1214 1227 1303 1289 γῆν
1329 1224 1423 1275 ἀπὸ
1455 1226 1700 1277 ἀνατολῶν

0 1273 2 1381 ,
117 1302 144 1324 “
169 1296 304 1359 ἡλίου
328 1299 463 1367 μέχρι
491 1302 725 1364 δυσμῶν.”

0 1383 2 1413 V
190 1380 377 1431 Οὐκοῦν
422 1383 648 1443 μεσιτεύει
691 1383 776 1448 μὲν
821 1386 845 1436 ὁ
894 1390 1109 1451 Μωυσῆς
1160 1392 1221 1442 εἷς
1264 1389 1411 1440 τύπον
1460 1394 1696 1456 Χριστοῦ,

0 1415 2 1494 y
49 1480 96 1517 15
114 1463 440 1526 βραδυστομεῖ
486 1465 534 1515 δὲ
583 1467 665 1517 οὐκ
724 1467 789 1517 ἔτι
837 1468 1053 1519 δεικνύων
1101 1469 1183 1520 τὸν
1234 1470 1382 1522 τύπον
1434 1473 1482 1522 ἐν
1532 1473 1695 1543 ἑαυτῷ.

113 1544 400 1612 παρελήφθη
439 1545 586 1598 πάλιν
621 1549 645 1598 ὁ
687 1547 911 1615 μακάριος
944 1550 1132 1617 Ἀαρὼν
1169 1557 1231 1607 εἷς
1270 1553 1576 1605 ὑποτύπωσιν
1614 1563 1696 1607 τοῦ

112 1624 432 1692 Ἐμμανουὴλ,
478 1635 574 1684 τοῖς
618 1633 699 1694 τῆς
745 1632 1093 1699 ἀρχιερωσύνης
1137 1636 1506 1700 κατεστεμμένος
1544 1638 1693 1706 αὐχή-

111 1732 244 1770 μασι,
291 1713 365 1761 καὶ
415 1716 477 1766 εἷς
518 1712 577 1762 τὰ
615 1711 726 1779 ἅγια
768 1718 862 1764 τῶν
903 1716 1050 1780 ἁγίων
1089 1716 1357 1785 εἷστρέχων,
1397 1721 1471 1769 καὶ
1510 1719 1696 1784 στολὴν

111 1790 286 1855 ἐκείνην
323 1793 642 1861 ἠμφιεσμένος
680 1795 765 1858 τὴν
803 1797 970 1847 εὐκλεᾶ
1008 1821 1057 1849 τε
1096 1801 1171 1849 καὶ
1210 1800 1522 1868 ἀξιάγαστον.
1581 1804 1691 1853 ἀλλ’

44 1891 94 1916 20
112 1873 165 1922 οὐ
201 1872 357 1924 πάντα
389 1875 535 1926 πάλιν
573 1876 633 1927 τὰ
671 1879 812 1929 αὐτοῦ
849 1883 1048 1950 Χριστῷ
1085 1882 1416 1947 περιθήσομεν·
1459 1883 1562 1934 οὐδὲ
1601 1884 1732 1951 γάρο

110 1953 168 2019 ἦν
203 1956 451 2020 ἀμώμητος
489 1964 746 2013 παντελῶς·
790 1962 1035 2023 ἐπετιμᾶτο
1070 1962 1162 2028 γάρ
1196 1987 1322 2026 ποτε,
1349 1965 1694 2030 καταλαλήσας

111 2042 359 2095 Μωυσέως
386 2043 502 2105 ὁμοῦ
528 2047 585 2111 τῇ
615 2046 792 2113 Μαρίᾳ.
857 2044 914 2109 ἧν
948 2046 996 2097 δὲ
1030 2050 1105 2097 καὶ
1132 2048 1296 2113 ἑτέρως
1322 2050 1404 2100 οὐκ
1431 2049 1691 2119 ἀνεύθυνος,

104 2123 570 2190 μεμοσχοποιηκότος
605 2126 723 2176 κατὰ
756 2126 841 2191 τὴν
869 2127 1040 2194 ἔρημον
1065 2135 1146 2180 τοῦ
1172 2130 1388 2196 Ἰσραήλ.
1457 2132 1511 2182 οὐ
1535 2132 1692 2184 πάντα

105 2202 162 2267 δὴ
197 2202 280 2255 οὖν
312 2204 370 2256 τὰ
404 2208 465 2259 ὡς
498 2207 546 2257 ἐν
572 2208 826 2273 γράμμασί
859 2232 908 2261 τε
943 2213 1017 2261 καὶ
1051 2211 1213 2266 τύποις
1237 2218 1336 2267 ταῖς
1361 2220 1690 2277 πνευματικαῖς

36 2308 84 2345 25
107 2287 316 2352 θεωρίαις
378 2287 604 2355 χρήσιμα,
656 2292 765 2341 ἀλλ’
822 2295 858 2342 εἱ
912 2294 1175 2358 πρόσωπον
1237 2295 1503 2364 εἱσφέροιτό
1566 2320 1690 2352 τινος

106 2371 450 2425 ἀνατυποῦντος
489 2371 596 2434 ἡμῖν
631 2374 702 2439 ἐφ’
735 2373 880 2443 ἑαυτῷ
917 2374 999 2426 τὸν
1036 2376 1263 2442 Χριστὸν,
1299 2378 1689 2444 παριππεύσομεν

106 2450 290 2505 εἰκότως
320 2451 379 2502 τὰ
413 2455 695 2518 ἀνθρώπινα,
722 2454 877 2516 μόνοις
904 2457 951 2507 δὲ
975 2463 1069 2511 τοῖς
1096 2460 1362 2524 ἀναγκαίοις
1389 2459 1684 2527 ἐφιζήσομεν,

105 2537 322 2601 πανταχῆ
367 2536 717 2601 περι-τρέποντες
766 2537 820 2588 τὸ
871 2541 1071 2607 ὠφελεῖν
1118 2541 1326 2608 πεφυκὸς
1370 2546 1433 2596 εἷς
1479 2541 1561 2593 τὸν
1602 2550 1683 2595 τοῦ
1702 2553 1729 2593 d

151 2778 183 2814 7.
212 2770 308 2804 Haec
326 2772 343 2804 ὁ
360 2772 521 2816 μακάριος
537 2772 716 2817 προφήτης
733 2781 914 2818 assumpta
930 2786 971 2808 ex
992 2775 1083 2809 B.D.
1291 2789 1344 2812 ΙΙ.
1373 2778 1469 2813 Haec
1487 2782 1504 2813 ὁ
1521 2782 1681 2826 μακάριος

104 2814 233 2851 desunt
249 2818 285 2851 in
304 2817 395 2851 Edd.
615 2830 666 2863 15.
696 2819 852 2854 δεικνύων
868 2822 925 2854 τὸν
942 2821 1046 2856 τύπον
1064 2822 1128 2856 hoc
1147 2823 1266 2858 ordine
1286 2825 1331 2858 D.
1351 2826 1477 2862 δεικνὺς
1495 2827 1618 2863 ἐκεῖνον
1637 2829 1678 2863 Β.

109 2862 160 2896 16.
185 2863 390 2908 παρελήφθη
410 2876 478 2898 om.
501 2864 541 2898 Β.
590 2868 751 2910 μακάριος
769 2866 864 2902 deest
882 2868 917 2901 '111
936 2868 1027 2903 Edd.
1304 2884 1355 2916 19.
1382 2870 1613 2918 ἠμφιεσμένος
1633 2876 1678 2910 D.

104 2907 319 2954 ἠμφιεσμένα
338 2911 379 2944 Β.
396 2911 649 2955 ἀμφιεσάμενος
663 2913 754 2947 Edd.
917 2926 971 2949 20.
997 2916 1237 2960 παραθήσομεν
1256 2919 1348 2954 Edd.
1398 2920 1523 2955 Statim
1540 2922 1617 2956 οὐδὲ
1637 2922 1679 2956 Β.

105 2956 144 2989 οὐ
164 2957 208 2990 D.
229 2957 320 2991 Edd.
464 2968 519 3000 25.
544 2959 687 3002 φέροιτό
705 2960 797 2995 Edd.
953 2963 1008 2997 26.
1034 2964 1152 2999 ἑαυτοῦ
1169 2965 1228 2999 iid.
1384 2967 1440 3002 28.
1466 2970 1525 3002 τοῦ
1543 2980 1612 3004 om.
1633 2969 1680 3005 D.

107 3013 161 3047 29.
188 3003 374 3039 θεσπεσίου
392 3004 488 3039 deest
505 3005 540 3038 'ln
557 3005 616 3040 iid.

2 2581 11 2978 l
103 2617 404 2680 προκειμένου
444 2620 640 2670 σκοπόν.
704 2620 823 2670 οὕτω
860 2620 951 2686 γὰρ
988 2620 1044 2686 δὴ
1083 2626 1155 2673 καὶ
1194 2625 1268 2674 ἐπὶ
1306 2630 1388 2675 τοῦ
1427 2628 1683 2678 θεσπεσίου

835 3079 951 3117 402

1770 338 1874 368 Exod.
1888 339 1929 368 iv.

1773 390 1820 412 10.

1768 589 1817 619 Ib.
1840 598 1887 629 13.

1763 903 1817 934 Es.
1829 904 1924 935 xxvii.

1766 955 1814 987 15.

1762 1147 1816 1178 Ps.
1833 1147 1912 1180 xlix.

1766 1201 1776 1221 1
1785 1216 1791 1222 .
