2021 3434
77 1054 165 1084 Heb.
179 1053 235 1083 xii.

81 1097 129 1129 16.

302 197 386 236 392
707 197 756 237 B.
800 196 1080 237 CYRILLI
1118 197 1499 237 ALEXANDR.
1758 197 1783 238 i.
1814 211 1876 238 11.

298 306 404 358 ὅθεν
456 305 582 371 οἶμαι
626 310 700 358 καὶ
745 310 994 370 Ἰδουμαῖοι
1044 309 1292 372 κέκληνται
1338 307 1506 359 λοιπὸν
1555 311 1595 358 οἱ
1641 309 1697 376 ἐξ
1740 308 1880 358 αὐτοῦ

297 387 556 453 γεγονότες.
626 391 792 440 οὐκοῦν
817 389 870 440 τὸ
905 391 953 440 ἐκ
989 390 1129 441 τόκου
1164 392 1239 440 καὶ
1272 391 1441 458 μήτρας
1477 390 1661 458 ἀξίωμα
1696 403 1881 440 κατελο-

253 479 280 519 (1
298 472 465 539 μήνατό
492 476 644 539 φησιν
669 475 731 525 εἷς
754 471 845 537 γῆν,
873 474 974 522 ἀντὶ
999 477 1082 522 τοῦ
1107 471 1269 537 γηίνου
1291 471 1568 538 πράγματος
1595 470 1856 540 ἠλλάξατο.

371 554 666 620 Ἐνσχεθεῖεν
693 553 730 604 δ’
760 551 818 603 ἂν
844 558 941 606 τοῖς
974 553 1096 607 ἰ’σοις
1130 553 1426 619 ἐγκλήμασιν
1454 557 1495 604 οἱ
1528 558 1621 603 τῶν
1647 557 1883 619 σαρκικῶν

296 634 384 699 τὴν
422 635 692 686 ἀπόλαυσιν
729 634 1069 701 προτάττοντες
1107 640 1201 686 τῶν
1239 639 1575 699 πνευματικῶν,
1612 637 1686 685 καὶ
1726 637 1882 685 ἀνθαι-
1902 656 1923 694 5
1985 635 1997 709 :¹

295 717 510 785 ρούμενοι
544 722 639 768 τῶν
675 719 872 768 αἰωνίων
910 717 969 768 τὰ
1006 716 1288 784 πρόσκαιρα,
1325 720 1399 768 καὶ
1439 722 1532 768 τῶν
1570 716 1635 781 μὴ
1674 724 1876 767 σαλευο-

297 800 448 865 μένων
485 800 544 852 τά
581 801 890 865 σαλευόμενα,
929 804 1005 852 καὶ
1048 807 1449 868 καταφρονοῦντες
1487 801 1570 864 μὲν
1618 801 1760 870 δόξης
1804 804 1885 866 Τῆς

297 882 426 949 παρὰ
453 887 573 952 Θεῷ,
601 883 903 944 ἀβουλότατα
939 883 986 935 δὲ
1023 883 1411 951 προτετιμηκότες
1449 882 1508 934 τὰ
1539 886 1587 934 ἐν
1624 883 1886 949 ἀνθρώποις·

568 964 585 982 ελ

298 965 511 1032 λαμπρὰ,
561 989 591 1016 α
635 968 710 1017 καὶ
755 967 803 1016 ἐν
851 966 942 1036 'lo-cg)
994 971 1149 1020 σκιαῖς
1199 965 1481 1033 παρελαύνει
1525 964 1631 1019 τοὺς
1681 966 1883 1034 ἔχοντας.

299 1048 543 1116 χρησίμως
578 1047 626 1099 δὲ
661 1049 770 1099 λίαν
809 1052 884 1100 καὶ
924 1049 949 1099 ὁ
988 1048 1241 1102 θεσπέσιος
1282 1052 1476 1101 Παῦλος
1513 1051 1606 1117 βοᾷ
1644 1047 1779 1113 “Μή
1818 1071 1887 1102 τις
1910 1074 1954 1102 10
1984 1108 1985 1114 ¹

300 1137 328 1159 ‘6
404 1129 414 1144 Ι
684 1132 698 1149 Ν
790 1129 807 1147 ἢ
903 1131 915 1147 Ι
1122 1133 1132 1146 t
1209 1132 1220 1147 ἲ
1353 1136 1373 1144 Λ
1436 1129 1453 1148 ὃ
1539 1132 1549 1146 9
1608 1132 1620 1147 N
1749 1130 1761 1146 Ι

353 1153 538 1196 πορνος,
578 1136 741 1198 φησιν,
786 1155 814 1195 η
852 1136 1061 1195 βεβηλος
1105 1155 1167 1184 ως
1226 1134 1389 1193 Ησαυ,
1435 1154 1484 1183 ος
1522 1153 1623 1181 αντι
1661 1135 1887 1197 βρωσεως

260 1230 281 1256 Θ
300 1219 327 1241 “
353 1217 461 1276 μιᾶς
487 1213 687 1264 ἀπέδοτο
713 1212 772 1264 τὰ
797 1212 1090 1280 πρωτοτόκια
1115 1211 1302 1264 αὐτοῦ.”

576 1380 650 1422 Καὶ
687 1382 879 1438 ἥρπασεν
917 1379 977 1421 εἰς
1015 1382 1244 1438 μαρτύριον
1283 1379 1438 1437 φρίκΗν
1476 1379 1616 1422 αὐτοῦ.

362 1477 554 1543 Ἑτέρου
586 1477 733 1529 πάλιν
758 1478 1060 1543 διαμέμνηται
1097 1477 1389 1545 πράγματος,
1418 1477 1692 1538 διαβάλλειν
1716 1478 1813 1529 οἵου
1838 1501 1886 1529 τε

301 1558 385 1610 τὸν
409 1559 682 1623 Ἰδουμαῖον,
711 1562 773 1613 ὡς
808 1562 876 1610 ἀεὶ
912 1558 1140 1626 γεγονότα
1175 1558 1341 1611 σκαιόν
1371 1582 1421 1611 τε
1456 1562 1529 1611 καὶ
1567 1559 1784 1626 πονηρὸν,
1812 1562 1887 1611 καὶ
1910 1582 1954 1621 15

302 1646 399 1695 τοῖς
441 1641 498 1711 ἐξ
538 1643 730 1706 αἵματος
771 1642 841 1693 ὅτι
881 1643 1096 1707 μάλιστα
1138 1644 1344 1706 δυσμενῆ
1394 1643 1468 1693 καὶ
1517 1642 1885 1706 πολεμιώτατον.

1170 1730 1188 1738 Α

81 1727 184 1810 {¹21}
198 1738 252 1758 xx.
303 1724 565 1790 γέγραπται
591 1725 745 1775 τοίνυν
771 1727 818 1776 ἐν
843 1730 938 1779 τοῖς
963 1725 1207 1792 Ἀριθμοις
1229 1732 1255 1754 “
1277 1727 1370 1775 Καὶ
1397 1724 1646 1775 ἀπέστειλε
1673 1727 1889 1789 Μωυσῆς

305 1814 333 1836 “
359 1808 592 1873 ἀγγέλους
617 1810 666 1858 ἐκ
694 1808 855 1872 Κάδης
888 1808 1006 1874 πρὸς
1040 1807 1122 1858 τὸν
1156 1807 1364 1867 βασιλέα
1388 1806 1550 1871 Ἐδὼμ
1581 1806 1736 1873 λέγων
1762 1807 1887 1858 Τάδε

82 1903 223 1937 261Α.
265 1897 332 1937 a“
358 1891 484 1955 λέγει
530 1891 555 1940 ὁ
600 1889 806 1958 ἀδελφός
844 1913 935 1941 σου
972 1889 1175 1956 Ἰσραήλ
1215 1888 1282 1941 Σὺ
1323 1889 1578 1941 ἐπίστασαι
1615 1888 1770 1941 πάντα
1807 1887 1889 1940 τὸν

305 1980 332 2002 “
358 1971 539 2040 μόχθον
594 1972 676 2023 τὸν
724 1972 916 2039 εὑρόντα
967 1972 1103 2036 ἡμᾶς·
1159 1974 1234 2022 καὶ
1283 1971 1553 2036 κατέβησαν
1603 1975 1645 2023 οἱ
1695 1971 1888 2039 πατέρες
1909 1995 1952 2021 20

304 2062 331 2084 ‘⁶
355 2055 487 2119 ἡμῶν
517 2058 579 2108 εἷς
605 2054 862 2120 Αἴγυπτον,
890 2056 964 2105 καὶ
998 2053 1351 2123 παρῳκήσαμεν
1383 2056 1431 2104 ἐν
1464 2054 1691 2123 Αἰγύπτῳ
1717 2053 1888 2117 ἡμέρας

303 2145 331 2167 “
356 2138 558 2200 πλείους,
592 2139 666 2188 καὶ
702 2136 947 2188 ἐκάκωσαν
981 2137 1100 2201 ἡμᾶς
1135 2140 1176 2187 οἱ
1209 2137 1457 2202 Αἰγύπτιοι
1496 2138 1570 2187 καὶ
1605 2135 1711 2190 τοὺς
1748 2136 1887 2187 πατέ-

305 2228 332 2250 “
356 2244 443 2287 ρας
483 2221 613 2284 ἡμῶν
656 2223 731 2270 καὶ
776 2218 1100 2284 ἀνεβοήσαμεν
1136 2219 1253 2286 πρὸς
1298 2217 1485 2284 Κύριον,
1527 2220 1601 2269 καὶ
1639 2217 1888 2283 εἶσήκουσε

303 2310 331 2332 “
359 2302 532 2369 Κύριος
575 2305 657 2366 τῆς
703 2305 862 2370 φωνῆς
900 2303 1031 2366 ἡμῶν
1080 2303 1155 2352 καὶ
1200 2301 1489 2355 ἀποστείλας
1528 2300 1737 2366 ἄγγελον
1775 2299 1883 2369 ἐξή-

304 2392 331 2414 “
357 2408 504 2451 γαγεν
534 2385 655 2449 ἡμᾶς
693 2384 750 2453 ἐξ
779 2384 1037 2451 Αἰγύπτου·
1082 2386 1156 2435 καὶ
1184 2390 1266 2435 νῦν
1292 2382 1435 2448 ἐσμὲν
1473 2384 1522 2433 ἐν
1555 2382 1716 2447 Κάδης
1750 2381 1887 2434 πόλει
1908 2409 1951 2445 25

304 2474 332 2496 ‘⁴
356 2470 405 2518 ἐκ
450 2467 616 2534 μέρους
658 2471 752 2518 τῶν
797 2468 936 2534 ὁρίων
980 2487 1087 2517 σου·
1139 2464 1529 2532 παρελευσόμεθα
1568 2464 1643 2516 διὰ
1681 2467 1761 2529 τῆς
1800 2467 1888 2530 γῆς

305 2557 331 2579 “
358 2569 465 2601 σου·
527 2551 580 2600 οὐ
627 2547 963 2613 διελευσόμεθα
1014 2549 1069 2599 δι’
1122 2551 1282 2615 ἀγρῶν
1327 2547 1430 2599 οὐδὲ
1481 2547 1534 2598 δι’
1578 2545 1886 2610 ἀμπελώνων,

354 2708 384 2730 2.
412 2695 464 2742 ἐκ]
487 2701 525 2738 -†-
546 2699 605 2730 τοῦ
624 2696 715 2731 Edd.
734 2696 852 2730 invitis
869 2697 913 2730 A.
926 2696 961 2730 b.
1104 2707 1137 2741 3.
1164 2695 1236 2730 ἀντὶ
1253 2694 1329 2741 τοῦ]
1349 2694 1505 2729 τουτέστι
1524 2693 1565 2727 Β.
1688 2693 1721 2727 8.
1749 2695 1823 2740 Θεῷ
1842 2692 1886 2728 Β.

306 2746 395 2778 Θεοῦ
413 2743 504 2778 Edd.
555 2743 608 2789 δέ]
628 2758 664 2778 τε
681 2743 740 2778 iid.
856 2755 908 2777 10.
934 2745 1000 2788 βοᾷ
1017 2747 1240 2788 assumptum
1259 2755 1300 2776 ex
1318 2742 1362 2776 A.
1471 2751 1523 2774 12.
1549 2738 1775 2785 πρωτοτόκια]
1795 2754 1886 2785 πρω-

305 2792 426 2824 τότοκα
442 2789 502 2825 iid.
613 2802 665 2833 14.
690 2789 841 2835 Ἐτέρου.
857 2817 864 2824 .
881 2817 888 2824 .
904 2818 910 2825 .
924 2788 1137 2836 πράγματος]
1156 2789 1295 2834 Ἑτέρας
1309 2816 1315 2823 .
1331 2817 1337 2823 .
1355 2816 1362 2823 .
1377 2816 1384 2823 .
1408 2787 1562 2830 πράξεως
1578 2786 1637 2821 iid.
1686 2787 1887 2826 διαβάλλειν

307 2836 377 2870 οἵου
394 2852 430 2871 τε
451 2836 593 2882 [οἷοῦται
612 2836 674 2882 Α.]
695 2837 783 2871 Α.Β.
803 2837 999 2878 διαβάλλων
1016 2835 1087 2872 οἷον
1101 2836 1193 2871 Edd.
1406 2844 1458 2877 15.
1485 2834 1608 2868 εἰκαῖον
1624 2845 1687 2878 pro
1705 2835 1823 2868 σκαιόν
1840 2833 1886 2868 A.

310 2884 361 2916 18.
380 2884 549 2928 ἀγγέλους
566 2891 644 2929 post
662 2885 763 2927 κάδης
779 2890 912 2928 transp.
928 2884 971 2918 Β.
1249 2894 1301 2927 19.
1320 2882 1503 2917 ἐπίστασαι
1518 2882 1559 2915 Α.
1579 2881 1700 2924 ἐπιστῇ
1720 2880 1774 2914 ἐπὶ
1793 2879 1885 2915 Edd.

307 2930 432 2973 23—26.
461 2930 557 2964 Haec
582 2931 636 2964 καὶ
663 2930 841 2975 εἷο-ἢκουσε
867 2930 990 2975 Κύριος
1006 2929 1143 2976 [Κύριος
1160 2942 1230 2964 om.
1250 2929 1307 2969 Β.]
1324 2930 1382 2973 τῆς
1397 2930 1512 2974 φωνῆς
1534 2927 1626 2972 ἡμῶν
1645 2926 1752 2973 [ὑμῶν
1768 2924 1831 2971 Α.]
1852 2929 1887 2962 et

305 2975 511 3012 ἀποστείλας
529 2977 676 3022 ἄγγελον
693 2984 726 3012 et
743 2978 780 3021 ἐξ
798 2977 970 3023 Αἰγύπτου
987 2984 1020 3012 et
1037 2978 1254 3022 ἐσμὲν-σου
1272 2981 1492 3011 accesserunt
1509 2986 1550 3009 ex
1563 2974 1651 3009 A.B.
1750 2983 1803 3019 27.
1822 2973 1885 3017 ἀμ-

305 3023 417 3056 πελων
435 3024 476 3055 A.
