2021 3434
158 227 209 268 iv.
235 242 274 283 9.
596 226 669 268 IN
710 227 945 268 OSEAM.
1006 227 1157 268 TOM.
1190 226 1277 267 III.
1656 226 1737 265 103

157 344 184 367 ‘⁶
208 335 493 396 λαβέτωσαν
518 335 636 402 πρὸς
661 336 718 388 σὲ
750 334 956 400 δάμαλιν
978 335 1161 404 πυῤῥάν
1187 335 1423 399 ἄμωμον.”
1479 333 1658 386 ἀκούεις
1682 332 1736 384 τὸ

156 417 462 479 λαβέτωσανς
505 418 720 470 τουτέστι
743 417 1191 485 προσκομιζέτωσαν
1215 417 1318 482 ἤτοι
1341 415 1734 484 προσαγέτωσαν.
1755 439 1777 466 c

155 502 261 567 περὶ
298 499 353 550 δέ
385 523 440 566 γε
478 505 562 551 τοῦ
599 500 1040 567 καθαρισθήσεσθαι
1070 501 1332 564 με’λλοντος
1362 504 1555 566 λεπροῦ,
1589 497 1738 550 πάλιν

157 581 250 634 ὧδέ
281 587 405 651 φησι
432 591 458 613 “
481 585 575 634 Καὶ
606 583 903 652 ἐξελεύσεται
930 585 955 635 ὁ
983 583 1125 651 ἱερεὺς
1163 583 1254 652 ε”ξω
1294 585 1377 646 τῆς
1414 582 1738 648 παρεμβολῆς,
1799 592 1958 624 Lewxiv.

117 680 139 719 5
159 672 185 695 ‘⁶
208 667 284 716 καὶ
310 664 481 734 ὄψεται
507 666 531 716 ὁ
559 665 714 732 ἱερεὺς,
740 668 814 717 καὶ
849 665 947 718 ἰδοῦ
981 670 1103 717 ἰᾶται
1133 666 1161 730 ἡ
1197 664 1298 734 ἁφὴ
1329 667 1411 729 τῆς
1443 664 1621 730 λε’πρας
1645 662 1739 714 ἀπὸ
1801 646 1830 677 3,
1851 649 1881 676 4'

157 754 185 777 “
209 752 292 798 τοῦ
333 753 526 814 λεπροῦ.
592 750 667 798 καὶ
711 747 973 818 προστάξει
1015 749 1040 800 ὁ
1086 746 1228 814 ἱερεὺς
1272 749 1347 798 καὶ
1388 745 1629 816 λήψονται
1672 749 1741 814 τῷ

158 836 185 860 “
210 829 589 900 κεκαθαρισμένῳ
625 830 707 882 δύο
741 831 920 897 ὀρνίθια
957 831 1107 898 ζῶντα
1143 829 1370 896 καθαρά.”
1436 829 1549 880 ὅταν
1584 829 1741 880 τοίνυν

157 914 233 963 καὶ
276 913 350 963 ἐπὶ
391 916 485 963 τῶν
535 913 689 979 ἱερέων
730 912 784 965 τὸ
828 912 1053 983 λήψονται
1095 912 1240 979 λε’γοι,
1281 912 1416 963 νοοῖτ’
1457 909 1515 961 ἂν
1554 910 1741 964 εἰκότως

158 995 259 1046 ἀντὶ
308 1000 391 1046 τοῦ
438 998 734 1062 προσ-οἴσουσιν
778 996 806 1060 ἡ
852 994 1001 1063 φωνή.
1065 997 1114 1047 ἐν
1155 997 1301 1063 καιρῷ
1350 998 1599 1060 τοιγαροῦν
1646 996 1742 1043 τῶν

28 1078 31 1129 ,³
93 1101 140 1126 10
158 1079 358 1140 ἀδικιῶν,
396 1081 490 1128 τῶν
524 1083 607 1129 τοῦ
646 1084 766 1129 λαοῦ
803 1077 1036 1143 δηλονότι,
1075 1079 1206 1129 αὐτοὶ
1244 1073 1489 1146 λήψονται,
1525 1075 1741 1126 τουτέστι
1759 1081 1787 1122 d

156 1160 505 1226 προσοίσουσιν
539 1165 600 1215 εἷς
641 1162 813 1211 θυσίαν
847 1163 922 1211 καὶ
967 1165 1029 1214 εἰς
1066 1160 1293 1224 εὐοσμίαν
1331 1162 1440 1228 Θεῷ
1473 1156 1560 1223 τὴν
1596 1180 1737 1209 πνευ-

157 1241 355 1306 ματικὴν
388 1241 474 1298 τὰς
513 1242 671 1294 ἑαυτῶν
708 1239 895 1314 ψυχας,
935 1244 1086 1311 ὀρθῶς
1122 1241 1341 1307 δηλονότι
1373 1238 1742 1304 πολιτευόμενοι,

157 1325 232 1375 καὶ
255 1323 579 1389 ἐννομωτοίτην
604 1325 788 1393 ἔχοντες
810 1325 945 1393 ζωὴν,
974 1328 1048 1377 καὶ
1080 1324 1139 1376 τὰ
1172 1328 1268 1379 τοῖς
1307 1327 1479 1391 ἱερεῦσι
1502 1322 1744 1390 πρέποντα

157 1410 346 1476 φρονεῖν
385 1430 435 1459 τε
470 1411 546 1459 καὶ
587 1411 703 1474 δρᾶν
747 1408 816 1459 ὅτι
860 1406 1076 1472 μάλιστα
1116 1404 1518 1460 διεσπουδακότες.
1588 1403 1743 1459 ἱκανὸς

26 1504 28 1512 ’
93 1508 139 1546 15
158 1489 249 1557 γὰρ
279 1490 304 1541 ὁ
334 1495 542 1544 τοιοῦτος
575 1492 827 1542 ἀνασῶσαι
857 1489 1000 1544 λαοὺς
1039 1494 1114 1542 καὶ
1149 1493 1258 1559 Θεῷ
1290 1487 1742 1556 προσκεκρουκότας,

158 1574 233 1624 καὶ
271 1571 414 1636 νόμον
451 1572 741 1638 ἠδικηκότας.
805 1573 915 1624 ἀλλ’
954 1576 996 1624 οἱ
1033 1571 1152 1639 πρὸς
1189 1577 1328 1624 τοῦτο
1360 1570 1741 1638 παρειλημμένοι,

159 1658 296 1724 φησὶ,
314 1657 714 1723 συγκατώλισθον
738 1660 834 1710 τοῖς
859 1655 1042 1710 ἄλλοις.
1094 1654 1313 1724 ταύτῃτοι
1339 1655 1523 1707 δικαίως
1542 1652 1740 1720 ἀργήσει

158 1738 218 1790 τὰ
256 1737 366 1805 ἱερὰ,
403 1737 695 1790 πεπαύσεται
736 1738 790 1790 τὸ
828 1738 1092 1789 ἀπόλεκτον
1133 1739 1208 1789 καὶ
1250 1737 1401 1801 τίμιον
1432 1736 1578 1803 γένος,
1614 1735 1740 1786 ἔσται

160 1827 179 1874 ὁ
204 1821 320 1876 >abc
350 1823 408 1877 ὡς
439 1827 457 1873 o‘
484 1821 628 1889 ἱερεύς.
696 1822 899 1872 κείσεται
930 1819 1024 1887 γὰρ
1055 1819 1187 1872 οὐδὲν
1218 1820 1282 1871 ε”τι
1317 1818 1371 1870 τὸ
1405 1817 1583 1887 μεταξὺ
1621 1822 1740 1868 λαοῦ
1759 1841 1781 1867 e

93 1925 141 1951 20
160 1927 208 1955 τε
233 1906 308 1955 καὶ
334 1902 501 1971 ἱερέως.
570 1906 645 1955 καὶ
671 1910 809 1956 τοῦτο
839 1902 897 1969 ἧν
933 1903 1024 1970 ἄρα
1057 1902 1126 1967 τὸ,
1154 1910 1182 1933 “
1198 1901 1302 1968 Τὴν
1329 1901 1474 1971 δόξαν
1500 1902 1654 1953 αὐτῶν
1679 1904 1741 1955 εἰς
1802 1907 1909 1949 Supra

1803 1963 1869 1984 Ver.
1889 1962 1916 1983 ''-

161 1994 188 2016 “
212 1986 399 2050 ἀτιμίαν
439 1987 689 2052 θήσομαι.”
1891 1970 1901 1993 a

165 2173 239 2215 Καὶ
263 2173 477 2217 ἐκδικήσω
501 2173 561 2216 ἐπ’
594 2174 722 2216 αὐτὸν
755 2173 832 2215 τὰς
866 2173 992 2216 ὁδοὺς
1026 2173 1156 2215 αὐτοῦ
1191 2172 1335 2214 καὶτὰ
1362 2172 1582 2223 διαβούλια
1610 2171 1739 2213 αὐτοῦ

228 2258 526 2302 ἀνταποδώσω
552 2259 682 2313 αὐτῷ.

232 2362 389 2421 ζΟδχοῗις
434 2366 532 2430 μὲν,
573 2368 636 2420 ὡς
679 2366 806 2428 ἔοικε,
851 2365 933 2419 τὰς
977 2368 1039 2420 ὡς
1082 2367 1131 2416 ἐν
1171 2365 1324 2432 ἔργοις
1365 2365 1554 2431 πορείας
1600 2364 1739 2431 λε’γει·

93 2463 141 2501 25
164 2445 407 2508 ὃιοιβοῦλιοι
455 2448 503 2499 δὲ
551 2449 622 2511 αὖ,
672 2449 731 2499 τὰ
787 2451 836 2500 ἐκ
887 2452 1139 2514 λογισμῶν
1199 2447 1389 2499 ἀτόπων
1441 2448 1736 2511 πταίσματα.

161 2529 316 2595 ἐπειδὴ
351 2530 517 2591 τοίνυν,
545 2533 682 2598 φησὶ,
707 2531 985 2597 πεπόρευται
1023 2530 1108 2593 μὲν
1147 2531 1230 2581 οὐκ
1265 2531 1428 2597 ὀρθῶς,
1454 2533 1537 2594 τῆς
1568 2531 1742 2584 εὐθείας

211 2673 243 2696 2.
268 2660 583 2707 προσαγαγὲτωσαν
600 2660 691 2696 Edd.
709 2661 826 2696 invitis
846 2662 939 2697 B.D.
1161 2661 1196 2696 6.
1220 2660 1424 2706 προστάξει]
1444 2661 1564 2707 πράξει
1582 2662 1663 2705 (Sic)
1681 2662 1742 2697 iid.

162 2709 196 2743 8.
222 2709 306 2754 λέγῃ
327 2709 372 2742 D.
582 2719 614 2752 9.
637 2709 748 2742 τοίνυν
766 2709 813 2743 D.
1018 2719 1070 2743 10.
1096 2707 1268 2753 λήψονται
1285 2709 1380 2742 αὐτοὶ
1396 2709 1536 2743 inverso
1553 2709 1674 2743 ordine
1694 2709 1741 2744 D.

167 2766 179 2789 1
191 2767 219 2790 1.
246 2756 292 2791 εἷς
309 2756 368 2790 alt.
386 2760 609 2800 assumptum
623 2766 664 2788 ex
683 2755 730 2789 D.
954 2766 1005 2800 13.
1032 2756 1260 2799 ἐννομωτάτην
1278 2755 1320 2790 Β.
1338 2755 1565 2799 ἐννομώτατον
1583 2756 1629 2790 D.
1647 2756 1740 2791 εὖνο-

162 2804 315 2846 μωτάτην
334 2802 424 2837 Edd.
636 2801 688 2835 16.
716 2802 769 2835 καὶ
786 2802 887 2844 νόμον
903 2800 1029 2845 ἧδικηκ.
1048 2814 1119 2836 om.
1139 2802 1185 2836 D.
1409 2803 1461 2837 18.
1487 2803 1675 2838 ἀπόλεκτον
1693 2804 1740 2838 D.

164 2850 252 2893 ἱερὸν
270 2849 361 2884 Edd.
539 2859 592 2894 19.
618 2849 637 2882 ὁ
659 2849 717 2881 alt.
735 2854 956 2893 assumptum
974 2860 1016 2882 ex
1036 2849 1128 2882 B.D.
1146 2848 1183 2883 b.
1350 2859 1405 2883 21.
1432 2849 1580 2894 θήσομαι
1596 2851 1743 2884 accessit

165 2908 206 2930 ex
226 2896 318 2931 B.D.
338 2896 371 2930 b.
539 2906 594 2934 22,
614 2906 669 2939 23.
690 2895 747 2929 Sic
767 2895 859 2929 B.D.
880 2895 946 2929 Pro
964 2895 1107 2940 quibuS,
1125 2907 1265 2930 versum
1282 2902 1485 2941 sequentem
1502 2897 1556 2931 καὶ
1573 2898 1742 2943 φάγονται

163 2942 477 2978 -κατευθυνθῶσιν
502 2942 555 2976 bis
581 2941 665 2975 dant
693 2941 782 2977 Edd.
831 2940 882 2976 ἐπ’
905 2942 1495 2980 αὐτοὺς-αὐτῶν-αὐτῶν-αὐτοῖς
1522 2944 1559 2978 F.
1586 2944 1649 2988 (22
1676 2944 1742 2988 al.)

163 2989 309 3070 {Quini}
308 3002 370 3034 pro
388 2990 485 3026 ὁδοὺς
505 2989 546 3023 Β.
564 2988 669 3033 (sol.)
859 3000 914 3032 24.
945 2989 1022 3024 Hoc
1040 2989 1084 3025 ὡς
1101 2990 1159 3024 alt.
1178 2990 1322 3026 accessit
1338 3002 1380 3025 ex
1399 2990 1445 3025 D.
1495 2991 1661 3035 ὑποδηλοῖ
1679 3003 1742 3037 pro

189 3050 257 3081 (γει
314 3063 322 3072 ι
