2021 3434
302 224 356 265 10
691 224 738 263 B.
783 222 1058 264 CYRILLI
1099 222 1477 262 ALEXANDR.
1788 217 1814 259 i.
1843 231 1875 257 1.

301 334 383 386 τὸν
404 334 599 396 Ἰούδαν,
627 334 851 395 τουτέστι,
887 331 994 387 τοὺς
1027 335 1075 384 ἐν
1106 338 1200 388 τοῖς
1224 334 1585 400 Ἱεροσολύμοις,
1614 333 1794 400 ἔρχεται
1830 327 1878 378 δὲ

305 420 380 468 καὶ
417 418 491 468 ἐπὶ
529 415 611 467 τὸν
640 414 854 481 Ἰσραὴλ,
887 415 1115 478 τουτέστι,
1151 415 1234 470 τὰς
1272 415 1381 467 δέκα
1419 414 1578 484 φυλὰς
1615 413 1698 468 τὰς
1736 415 1784 464 ἐν
1821 415 1880 479 τῇ

307 500 556 567 Σαμαρείᾳ,
586 497 697 565 φέρε
723 498 934 563 λέγωμεν
969 498 1230 564 ἀναγκαίως
1260 497 1367 553 τοῦς
1400 500 1467 550 ἐπ’
1498 497 1637 549 αὐτὸν
1671 501 1878 557 βεβασι-

306 581 529 634 λευκότας
575 582 623 630 ἐν
665 579 851 646 ἡμέραις
887 579 1118 647 Ἀζαρίου,
1162 587 1244 632 τοῦ
1289 584 1363 632 καὶ
1401 581 1575 647 Ὀζιόυ,
1616 581 1690 630 καὶ
1729 578 1882 630 ποίαις

306 662 472 716 αὐτοὺς
509 661 812 726 συμβέβηκεν
854 664 1083 714 ε’ναλῶναι
1125 668 1395 731 συμφοραῖς
1433 658 1925 730 κατηῤῥωστηκότας5

306 745 510 799 ἐκτόπως
541 743 626 809 τὴν
652 746 865 810 βέβηλον
891 747 1297 812 εἱδωλολατρείαν.
1368 747 1455 811 ἤδη
1487 747 1643 797 τοίνυν
1669 741 1890 794 εἰκοστὸν,

307 831 381 879 καὶ
417 828 585 894 ὄγδοον
625 827 725 881 ε”τος
762 829 809 878 ἐν
843 832 908 897 τῷ
941 829 1213 889 βασιλεύειν
1248 828 1434 896 ἔχοντος
1465 828 1640 894 Ὀζίου,
1682 831 1765 876 τοῦ
1809 825 1886 875 καὶ

91 932 109 958 4
126 919 220 994 Rgg'·
262 911 536 977 (1Ἀζαρίου,
557 909 775 976 Ἀζαρίας
803 910 967 976 ἕτερος,
995 912 1121 982 [τοῦ]
1142 910 1403 978 Ἱεροβοάμ,
1432 910 1774 973 βεβασίλευκεν
1811 909 1886 958 ἐπὶ

88 974 142 994 xv.
182 986 190 994 ⁵
308 992 391 1044 τὸν
416 991 616 1060 Ἰσραὴλ
655 996 803 1057 μῆνας
839 991 910 1062 ἕξ.
977 993 1206 1058 ἐπειδὴδὲ
1239 996 1314 1045 καὶ
1346 993 1483 1049 αὐτὸς
1515 995 1563 1044 ἐν
1602 994 1695 1062 ὁδῷ
1733 987 1881 1043 πεπό-

309 1099 463 1144 ρευται
495 1081 577 1127 τοῦ
612 1075 801 1142 πατρὸς,
843 1077 917 1126 καὶ
960 1078 1151 1140 ἐποίησε
1195 1075 1249 1128 τὸ
1290 1077 1495 1144 πονηρὸν
1534 1079 1582 1128 ἐν
1622 1077 1888 1146 ὀφθαλμοῖς
1913 1096 1959 1121 10

314 1159 504 1225 Κυρίου,
546 1158 732 1209 δέδοταί
766 1181 864 1209 τισι
902 1163 996 1209 τῶν
1035 1161 1210 1210 οἰκείων
1251 1164 1312 1214 εἷς
1350 1159 1563 1228 σφαγὴν,
1605 1160 1680 1210 καὶ
1719 1156 1776 1222 δὴ
1815 1157 1891 1207 καὶ

313 1239 570 1292 διόλλυται.
647 1239 891 1308 προϊόντος
926 1241 974 1292 δὲ
1008 1247 1090 1292 τοῦ
1128 1248 1288 1308 καιροῦ
1323 1242 1504 1304 λοιπὸν,
1540 1244 1588 1294 ἐν
1630 1241 1717 1292 ἔτει
1755 1263 1885 1307 τρια-

90 1340 140 1370 Jb.
165 1348 213 1371 ιο.
313 1327 472 1392 κοστῲ
491 1325 565 1374 καὶ
593 1322 746 1393 ὀγδόῳ
771 1326 853 1388 τῆς
872 1325 1120 1384 βασιλείας
1136 1323 1315 1392 Ὀζίου,
1335 1326 1511 1392 χρίεται
1537 1325 1684 1377 πάλιν
1710 1325 1785 1375 ἐπὶ
1810 1321 1893 1374 τὸν

92 1430 212 1468 Ib.13.
313 1406 516 1473 Ἰσραὴλ
559 1407 584 1456 ὁ
628 1406 830 1470 Σελούμ,
874 1408 949 1457 καὶ
988 1409 1309 1467 βεβασίλευκε
1350 1407 1495 1473 μηνὸς
1536 1408 1726 1475 ἡμέραςῖ
1781 1404 1893 1474 ἀνῄ-

93 1507 215 1547 Ib.14.
313 1512 448 1556 ρηται
489 1487 582 1555 γὰρ
620 1488 751 1542 εὐθὺς
792 1488 882 1539 ὑπὸ
929 1489 1129 1552 Μαναῒμ
1171 1493 1268 1541 υἱοῦ
1309 1490 1439 1558 Γαζῆ
1483 1496 1566 1542 τοῦ
1604 1492 1654 1542 ἐκ
1692 1489 1891 1557 Θερσίν.
1917 1509 1963 1547 15

315 1570 644 1635 ἐπεσημήνατο
679 1571 728 1622 δὲ
763 1571 816 1622 τὸ
849 1571 1045 1639 ’γράμμα
1071 1571 1124 1623 τὸ
1153 1572 1287 1639 ἱερὸν,
1315 1572 1386 1624 ὅτι
1411 1572 1667 1640 γεγόνασιν
1691 1574 1792 1636 υὶοῖ,
1819 1574 1894 1622 καὶ

277 1655 374 1724 ee}
410 1654 602 1716 αἵματος
646 1652 772 1719 ἦσαν
820 1653 1078 1723 ἀμφότεροι
1129 1661 1211 1707 τοῦ
1248 1657 1385 1720 Ἰηοῦ,
1438 1654 1488 1710 ὃς
1535 1655 1769 1708 ἀπέκτεινε
1813 1653 1896 1706 τὸν

316 1735 508 1805 Ἀχαάβ
543 1739 618 1787 καὶ
649 1735 755 1790 τοὺς
789 1735 911 1790 υἱοὺς
947 1738 1088 1789 αὐτοῦ
1123 1740 1198 1789 καὶ
1235 1737 1320 1803 τὴν
1350 1738 1572 1805 Ἰεζάβελ,
1601 1738 1638 1808 ᾧ
1665 1741 1740 1789 καὶ
1779 1738 1893 1790 ὑπέ-

95 1839 256 1878 1h.x.30.
318 1842 464 1887 σχετο
509 1821 534 1869 ὁ
571 1817 706 1882 Θεὸς,
741 1821 898 1885 λέγων
932 1822 1079 1870 “Yioz
1124 1820 1333 1886 τέταρτοι
1375 1823 1663 1886 καθήσονται
1701 1823 1776 1873 ἐπὶ
1814 1826 1897 1872 τοῦ

318 1909 346 1931 “
373 1901 540 1969 θρόνου
589 1903 726 1952 σου.”
795 1903 1115 1963 βεβασίλευκε
1165 1905 1320 1954 τοίνυν
1369 1906 1394 1955 ὁ
1448 1904 1649 1967 Μαναῒμ
1697 1906 1770 1956 ἐπὶ
1815 1903 1898 1955 τὸν
1919 1927 2004 1963 20,

95 1996 216 2027 'Ib-xv·
317 1984 532 2051 Ἰσραὴλ,
567 1984 830 2039 ἀπεκτονὼς
868 1984 950 2036 τὸν
989 1985 1190 2049 Σελούμ.
1261 1994 1287 2016 ‘⁶
1306 1989 1400 2037 Καὶ
1431 1988 1636 2052 ἐποίησε,
1673 1989 1809 2055 φησὶ,
1844 1985 1898 2038 τὸ

101 2042 149 2071 ¹8⁵
319 2074 346 2097 ‘⁶
371 2066 577 2133 πονηρὸν
611 2069 659 2117 ἐν
700 2068 967 2135 ὀφθαλμοῖς
1007 2069 1196 2134 Κυρίου,
1240 2069 1322 2119 οὐκ
1363 2069 1547 2134 ἀπέστη
1591 2068 1685 2121 ἀπὸ
1726 2073 1899 2121 πασῶν

320 2157 346 2179 “
372 2151 610 2216 ἁμαρτιῶν
628 2148 876 2216 Ἱεροβοὰμ
897 2153 994 2201 υἱοῦ
1012 2150 1201 2214 Ναβάτ,
1229 2150 1278 2205 ὃς
1304 2151 1534 2220 ἐξήμαρτε
1558 2151 1896 2219 τὸνἸσραὴλ.”

319 2231 659 2292 βασιλεύοντος
706 2231 755 2282 δὲ
805 2233 960 2294 αὐτοῦ,
1005 2235 1126 2301 φημὶ
1176 2233 1232 2297 δὴ
1277 2239 1359 2284 τοῦ
1414 2234 1628 2298 Μαναῒμ,
1673 2236 1748 2285 καὶ
1792 2238 1901 2305 Θεῷ

152 2329 178 2363 8
199 2328 247 2362 A.
284 2338 306 2361 a
322 2314 713 2381 προσκρούοντος,
739 2314 814 2366 διὰ
851 2313 905 2366 τὸ
930 2320 1283 2381 προ[σ]κεῖσθοιι
1309 2317 1416 2367 λίαν
1447 2321 1548 2370 ταῖς
1577 2321 1672 2368 τῶν
1697 2317 1901 2369 εἰδώλων
1922 2339 1970 2378 25

324 2398 724 2464 ψευδολατρείαις,
776 2397 1197 2464 καταστρατεύεται
1247 2401 1329 2462 τῆς
1392 2400 1656 2466 Σαμαρείας
1707 2399 1899 2453 Φούλας

104 2489 156 2519 lb·
179 2497 226 2530 ι9·
324 2477 552 2538 βασιλεὺς
584 2479 876 2546 Ἀσσυρίων·
930 2478 982 2531 ὃν
1020 2480 1288 2543 ἀμύνασθαι
1325 2486 1420 2535 τοῖς
1458 2480 1623 2535 ὅπλοις
1661 2482 1744 2533 οὐκ
1782 2483 1902 2551 ἔχων

326 2560 350 2609 ὁ
397 2560 608 2622 Μαναῒμ,
651 2567 850 2616 πολλοῖς
898 2564 1132 2614 ἀναπείθει
1170 2564 1412 2630 χρήμασιν
1453 2565 1776 2633 ἀποφοιτῆσαι
1819 2567 1902 2629 τῆς

325 2643 425 2705 γῆς,
477 2643 551 2691 καὶ
601 2649 745 2694 λῦσαι
799 2644 885 2709 τὴν
934 2644 1107 2713 μάχην.
1187 2644 1343 2709 ἐπειδὴ
1401 2645 1448 2697 δὲ
1506 2647 1827 2711 τετελεύτηκεν
1876 2648 1902 2698 ὃ

375 2805 407 2841 5.
434 2797 648 2841 συμβέβηκεν
665 2799 824 2835 ἐναλῶναι
842 2802 1052 2849 συμφοραῖς]
1073 2804 1184 2848 συμφ.
1203 2804 1309 2846 συμΒ.
1328 2803 1419 2837 ἐναλ.
1439 2803 1530 2838 Edd.
1689 2805 1722 2839 8.
1747 2804 1902 2850 Ἀζαρίας

329 2842 457 2888 ἕτερος]
480 2844 535 2878 Sic
553 2845 653 2879 Alex.
699 2850 757 2881 τοῦ
776 2860 845 2882 om.
869 2850 907 2883 Β.
1109 2862 1142 2896 9.
1169 2850 1205 2884 δὲ
1223 2858 1444 2895 assumptum
1461 2863 1502 2885 ex
1521 2851 1563 2885 B.
1768 2863 1821 2886 11.
1847 2854 1902 2886 καὶ

330 2891 474 2923 alterurn
493 2899 714 2936 assumptum
733 2906 772 2927 ex
793 2895 833 2928 B.
1048 2909 1099 2942 13.
1125 2898 1183 2940 τῆς
1200 2909 1270 2931 om.
1288 2898 1478 2931 Aubertus.
1717 2908 1769 2943 17.
1795 2898 1900 2945 Ἰηοῦ]

333 2937 389 2970 Sic
410 2936 450 2969 B.
470 2937 610 2982 (Alex.)
629 2939 694 2973 Ἰοὺ
712 2940 803 2976 Edd,
823 2941 942 2987 (Vat.)
1022 2956 1075 2978 20.
1104 2959 1168 2979 σου
1186 2951 1405 2989 assumptum
1426 2956 1466 2977 ex
1486 2943 1527 2978 B.
1602 2952 1657 2986 25.
1674 2946 1902 2989 προσκεῖσθαι

330 2983 430 3016 tacite
447 2985 593 3018 correxit
612 2985 744 3030 Migne.
794 2990 992 3031 προκεῖσθαι
1012 2991 1102 3025 Edd.
1320 2991 1375 3025 26.
1401 2989 1551 3035 Φούλας]
1570 2991 1684 3035 φυλὰς
1702 2991 1791 3037 (sic)
1810 2992 1902 3028 Edd.

332 3030 421 3063 Φουὰ
439 3041 455 3063 e
474 3042 536 3064 suo
556 3034 701 3065 correxit
720 3033 852 3077 Migne.
