2021 3434
329 199 412 239 418
717 196 766 236 B.
809 194 1088 235 CYRILLI
1128 192 1511 233 ALEXANDR.
1778 186 1835 226 iii.
1860 198 1897 240 3.

330 306 476 371 μόνοι,
522 308 686 374 φησὶν,
731 307 780 356 ἐκ
825 304 1006 355 πάντων
1050 306 1131 365 τῆς
1175 304 1295 353 οὕτω
1336 304 1620 369 περιφανοῦς
1657 295 1902 366 ἠξιωμένοι

329 389 519 457 χάριτος
543 393 796 440 λυποῦντες
830 388 882 437 οὐ
917 385 1201 454 κατελήξατε
1228 386 1302 434 καὶ
1327 380 1730 449 προσκεκρούκατε
1755 384 1901 430 πολυ-

331 471 527 536 τρόπως,
554 469 770 537 ταύτῃτοι
805 467 973 519 λοιπὸν
1009 466 1115 520 τοῦς
1152 469 1233 529 τῆς
1272 465 1491 518 ἀπονοίας
1530 464 1646 526 ὑμᾶς
1671 458 1903 529 ἐξαιτήσω

293 552 518 617 Ολόγους,
557 553 639 602 οὐκ
677 550 896 620 ἀνέξομαι
931 548 1337 613 πλημμελούντων
1369 547 1433 596 ἔτι
1468 547 1542 596 καὶ
1581 543 1905 605 ἀνεπιτίμητον

332 632 534 702 ἐχόντων
559 632 644 697 τὴν
669 637 729 686 εἷς
755 638 892 683 τοῦτο
915 631 1077 699 ῥοπήν.
1926 651 1947 690 5

408 717 595 767 Οὐκοῦν
629 714 824 781 ὀλέθρου
857 713 1086 782 πρόξενον
1116 712 1260 764 παντί
1286 734 1352 780 τῳ
1387 708 1554 760 λοιπὸν
1579 707 1632 758 τὸ
1664 710 1903 773 καταφρο-

335 801 476 861 νῆσαι
527 801 651 848 Θεοῦ
707 801 782 847 καὶ
839 799 1129 847 δεσποτικῶν
1178 796 1417 860 ἀλογῆσαι
1473 789 1763 854 θελημάτων,
1815 791 1910 840 τοῖς

335 879 652 946 ἐπεγνωκόσιν
700 877 853 941 αὐτὸν,
897 877 926 943 ὴ
975 879 1051 928 καὶ
1095 875 1403 942 ἐγνωσμένοις
1448 873 1556 939 παρ’
1609 872 1748 922 αὐτοῦ
1793 867 1916 920 κατοί

335 985 390 1028 γε
431 960 513 1013 τὸν
555 964 636 1025 τῆς
686 963 996 1024 πνευματικῆς
1039 958 1310 1011 οἷκειώσεως
1353 954 1542 1022 τρόπον.
1605 954 1680 1004 καὶ
1722 957 1838 1017 γοῦν
1887 951 1912 1001 ὁ

337 1044 619 1113 σοφώτατος
671 1047 865 1096 Παῦλος
915 1047 1010 1096 τοῖς
1061 1042 1117 1110 ἐξ
1161 1042 1305 1090 ἐθνῶν
1358 1036 1652 1102 κεκλημένοις
1702 1032 1776 1085 διὰ
1832 1035 1914 1096 τῆς
1936 1055 1982 1082 10

337 1128 555 1189 πίστεως,
599 1123 696 1176 εἶτα
736 1129 933 1175 νοσοῦσι
970 1123 1024 1174 τὸ
1063 1123 1245 1183 ἄναλκι,
1285 1122 1358 1171 καὶ
1397 1120 1562 1170 ἀνόπιν
1603 1115 1766 1182 ὥσπερ
1804 1115 1916 1165 ἱέναι

118 1211 190 1242 Gal.
212 1211 251 1241 iv.

118 1264 138 1296 9
339 1208 761 1277 προτεθυμημένοις
799 1205 1067 1258 ἐπιστέλλει
1101 1203 1254 1270 λέγων
1281 1211 1307 1232 “
1329 1205 1449 1254 Νυνὶ
1482 1201 1529 1252 δὲ
1564 1200 1752 1267 γνόντες
1779 1197 1916 1258 Θεὸν,

297 1296 324 1337 d
343 1301 369 1324 ‘⁶
392 1296 581 1356 μᾶλλον
609 1289 656 1341 δὲ
683 1289 972 1352 γνωσθέντες
1005 1286 1094 1339 ὑπὸ
1129 1291 1265 1349 Θεοῦ,
1289 1289 1388 1339 πῶς
1423 1283 1724 1350 ἐπιστρέφετε
1760 1282 1834 1331 ἐπὶ
1857 1278 1918 1330 τὰ

342 1382 369 1405 “
396 1373 574 1437 ἀσθενῆ
606 1374 680 1423 καὶ
713 1370 882 1439 πτωχὰ
913 1374 1123 1437 στοιχεῖα
1153 1374 1234 1420 τοῦ
1267 1367 1448 1431 κόσμου
1475 1365 1540 1420 οἷς
1571 1364 1718 1416 πάλιν
1743 1365 1919 1414 ἄνωθεν

343 1466 369 1488 “
395 1454 627 1508 δουλεύειν
661 1454 818 1504 θέλετε
841 1454 879 1514 ;”
919 1450 1017 1520 ᾔδει
1054 1451 1138 1514 μὲν
1177 1450 1268 1516 γὰρ
1306 1449 1470 1502 αὐτοὺς
1504 1450 1578 1499 καὶ
1615 1446 1708 1513 πρό
1746 1469 1799 1512 γε
1837 1447 1920 1508 τῆς
1942 1464 1986 1505 15

342 1541 545 1591 πίστεως
577 1538 602 1587 ὁ
638 1533 952 1601 Δημιουργός·
996 1535 1157 1599 ἀγνοεῖ
1181 1531 1273 1599 γὰρ
1305 1531 1428 1585 ὅλως
1467 1535 1560 1581 τῶν
1593 1528 1741 1580 ὅντων
1772 1527 1918 1579 οὐδέν·

343 1619 453 1672 ἀλλ’
500 1621 547 1670 ἐν
588 1617 780 1679 τούτοις,
822 1619 882 1670 ὡς
924 1617 1055 1684 ἔφην,
1098 1613 1437 1678 ὑποσημήνειεν
1481 1611 1538 1663 ἂν
1582 1611 1610 1675 ἡ
1652 1615 1830 1677 γνῶσις
1873 1609 1922 1660 εὖ

344 1702 476 1768 μάλα
507 1700 592 1763 τὴν
625 1697 938 1763 πνευματικὴν
969 1695 1239 1769 οἰκειότητα.

309 1897 395 1940 3Εἶ
434 1899 715 1954 Πορεύσονται
759 1896 833 1937 δύο
874 1894 942 1936 ἐπὶ
985 1894 1032 1935 τὸ
1071 1893 1173 1934 αὐτὸ
1218 1893 1415 1942 καθόλου,
1449 1890 1524 1932 ἐὰν
1563 1891 1619 1938 μέι
1658 1888 1921 1946 Γνωρίσωσιν
1973 1884 1976 1887 ’

413 1983 591 2023 ἑαυτούς
612 2001 621 2032 3
1947 1975 1992 2000 20

422 2071 553 2124 Βαθῦ
585 2073 667 2135 μὲν
692 2070 745 2122 τὸ
772 2070 962 2137 αἴνιγμα
994 2072 1068 2120 καὶ
1101 2067 1303 2134 ἀμυδρὸς
1330 2068 1354 2117 ὁ
1382 2066 1541 2132 λόγος·
1581 2064 1710 2129 πλὴν
1738 2066 1928 2131 ἐροῦμεν

128 2152 235 2193 Supra

129 2196 161 2226 ἢ
186 2205 233 2226 ¹²'
310 2157 410 2209 Θὼς
449 2156 526 2207 ἔνι’
592 2158 838 2222 Κατῃτιᾶτο
871 2153 1023 2203 Τοίνυν
1055 2149 1137 2202 Τὸν
1160 2149 1376 2216 Ἰσραὴλ,
1402 2148 1471 2199 ὅτι
1497 2155 1522 2177 “
1539 2152 1633 2201 τοῖς
1662 2145 1927 2216 προφήταις

351 2245 377 2267 “
396 2238 693 2289 ἐνετέλλοντο
719 2235 936 2300 λέγοντες
964 2235 1038 2285 Ol}
1065 2232 1128 2297 μὴ
1155 2228 1559 2299 προφητεύσητε.”
1601 2232 1675 2280 καὶ
1697 2228 1772 2280 διὰ
1790 2229 1929 2280 ποίαν

352 2319 501 2371 αἰτίαν
535 2319 761 2381 ἐπετίμων
796 2317 1080 2385 ἀφυλάκτως
1115 2319 1214 2368 ταῖς
1252 2318 1344 2365 τῶν
1384 2314 1529 2378 ἁγίων
1566 2315 1757 2380 φωναῖς,
1791 2315 1930 2362 εἰπεῖν

353 2405 620 2468 ἀναγκαῖον.
686 2399 841 2463 ἐπειδὴ
883 2398 976 2464 γὰρ
1019 2396 1294 2463 ἀπήγγελον
1335 2395 1393 2446 τὰ
1440 2395 1496 2463 ἐξ
1543 2395 1686 2460 ὀργῆς
1730 2392 1931 2456 ἐσόμενα
1953 2409 1992 2445 2.,

353 2482 628 2550 σκυθρωπὰ,
656 2484 730 2534 καὶ
763 2481 823 2532 τὰ
857 2483 909 2532 δι’
939 2479 1001 2531 ὧν
1036 2479 1092 2545 ἧν
1128 2477 1245 2533 εἰκὸς
1277 2479 1452 2528 ἑαυτῶν
1489 2476 1698 2539 ἀμείνους
1737 2475 1932 2526 ε”σεσθαι

354 2567 460 2620 τοῦς
496 2562 818 2632 ἡμαρτηκότας
856 2563 1061 2616 δεδιότας
1098 2584 1189 2613 που
1226 2559 1348 2628 τάχα
1387 2564 1481 2610 τῶν
1511 2557 1815 2623 λαληθέντων
1847 2555 1933 2621 τὴν

357 2651 568 2711 ἔκβασιν,
596 2646 824 2709 ἐμελέτων
862 2645 948 2710 τὴν
986 2645 1265 2695 ἀντίστασιν
1303 2644 1378 2693 καὶ
1416 2642 1732 2708 ἀντέπραττον
1765 2640 1932 2701 αὐτοῖς,

407 2791 437 2813 2.
464 2780 648 2813 λυποῦντες
666 2789 736 2810 om.
756 2777 798 2810 A.
1094 2783 1125 2816 5.
1151 2771 1274 2817 ῥοπήν]
1293 2771 1420 2816 τροπήν
1439 2769 1527 2805 Edd.
1821 2768 1855 2802 8.
1881 2768 1935 2801 καὶ

359 2833 578 2870 assumptum
597 2837 637 2857 ex
656 2824 747 2857 AB.
1046 2833 1078 2866 9.
1105 2821 1304 2863 οἰκειότητος
1321 2820 1363 2852 Α.
1649 2827 1702 2850 10.
1728 2817 1785 2859 τῆς
1802 2826 1870 2848 om.
1889 2815 1933 2848 A.

364 2884 414 2905 12.
440 2871 689 2915 προτιθεμένοις
708 2870 749 2904 Β.
800 2870 869 2904 νυνὶ
887 2869 978 2902 A.B.
998 2870 1054 2902 νῦν
1072 2866 1164 2901 Edd.
1212 2870 1355 2912 γνῶντες
1372 2866 1415 2899 A.
1666 2874 1718 2907 13.
1745 2863 1810 2896 ὑπὸ
1827 2860 1932 2905 Θεοῦ]

359 2918 412 2952 ὑπ’
431 2920 531 2952 αὑτοῦ
551 2920 592 2951 Α.
833 2928 884 2958 14.
915 2915 1009 2949 Haec
1027 2917 1086 2948 τοῦ
1105 2916 1232 2956 κόσμου
1250 2918 1429 2957 assumpta
1446 2923 1486 2945 ex
1503 2910 1593 2944 A.B.
1817 2917 1868 2952 15.
1894 2922 1935 2952 γε

359 2972 581 3009 assumptum
598 2977 639 2998 ex
659 2966 701 2996 A.
999 2971 1051 3006 17.
1078 2960 1113 2995 εὖ
1130 2962 1221 3001 μάλα
1239 2972 1308 2993 orn.
1327 2960 1371 2992 A.
1666 2967 1718 3001 19.
1744 2955 1784 2988 Εἰ
1801 2966 1870 2988 om.
1891 2956 1934 2988 A.

363 3021 416 3054 25.
443 3010 635 3044 ἐνετέλλετο
656 3009 745 3043 Edd.
985 3019 1040 3053 27.
1066 3008 1216 3042 δεδιότας
1235 3006 1276 3040 Β.
1296 3006 1441 3040 δεδιότες
1459 3006 1500 3038 A.
1522 3002 1612 3038 Edd.
