2021 3434
316 190 372 230 22
708 187 757 227 B.
801 184 1072 226 CYRILLI
1111 182 1486 223 ALEXANDR.
1800 182 1824 222 i.
1848 194 1886 235 3.

318 297 575 365 ἀμετρήτου
610 295 966 366 φιλανθρωπίας
1002 293 1247 359 προσίεται
1289 290 1425 354 Θεός,
1466 290 1685 359 ἐνδοιάσῃ
1722 312 1790 344 τις
1829 288 1889 340 ἄν

318 382 545 444 οὐδαμῶς.
613 382 779 446 χρῆναι
821 376 869 426 δὲ
913 379 984 426 δεῖ
1013 373 1228 438 μάλιστα
1264 376 1346 436 τῆς
1387 372 1504 424 κατὰ
1541 373 1624 424 τὸν
1660 371 1889 438 μακάριον

315 462 464 527 Ὠσηὲ
503 460 751 528 γενομένης
795 458 1003 523 ἱστορίας
1043 455 1107 520 μὴ
1145 455 1397 522 καθορίζειν
1434 454 1489 506 τὸ
1528 455 1732 509 ἀκαλλὲς
1772 477 1889 520 γρα-

318 545 503 613 φούσης
537 544 645 607 ἡμῖν
678 542 749 610 ἐφ’
778 541 940 604 ἑαυτῆς
973 537 1246 604 παγκάλως,
1280 537 1348 588 ὅτι
1387 539 1633 602 βδελυροῖς
1665 539 1739 587 καὶ
1776 538 1888 587 ἀκα-

279 626 503 692 οθάρτοις
540 626 674 675 οὖσιν
711 623 789 686 ἔτι,
826 621 912 686 τὴν
948 622 1056 687 παρ’
1091 621 1254 671 ἑαυτοῦ
1296 617 1611 683 πνευματικὴν
1649 619 1889 669 κοινωνίαν
1909 634 1931 672 5

318 709 343 758 ὁ
371 712 489 761 θεῖος
514 707 623 771 ἡμῖν
646 703 877 773 χαρίζεται
904 703 1074 769 Λόγος.

382 788 520 859 ’Έφη
569 789 724 839 τοίνυν
774 788 799 838 ὁ
850 791 945 836 τῶν
999 785 1125 836 ὅλων
1175 782 1298 838 Θεὸς
1348 782 1468 850 πρὸς
1526 782 1610 833 τὸν
1663 781 1892 848 μακάριον

316 872 472 937 Ὠσηέ
515 868 687 940 Βάὸιζε,
739 868 865 927 λάβε
909 866 1079 935 σεαυτῷ
1128 869 1326 932 γυναῖκα
1377 867 1575 935 πορνείας
1628 870 1706 916 καὶ
1759 863 1892 916 τέκνα

318 956 528 1025 πορνείας.
598 952 777 1020 δέχεται
815 950 862 1001 δὲ
895 948 980 1013 τὴν
1007 947 1175 1015 Γόμερ,
1200 950 1287 1015 οὐχ
1325 948 1604 1011 ἡδυπαθείας
1635 948 1803 1013 εὕρεμα
1837 945 1891 998 τὸ

317 1039 476 1104 χρῆμα
513 1034 796 1097 ποιούμενος,
836 1033 944 1083 ἀλλ’
974 1032 1180 1094 ὑπακοῆς
1218 1031 1294 1080 καὶ
1332 1030 1563 1083 διακονίας
1600 1029 1738 1096 ἔργον
1775 1031 1892 1080 ἀπο-
1915 1049 1962 1074 10
1998 1047 2002 1071 a

317 1123 529 1184 πληρῶν,
550 1119 624 1168 καὶ
649 1115 876 1182 ὑπηρέτης
900 1118 981 1164 τοῦ
1007 1112 1155 1163 τύπου
1180 1109 1430 1177 γινόμενος,
1449 1109 1502 1162 ὃν
1521 1110 1663 1161 αὑτὸν
1683 1110 1739 1175 δὴ
1759 1110 1894 1174 μάλα

318 1202 519 1266 ἐροῦμεν,
540 1201 588 1250 ἐν
611 1203 705 1252 τοῖς
724 1201 963 1262 σαρκικοῖς
988 1196 1062 1245 καὶ
1082 1194 1411 1259 γεωδεστέροις
1437 1196 1813 1262 διαμορφοῦντες,
1831 1195 1894 1246 ὡς

116 1298 164 1331 16
185 1296 235 1330 A.
280 1283 396 1344 ἃὲνι,
428 1281 487 1332 τὰ
523 1278 821 1344 πνευματικά.
890 1281 1073 1346 αἰτιῷτο
1111 1277 1147 1325 δ’
1183 1273 1240 1325 ἂν
1275 1273 1404 1338 οἶμαί
1431 1298 1499 1328 τις
1531 1276 1613 1326 οὐκ
1644 1277 1691 1326 ἐν
1726 1273 1894 1344 κόσμῳ

319 1364 489 1416 λοιπὸν
518 1362 600 1415 τὸν
632 1367 715 1414 τοῦ
750 1360 997 1428 προφήτου
1034 1357 1230 1409 σκοπόν.
1294 1355 1347 1408 τὸ
1374 1355 1467 1423 γὰρ
1494 1357 1686 1408 ἑλέσθαι
1715 1361 1893 1422 γαμεῖν,

319 1450 394 1498 καὶ
417 1447 590 1515 γυναίῳ
615 1443 954 1504 συνάπτεσθαι,
976 1442 1051 1492 καὶ
1075 1439 1246 1491 τέκνων
1271 1440 1394 1508 ε’ρᾷν,
1423 1440 1448 1489 ὁ
1474 1442 1556 1502 τῆς
1582 1438 1894 1490 θεοπνεύστου
1917 1457 1963 1495 15

318 1532 506 1598 γραφῆς
536 1529 619 1579 οὐκ
649 1526 842 1595 ἐξείργει
873 1524 1033 1589 λόγος’
1087 1526 1278 1586 μᾶλλον
1302 1521 1350 1572 δὲ
1375 1520 1540 1584 μώμου
1566 1522 1643 1571 καὶ
1668 1522 1895 1584 διαβολῆς

99 1622 187 1682 ῌξξῦ·
320 1610 614 1663 ἀπαλλάττει
647 1612 906 1674 πανταχοῦ·
950 1612 976 1634 ‘⁶
994 1605 1159 1668 Τίμιος
1195 1602 1289 1670 γὰρ
1328 1604 1352 1654 ὁ
1384 1602 1548 1669 γάμος,
1591 1604 1666 1654 καὶ
1698 1603 1726 1667 ἡ
1765 1603 1895 1667 κοίτη

97 1677 164 1698 mh
181 1679 211 1706 4·
320 1701 347 1724 ‘⁶
373 1693 630 1758 ἀμίαντος,”
660 1689 777 1741 κατὰ
802 1688 887 1753 τὴν
919 1693 1001 1738 τοῦ
1033 1686 1260 1752 μακαρίου
1287 1684 1486 1736 Παύλου
1513 1684 1689 1753 φωνήν·
1741 1687 1896 1753 ἐφεῖτο

320 1775 368 1827 δὲ
403 1780 498 1828 τοῖς
531 1774 748 1825 ἐθέλουσι
785 1775 1026 1832 διαβιῶναι
1063 1770 1226 1835 ὀρθῶς,
1257 1769 1333 1819 καὶ
1369 1765 1453 1818 τὸν
1491 1765 1704 1834 ἐνάρετόν
1733 1789 1782 1817 τε
1820 1768 1897 1817 καὶ

275 1859 493 1921 ὓεύσεβῆ
539 1859 836 1922 κατορθῶσαι
873 1853 992 1915 βίον,
1033 1850 1120 1920 κᾷν
1161 1855 1198 1901 εἷ
1238 1849 1411 1901 τέκνων
1449 1851 1692 1917 γλίχοιντο
1736 1851 1892 1915 γονῆς.
1917 1876 1966 1900 20

321 1941 477 2002 διεβίω
507 1938 601 2005 γὰρ
633 1939 778 1990 οὕτως
811 1937 836 1986 ὁ
867 1934 1091 2000 μακάριος
1116 1932 1360 2000 εΑβραάμ·
1401 1930 1631 1997 γεγόνασι
1669 1929 1718 1982 δὲ
1749 1933 1823 1981 καὶ
1856 1934 1898 1981 οἱ

319 2024 416 2087 μετ’
445 2019 586 2072 αὐτὸν
619 2017 850 2082 εὐδόκιμοι
888 2015 1017 2083 παρὰ
1056 2019 1177 2084 Θεῷ.
1247 2015 1296 2065 τί
1325 2015 1419 2076 οὖν,
1446 2013 1547 2065 εἰπέ
1571 2036 1665 2077 μοι,
1698 2011 1753 2064 τὸ
1785 2012 1894 2063 ἄτο-

320 2127 424 2167 πον,
450 2102 479 2168 ἢ
503 2108 603 2156 πῶς
628 2100 685 2152 ἂν
711 2101 834 2153 ὅλως
860 2096 1229 2161 διαβεβλήσεται
1259 2095 1313 2148 τὸ
1345 2095 1408 2160 μὴ
1439 2094 1704 2164 ἀνῄνασθαι
1729 2093 1897 2161 γάμον,

322 2191 446 2238 Θεοῦ
493 2183 874 2252 προστάττοντος
919 2180 1196 2248 γράφεσθαί
1232 2202 1278 2230 τι
1326 2183 1420 2229 τῶν
1461 2181 1785 2242 πνευματικῶν
1822 2179 1898 2228 καὶ
1992 2242 1995 2266 ς

322 2269 586 2332 ἀναγκαίων
624 2270 686 2319 εἰς
717 2265 882 2330 ὄνησιν
919 2268 1014 2316 τοῖς
1052 2260 1437 2330 ἐντευξομενοις’
1415 2283 1463 2310 εν
1494 2264 1589 2313 τοῖς
1614 2264 1898 2322 σωματικοῖς
1919 2247 1996 2373 25}

322 2373 372 2400 τε
407 2374 482 2401 και
512 2352 781 2413 αἰσθητοῖς,
822 2347 966 2415 φαίην
998 2345 1035 2396 δ’
1066 2343 1122 2394 ἂν
1157 2343 1303 2409 ε”γωγε
1338 2343 1618 2395 καταδείσας
1651 2341 1851 2405 ουδὲν,“
1827 2364 1900 2394 οτι

325 2454 399 2481 και
426 2454 635 2483 σεσωκεν
661 2432 685 2481 ὁ
709 2427 956 2499 προφήτης
987 2425 1072 2492 τὴν
1097 2425 1264 2492 Γόμερ.
1325 2424 1515 2491 γύναιον
1541 2424 1634 2490 γὰρ
1668 2422 1722 2475 τὸ
1753 2425 1900 2478 οὕτως

325 2513 524 2580 αἰσχρὸν
572 2517 646 2565 καὶ
694 2511 987 2573 πολύκοινον,
1033 2510 1099 2560 ἑνὶ
1141 2508 1354 2560 πέπεικεν
1403 2508 1536 2573 ἀνδρὶ
1585 2510 1900 2573 προσκεῖσθαι

287 2595 466 2664 Ομόνῳ,
499 2598 572 2646 καὶ
609 2595 693 2660 τὴν
730 2593 881 2646 πάλαι
919 2595 993 2643 καὶ
1031 2591 1176 2656 αὐτὴν
1214 2595 1463 2641 λυποῦσαν
1499 2587 1586 2653 τὴν
1620 2588 1782 2657 φύσιν·
1830 2587 1900 2639 ὅτι

326 2677 390 2741 μὴ
425 2677 595 2727 τέκνων
637 2677 843 2728 ὑπέκειτο
880 2679 1051 2742 γοναῖς,
1087 2671 1217 2724 ἀλλὰ
1257 2676 1358 2726 ταῖς
1398 2676 1492 2722 τῶν
1531 2668 1900 2737 προστυχόντων
1920 2691 1969 2728 30

326 2759 619 2822 ἡδυπαθείαις
649 2765 881 2810 πωλοῦσα
917 2756 1003 2822 τὴν
1036 2754 1175 2823 ὥραν,
1206 2755 1437 2821 πέταυρον
1474 2752 1531 2818 ἧν
1569 2750 1784 2815 θανάτου,
1824 2754 1900 2804 καὶ

377 2949 429 2972 12.
454 2935 736 2982 διαμορφοῦντες]
758 2938 813 2971 Sic
835 2937 874 2971 B.
894 2938 1145 2984 δισμορφοῦντιι
1164 2936 1255 2971 Edd.
1376 2946 1429 2969 20.
1456 2932 1647 2979 γλίχοιντο]
1668 2935 1820 2978 εὔχοιντο
1838 2932 1897 2967 iid-

328 2985 452 3020 Statim
469 2985 567 3029 γονὰς
585 2984 643 3018 ild.
