2021 3434
104 563 203 594 0s.ii.
219 563 248 594 8.

104 1062 153 1093 Ib.
175 1071 219 1093 12.

285 895 307 921 C

280 1636 305 1676 d

289 2405 309 2430 Θ

323 196 406 236 612
738 194 787 234 Β.
831 193 1110 234 CYRILLI
1160 194 1540 234 ALEXANDR.
1811 194 1836 234 i.
1855 204 1894 246 7.

322 303 585 370 ἰσχύουσιν,
603 304 773 352 ὡσανεὶ
799 300 974 364 μισθὸν
1000 304 1075 352 καὶ
1102 301 1366 353 ἀντὲκτισιν
1387 300 1450 352 ὧν
1472 302 1592 369 ε”χειν
1612 300 1759 371 ᾤοντο
1784 303 1893 368 παρ’

322 385 474 435 αὐτῶν
500 383 772 434 ἀνετίθεσαν
791 382 875 436 τὰς
899 384 1211 451 εὐχαριστίας.
1253 382 1525 448 μεμνήμεθα
1551 382 1598 434 δὲ
1624 383 1693 434 ὅτι
1720 385 1795 434 καὶ
1821 382 1898 434 διὰ

323 469 483 534 φωνῆς
502 464 651 530 Ὠσηὲ
677 470 925 532 κατῃτιᾶτο
950 464 1036 529 τὴν
1059 470 1153 515 τῶν
1177 464 1415 516 Ἰουδαίων
1440 464 1748 531 Συναγωγὴν,
1777 467 1898 516 οὕτω

323 548 478 613 λέγων
517 555 543 577 “
567 549 659 598 Καὶ
698 545 813 611 αὐτὴ
842 548 922 598 οὐκ
948 547 1068 612 ε”γνω
1094 547 1164 598 ὅτι
1191 546 1282 613 ἐγὼ
1309 548 1485 598 δέδωκα
1510 548 1626 614 αὐτῇ
1656 546 1739 598 τὸν
1764 551 1900 598 σῖτον

323 636 351 657 “
377 631 452 679 καὶ
496 628 578 679 τὸν
617 626 741 680 οἶνον
780 630 854 679 καὶ
892 627 946 680 τὸ
989 626 1164 692 ἐ’λαιον,
1203 633 1278 680 καὶ
1320 629 1542 696 ἀργύριον
1583 631 1658 679 καὶ
1701 629 1942 696 χρυσίον5

324 717 350 740 “
375 710 617 775 ἐπλήθυνα
654 712 785 779 αὐτῇ·
845 710 960 775 αὐτὴ
999 710 1047 761 δὲ
1086 713 1266 777 ἀργυρᾶ
1305 714 1378 762 καὶ
1418 715 1576 777 χρυσᾶ
1615 712 1805 775 ἐποίησε
1841 715 1899 778 τῇ

324 800 350 822 “
377 791 560 844 Βάαλ·”
603 794 768 843 οὐκοῦν
793 794 964 859 ἐναργῆ
995 791 1054 843 τὰ
1087 792 1382 857 ἀναθήματα.
1451 792 1520 843 ὅτι
1546 791 1596 843 δὲ
1625 791 1902 861 μισθώματοί

324 898 372 925 τε
399 876 474 926 καὶ
500 875 762 926 ἀντέκτισιν
787 878 869 939 τῆς
893 876 970 926 ἐπί
991 898 1043 941 γε
1071 880 1136 944 τῷ
1160 880 1436 926 πλανᾶσθαι
1462 877 1673 938 σπουδῆς
1699 882 1895 925 κατελο-

324 957 474 1024 γίζετο
510 957 595 1021 τὴν
633 958 874 1023 εὐημερίαν
910 959 934 1008 ὁ
965 957 1167 1024 Ἰσραὴλ
1208 959 1232 1007 ὁ
1270 956 1551 1027 παράφρων,
1591 956 1722 1008 οὐδὲν
1762 956 1902 1021 ἧττον

323 1039 545 1104 συνήσεις
572 1043 696 1090 Θεοῦ
719 1039 866 1091 πάλιν
893 1038 1112 1105 λέγοντος
1139 1046 1166 1068 “
1190 1041 1283 1090 Καὶ
1311 1042 1494 1108 ἀφανιῶ
1523 1040 1736 1102 ἄμπελον
1761 1039 1902 1102 αὐτῆς
1924 1065 1972 1090 10

325 1129 351 1151 ‘⁶
378 1124 452 1172 καὶ
490 1121 573 1175 τὰς
613 1127 762 1175 συκᾶς
803 1124 956 1186 αὐτῆς,
997 1121 1090 1172 ὅσα
1133 1120 1231 1173 εἶπε
1271 1120 1580 1185 Μισθώματά
1617 1144 1707 1184 μου
1757 1121 1903 1172 ταῦτά

323 1211 351 1232 “
376 1206 506 1254 ἐστιν
537 1201 567 1254 ἃ
591 1203 767 1254 ἔδωκάν
796 1228 874 1268 μοι
908 1207 949 1255 οἱ
982 1204 1182 1270 ἐρασταί
1212 1205 1346 1267 μου.”
1403 1202 1517 1272 ᾤετο
1548 1202 1654 1270 γὰρ,
1683 1206 1744 1257 ὡς
1770 1203 1902 1272 ἔφην,

323 1291 418 1339 τοῖς
451 1290 545 1337 τῶν
571 1286 776 1337 εἰδώλων
801 1285 998 1350 νεύμασι
1031 1288 1106 1336 καὶ
1135 1286 1328 1355 πλούτῳ
1356 1290 1505 1349 κομᾶν
1532 1288 1606 1336 καὶ
1632 1288 1679 1336 ἐν
1705 1289 1903 1353 τρυφαῖς

325 1366 438 1419 εἶναι
477 1371 552 1418 καὶ
590 1369 836 1434 εὐημερεῖν.
896 1367 1079 1436 τυφλὸς
1119 1370 1200 1419 οὖν
1245 1369 1335 1434 ἄρα
1379 1373 1473 1419 τῶν
1516 1368 1837 1432 πλανωμένων
1877 1368 1903 1418 ὁ

325 1456 444 1504 νοῦς.
513 1450 541 1515 ἧ
574 1450 668 1517 γὰρ
706 1450 777 1513 ἂν,
816 1450 898 1501 τὸν
934 1451 1076 1517 φύσει
1111 1450 1235 1501 Θεὸν
1270 1452 1352 1501 οὐκ
1384 1449 1639 1515 ἠγνοηκὼς,
1680 1451 1805 1518 αὐτῷ
1840 1447 1898 1512 δὴ
1925 1471 1971 1510 15

324 1537 525 1595 μᾶλλον,
556 1535 631 1583 καὶ
670 1534 757 1601 οὐχ
795 1533 964 1599 ἕτεροις
998 1536 1094 1583 τισὶ
1129 1531 1182 1582 τὸ
1214 1533 1363 1591 σέβας
1397 1534 1593 1601 ἀνῆψεν·
1661 1533 1786 1601 αὐτῷ
1821 1530 1904 1584 τὰς

325 1615 653 1682 χαριστηρίους
681 1616 875 1666 ἀνετίθει
902 1616 1050 1670 λιτάς·
1092 1613 1233 1666 αὐτὸν
1259 1614 1493 1679 ὡμολόγει
1523 1613 1699 1667 παντὸς
1724 1615 1905 1679 ἀγαθοῦ

323 1700 497 1764 δοτῆρα
536 1700 611 1749 καὶ
655 1696 894 1765 πρύτανιν·
959 1702 1149 1766 φρονεῖν
1189 1696 1237 1748 δὲ
1277 1695 1365 1748 ὧδε
1405 1696 1677 1762 διεγνωκὼς,
1721 1696 1804 1746 οὐκ
1847 1693 1906 1746 ἂν

323 1779 515 1844 γέγονεν
542 1783 598 1835 ὡς
632 1779 992 1849 ὀπωροφυλοίκιον
1018 1782 1168 1849 ἀγροῦ,
1194 1781 1304 1831 ἀλλ’
1334 1779 1436 1830 οὐδὲ
1472 1782 1529 1833 ὡς
1555 1781 1716 1847 φυτεία,
1750 1783 1905 1846 ἀμπε-

323 1862 468 1924 λῶνσς,
509 1862 579 1914 ἐπ’
607 1861 884 1927 ἀκλονήτοις
924 1862 972 1913 δὲ
1015 1868 1205 1925 μᾶλλον
1245 1862 1503 1928 εὐημερίαις
1544 1859 1905 1927 μακαριζόμενος
1925 1879 1973 1911 2ο

323 1945 526 2007 διετέλει,
552 1947 627 1995 καὶ
663 1950 762 1998 ταῖς
796 1945 973 1995 ἄνωθεν
999 1944 1247 2007 εὐμενείαις
1281 1943 1674 2011 τετεισχισμένος,
1700 1944 1748 1993 ἐν
1774 1945 1906 2011 καλῷ

323 2030 405 2091 τῆς
431 2028 648 2091 εὐθυμίας
674 2026 880 2093 γεγονὼς
905 2026 1200 2093 ἐθαυμάζετο.

324 2236 445 2279 Διὸτι
485 2236 532 2278 ἐκ
572 2238 861 2286 μισθωμάτων
905 2236 1106 2294 Πορνείαο
1156 2237 1375 2286 cumfuse,
1415 2236 1483 2276 καὶ
1526 2235 1572 2276 ἐκ
1615 2234 1904 2283 μισθωμάτων

394 2321 593 2378 Πορνειάε
620 2323 915 2379 συνέστρεψεν.

401 2444 619 2511 Διαγελᾷ
656 2442 712 2506 δὴ
749 2441 896 2493 πάλιν
935 2443 959 2492 ὁ
1000 2441 1158 2506 λόγος,
1199 2443 1274 2491 καὶ
1313 2443 1394 2504 τῆς
1432 2439 1669 2490 Ἰουδαίων
1707 2438 1907 2502 ἀμαθίας
1925 2459 1971 2499 25

377 2588 405 2610 1.
433 2574 526 2620 εἶχον
541 2578 579 2610 τὸ
598 2588 660 2620 pro
678 2577 768 2621 ἔχειν
785 2574 889 2623 ᾤοντο
907 2576 951 2610 A.
1096 2587 1126 2610 2.
1153 2574 1366 2620 ἀνετίθεσαν]
1390 2578 1427 2614 -1-
1449 2574 1484 2607 δέ
1502 2575 1546 2609 Α.
1662 2586 1696 2616 4.
1717 2572 1845 2607 δέδωκα
1862 2572 1906 2606 A.

327 2624 447 2667 (Alex.
467 2623 573 2668 XII.)
591 2624 698 2657 ἔδωκα
718 2623 809 2657 Edd.
828 2623 941 2664 (Yam
1167 2623 1198 2656 6.
1229 2623 1324 2656 Haec
1341 2622 1422 2665 αὐτὴ
1441 2622 1478 2655 δὲ
1496 2627 1676 2666 assumpta
1693 2632 1734 2654 ex
1754 2620 1795 2654 B.
1813 2620 1907 2654 αὐτοὶ

326 2671 361 2703 δὲ
380 2671 423 2703 A.
475 2670 599 2704 Statim
618 2671 670 2703 καὶ
689 2670 767 2705 add.
787 2669 876 2704 Edd.
896 2671 947 2703 καὶ
966 2669 1087 2704 habuit
1108 2669 1147 2703 Β.
1168 2669 1227 2703 sed
1246 2681 1395 2702 erasum.
1445 2669 1608 2711 ἐποίησαν
1625 2670 1667 2701 Α.
1811 2675 1843 2711 7.
1870 2666 1906 2700 δὲ

327 2725 548 2759 assumptum
566 2729 606 2750 ex
624 2717 714 2751 AB.
886 2729 918 2761 9.
946 2719 963 2750 ὁ
980 2718 1169 2760 παράφρων
1185 2715 1326 2759 Ἰσραὴλ
1345 2717 1388 2749 A.
1581 2725 1634 2749 12.
1663 2714 1759 2748 Haec
1776 2713 1870 2748 ἐστιν
1884 2712 1906 2746 ἃ

327 2770 546 2797 accesserunt
564 2776 605 2797 ex
624 2764 666 2797 A.
684 2763 704 2797 ἃ
727 2764 766 2797 B.
964 2775 1017 2808 ¹3-
1041 2763 1193 2797 πλούτου
1212 2764 1401 2796 Aubertus.
1586 2772 1638 2807 15.
1664 2759 1683 2804 ἧ
1705 2760 1739 2806 [ἢ
1761 2759 1820 2805 Β.]
1839 2759 1904 2805 γὰρ

327 2810 366 2843 ἂν
384 2810 474 2844 Α.Β.
497 2811 526 2844 εἷ
541 2811 608 2856 γὰρ
625 2809 664 2854 ἦν
688 2810 778 2844 Edd.
830 2809 1029 2855 ἠγνοηκότες
1055 2814 1089 2844 et
1111 2810 1247 2855 ἀνῆψαν
1264 2816 1296 2843 et
1316 2809 1488 2843 ἀνετίθουν
1504 2809 1548 2842 Α.
1644 2818 1697 2853 17.
1719 2808 1905 2851 ὡμολογεῖν

327 2857 406 2899 (sic)
424 2859 468 2891 A.
597 2869 650 2902 19.
669 2858 712 2892 ὡς
728 2857 851 2902 φυτεία
870 2857 910 2891 Β.
930 2857 976 2892 εἷς
993 2859 1103 2903 φυτὸν
1119 2858 1162 2891 A.
1181 2857 1228 2892 εἷς
1244 2856 1386 2900 φυτείαν
1404 2855 1496 2889 Edd.
1626 2866 1680 2889 20.
1705 2854 1844 2899 ἀγαθοῖς
1860 2852 1903 2887 Β.

328 2903 387 2936 sed
406 2904 441 2936 in
460 2916 530 2945 mg.
550 2916 657 2938 manu
671 2904 745 2937 ead.
764 2904 962 2948 εὐημερίαις.
1108 2915 1164 2938 22.
1190 2902 1364 2948 εὐθυμίας]
1382 2903 1534 2945 εὐθηνίας
1551 2902 1594 2935 A.
1740 2912 1794 2943 24.
1819 2913 1903 2944 πορ-

327 2949 414 2983 νείας
439 2950 530 2983 Α.Β.
547 2953 674 2994 πόρνης
700 2951 790 2984 Edd.
819 2953 890 2994 (51,
909 2961 966 2995 95,
989 2951 1081 2995 185.)
1141 2951 1265 2985 Statim
1292 2949 1526 2994 κατέστρεψεν
1544 2949 1579 2982 F.
1606 2947 1697 2982 Edd.
1717 2947 1789 2991 (62,
1810 2947 1903 2992 147.)

329 3004 384 3040 25.
410 2996 450 3039 δὴ
467 3003 686 3042 assumptum
706 3009 747 3032 ex
764 2999 808 3032 A.
858 2999 876 3031 ὁ
894 3000 998 3043 λόγος
1014 3010 1084 3033 om.
1103 2998 1148 3033 A.
1196 2997 1368 3032 Ἰουδαίων
1384 2998 1427 3031 A.
1446 2994 1556 3029 Ἰούδα
1574 2994 1665 3029 Edd.

2011 1961 2021 2183 -r—-———-⁷-*:»
2011 1036 2021 1957 -Ἴ-τΨ-ῄ-ν-ψε--τ--ς-
2012 975 2017 1031 ...-
2012 778 2018 969 Μ
2009 0 2021 765 -σψΜῂ-Ἧ
