2021 3434
318 208 403 249 674
711 209 761 248 B.
804 208 1083 248 CYRILLI
1122 209 1503 249 ALEXANDR.
1791 223 1830 248 v.
1855 221 1891 249 2.

205 339 228 375 d
279 354 296 376 2
322 337 391 378 Καὶ
431 338 477 378 σὺ
520 337 710 387 ΒΗθλεὲμ
748 334 864 381 οἶκος
903 342 976 380 τοῦ
1011 339 1226 396 Ἐφραθᾶ,
1263 340 1484 387 ὀλιγοστὸς
1522 336 1559 381 εἶ
1594 345 1666 381 τοῦ
1705 336 1812 381 εἶναι
1848 339 1893 380 ἐν

385 421 564 475 χιλιάσιν
592 421 748 462 Ἰούδα·
787 422 833 463 ἐκ
871 426 945 463 σοῦ
980 438 1049 470 μοι
1086 422 1356 466 ἐξελεύσεται
1395 423 1627 471 ύΓούμενοε
1669 427 1742 464 τοῦ
1786 418 1894 463 εἶναι

384 503 443 545 εἰς
482 504 666 562 ἄρχοντα
710 506 755 548 ἐν
797 508 859 560 τῷ
892 507 1081 563 Ἰσραι-ἰλ,
1125 507 1187 548 καὶ
1232 506 1273 548 αἰ
1313 507 1455 550 ἔξοδοι
1492 507 1621 548 αὐτοῦ
1662 507 1728 548 ἀπ’
1765 506 1894 563 ἀρχῆς

383 588 428 630 ἐξ
464 588 637 644 ἡμερῶν
670 587 843 630 αἰῶνος.

408 694 512 760 Τὴν
561 700 623 750 εἰς
671 697 725 748 τὸ
776 700 824 748 ἐν
874 700 1039 765 ἀρχαῖς
1102 699 1416 767 ἀναφοίτησιν
1465 703 1559 749 τῶν
1619 696 1725 748 καθ’
1776 696 1938 760 ἡμᾶςὸ

314 777 608 843 πραγμάτων
656 780 681 830 ὁ
732 780 1021 846 προφητικὸς
1074 781 1180 845 ἡμῖν
1228 783 1276 832 ἐν
1325 781 1505 834 τούτοις
1556 778 1897 845 εὐαγγελίζεται

315 859 474 926 λόγος.
545 862 849 926 διαμέμνηται
899 861 947 913 δὲ
996 864 1071 914 καὶ
1119 863 1252 927 μάλα
1303 867 1475 931 σαφῶς
1523 865 1604 926 τῆς
1655 864 1891 928 ἀνακεφα-

316 943 560 997 λαιώσεως
608 947 690 1008 τῆς
740 946 788 996 ἐν
838 948 1037 1014 Χριστῷ
1088 948 1373 1011 γεγενῆσθαι
1422 944 1693 1010 λεγομένης.
1765 941 1897 1005 καινὴ

95 1028 205 1103 2232?-
317 1024 411 1091 γὰρ
454 1026 606 1080 κτίσις
646 1025 705 1077 τὰ
747 1029 795 1077 ἐν
838 1028 978 1096 αὐτῷ,
1022 1027 1143 1079 καθὰ
1193 1027 1473 1094 γέγραπται,
1517 1028 1592 1077 καὶ
1642 1033 1669 1054 “
1697 1023 1774 1076 Τὰ
1813 1023 1898 1088 μὲν

164 1091 173 1112 ⁴
319 1114 345 1136 ‘⁶
370 1109 542 1175 ἀρχαῖα
581 1113 809 1176 παρῆλθε,
854 1110 1018 1176 γέγονε
1058 1110 1106 1161 δὲ
1146 1109 1202 1160 δι’
1244 1111 1386 1161 αὐτοῦ
1427 1109 1562 1160 καινὰ
1576 1109 1601 1124 ”
1640 1129 1893 1171 μεταστοι·
1920 1136 1967 1161 10
1999 1125 2005 1138 ²

315 1195 550 1257 χειοῦντος
588 1190 648 1242 τὰ
681 1191 951 1258 ἀνθρώπινα
989 1194 1064 1242 καὶ
1102 1190 1472 1256 ἀνακαινίζοντος
1507 1194 1569 1244 εὶς
1607 1190 1661 1240 τὸ
1699 1190 1749 1240 εὖ
1785 1186 1897 1239 εἶναι

315 1272 461 1323 πάλιν
487 1273 619 1325 αὐτά.
684 1275 998 1335 βεβασίλευκε
1024 1273 1132 1341 γὰρ,
1159 1276 1234 1325 καὶ
1260 1274 1508 1338 πεποίηται
1538 1271 1685 1325 πάλιν
1715 1269 1898 1338 αἱρετὸν

315 1352 401 1417 τὴν
442 1353 561 1405 κατὰ
604 1353 795 1407 πάντων
835 1355 1000 1423 ἀρχήν.
1066 1357 1342 1420 σημαίνεται
1380 1355 1428 1406 δὲ
1471 1354 1526 1406 τὸ
1571 1353 1777 1406 καθόλου
1821 1355 1897 1404 καὶ

315 1434 390 1486 διὰ
431 1440 524 1487 τῶν
573 1442 768 1504 μερικῶς
812 1438 1220 1502 οἰκονομουμένων.
1306 1436 1610 1498 ἐβασιλεύετο
1660 1435 1745 1499 μὲν
1789 1433 1895 1501 γὰρ,

316 1519 378 1571 ὡς
418 1517 551 1586 ἔφην,
593 1520 618 1569 ὁ
658 1519 861 1586 Ἰσραὴλ
900 1521 948 1570 ἐν
988 1521 1153 1587 ἀρχαῖς
1191 1518 1280 1571 ὑπὸ
1320 1523 1458 1582 Θεοῦ,
1496 1516 1896 1583 μεσολαβούντων
1919 1544 1966 1583 15
1998 1581 2003 1595 ,

315 1598 477 1665 ἁγίων.
544 1598 642 1651 εἶτα
675 1600 772 1665 μετ’
810 1602 863 1652 οὐ
897 1600 1023 1653 πολὺ
1057 1601 1268 1666 νοσήσας
1303 1600 1357 1651 τὸ
1392 1602 1563 1664 εὔηθες,
1589 1599 1823 1662 ἀτιμάσας
1846 1622 1894 1650 τε

313 1679 367 1732 τὸ
408 1682 630 1748 πράττειν
676 1683 765 1735 ὑπὸ
809 1687 935 1753 Θεῷ,
977 1683 1036 1734 τὰ
1080 1683 1351 1750 ἀνθρώπινα
1395 1687 1585 1746 μᾶλλον
1622 1681 1896 1746 τετιμήκασι

93 1780 177 1814 435
194 1778 245 1813 A.
275 1761 474 1829 ακροῖτη.
521 1766 596 1816 καὶ
640 1771 756 1831 γοῦν
799 1764 987 1834 ᾔτησαν
1025 1767 1096 1835 ἐφ’
1134 1767 1309 1817 ἑαυτῶν
1347 1766 1555 1827 βασιλέα
1592 1763 1675 1815 τὸν
1713 1764 1889 1815 Σαούλ.

313 1844 411 1896 εἶτα
432 1848 872 1914 προσκεκρούκασιν
891 1849 943 1899 οὐ
962 1849 1174 1914 μετρίως·
1215 1847 1540 1911 λελυπημένος
1566 1845 1659 1913 γὰρ
1686 1846 1896 1914 ἔφασκεν
1998 1916 1999 1922 1

92 1924 211 2007 ᾗὶἓθξζ
314 1929 338 1978 ὁ
364 1933 458 1979 τῶν
490 1929 616 1980 ὅλων
643 1929 764 1984 Θεὸς
791 1935 858 2000 τῷ
895 1930 1106 1999 μακαρίῳ
1133 1929 1362 1995 Σαμουήλ
1390 1938 1416 1959 “
1437 1931 1513 1980 Οὐ
1550 1928 1609 1980 σὲ
1647 1928 1889 1998 ἐξουθενή-
1917 1961 1965 1986 20

313 2018 340 2040 “
366 2034 520 2074 κασιν,
572 2014 683 2063 ἀλλ’
730 2012 807 2076 ἐμὲ
856 2011 1203 2082 ἐξουθενήκασι,
1253 2018 1336 2063 τοῦ
1385 2011 1451 2076 μὴ
1501 2012 1775 2072 βασιλεύειν
1824 2012 1892 2063 ἐπ’

313 2100 340 2123 “
366 2095 576 2147 αὐτούς.”
633 2093 703 2145 ὅτι
729 2094 778 2146 δὲ
802 2094 856 2145 τὸ
882 2098 1041 2163 χρῆμα
1067 2096 1221 2148 αὐτοῖς
1246 2094 1536 2162 ὀνησιφόρον
1561 2093 1645 2156 μὲν
1669 2095 1894 2157 οὐδαμῶς,

311 2175 479 2242 πικρὸν
527 2176 575 2227 δὲ
623 2181 813 2239 μᾶλλον
857 2181 932 2227 καὶ
984 2177 1220 2243 ἐπιζήμιον
1270 2179 1346 2228 καὶ
1395 2176 1595 2243 ὀλέθρου
1643 2175 1892 2245 πρόξενον,

313 2257 428 2322 αὐτὴ
467 2257 667 2326 δέδειχεν
701 2259 729 2323 ἡ
763 2264 913 2324 πεῖρα,
938 2263 1038 2313 πῶς
1078 2257 1135 2309 ἂν
1169 2257 1421 2310 ἐνδοιάσειέ
1450 2281 1553 2322 τις,
1602 2258 1895 2326 περιπεπτώ-

312 2363 426 2391 κασι
467 2340 559 2407 γὰρ
604 2344 765 2395 δεινοῖς
807 2345 882 2392 καὶ
927 2340 1152 2409 ἀφύκτοις
1195 2340 1270 2391 διὰ
1311 2347 1449 2392 τοῦτο
1491 2345 1662 2395 κακοῖς.
1729 2342 1894 2392 οὐκοῦν
1915 2366 1961 2405 25

363 2513 393 2536 1.
412 2502 446 2536 ἐν
462 2502 617 2547 χιλιάσιν
632 2501 742 2537 Ἰούδα
759 2514 830 2538 om.
847 2503 892 2537 A.
1114 2515 1147 2538 2.
1167 2518 1224 2547 μοι
1243 2503 1362 2537 deest
1355 2515 1391 2537 ln
1410 2503 1501 2538 Edd.
1549 2503 1733 2548 ἡγούμενος
1748 2504 1894 2538 accessit

312 2561 354 2583 ex
373 2549 416 2583 A.
436 2549 567 2594 (Alex.)
949 2561 983 2595 3.
1009 2550 1044 2584 ἐν
1060 2552 1106 2596 τῷ
1124 2550 1167 2584 A.
1167 2519 1302 2593 p(Alex.
1322 2550 1408 2584 XII.
1414 2551 1425 2594 )
1443 2553 1489 2597 τῷ
1509 2550 1546 2584 F.
1566 2550 1658 2585 Edd.
1675 2550 1796 2596 (153.)
1818 2550 1893 2596 [τοῦ

313 2596 394 2630 Vat.
398 2595 414 2641 ]
581 2608 614 2638 4.
581 2596 680 2639 4ἐξ
696 2608 766 2631 om.
784 2596 829 2631 A.
1004 2606 1038 2640 5.
1063 2598 1123 2641 τὴν
1139 2609 1202 2642 pro
1219 2598 1257 2631 τὸ
1276 2596 1368 2632 Edd.
1543 2606 1575 2643 7.
1600 2598 1654 2632 καὶ
1671 2604 1893 2642 assumptum

313 2654 355 2676 ex
372 2643 416 2677 A.
422 2642 463 2677 B.
514 2644 637 2688 σαφῶς
653 2644 697 2677 Α.
703 2643 745 2678 Β.
765 2644 886 2689 σοφῶς
903 2643 996 2678 Edd.
1231 2656 1264 2690 9.
1290 2644 1398 2679 καθὼς
1414 2643 1762 2678 iid.12.
1785 2645 1893 2686 βεβα-

313 2690 469 2724 σίλευται
486 2689 546 2724 iid.
594 2690 851 2734 περιπεποίηται
867 2689 927 2724 iid.
946 2690 1226 2736 repugnantibus
1243 2691 1287 2725 A.
1293 2690 1335 2724 B.
1385 2690 1519 2735 αἶρετὴν
1536 2690 1578 2725 Β.
1750 2702 1804 2736 13.
1833 2693 1894 2725 τοῦ

312 2736 464 2772 καθόλως
481 2748 543 2781 pro
560 2737 599 2770 τὸ
617 2737 764 2772 καθόλου
780 2738 825 2772 A.
1096 2749 1149 2780 14.
1173 2741 1316 2782 μερικῶν
1332 2737 1376 2771 Α.
1424 2738 1485 2781 μὲν
1501 2744 1723 2782 assumptum
1740 2749 1783 2771 ex
1799 2737 1892 2772 A.B.

316 2783 369 2816 16.
395 2782 465 2828 μετ’
484 2783 523 2817 οὐ
540 2795 608 2818 om.
627 2784 671 2818 A.
903 2793 955 2828 17.
980 2784 1170 2828 ἀνθρώπινα
1186 2786 1318 2828 μᾶλλον
1335 2799 1402 2817 τετ.
1421 2783 1541 2829 κράτη]
1561 2784 1744 2829 ἀνθρώπων
1758 2785 1894 2828 μᾶλλον

311 2843 379 2863 τετ.
398 2830 442 2864 A.
637 2831 689 2865 18.
713 2829 844 2875 ᾔτησαν
861 2831 905 2864 A.
923 2829 1049 2874 ᾔτησεν
1068 2830 1159 2865 Edd.
1209 2830 1335 2865 Statim
1352 2830 1443 2875 ἔφη
1427 2834 1552 2865 εαυτῶν
1568 2832 1612 2866 A.
1629 2830 1686 2876 ἐφ’
1699 2832 1830 2867 ἑαυτοῖς
1847 2831 1891 2866 Β.

312 2875 402 2920 ἐφ’(
386 2879 490 2924 εαυτῲ
511 2876 601 2911 Edd.
840 2888 895 2912 21.
920 2876 1016 2923 ἀλλ’]
1041 2877 1114 2917 -1-
1098 2893 1116 2921 η
1136 2877 1229 2912 Ε(1(1
1247 2878 1364 2911 invitis
1382 2878 1426 2912 A.
1432 2878 1473 2911 B.
1493 2877 1574 2920 (ΧΙ.
1580 2880 1592 2922 )
1641 2877 1692 2912 ἐπ’
1709 2876 1830 2913 αὐτούς
1846 2879 1890 2912 A.

313 2922 445 2966 (Alex.)
463 2912 508 2958 cf.
527 2935 633 2969 Supra
649 2935 713 2969 431
735 2923 769 2958 d.
787 2923 838 2959 ἐπ’
856 2924 968 2960 αὐτοῖς
986 2924 1078 2959 Edd.
1098 2927 1157 2959 τοῦ
1173 2925 1218 2969 μὴ
1234 2923 1467 2965 βασιλεύειν’
1450 2924 1500 2958 επ’
1517 2925 1641 2965 αὐτοῖς,
1659 2923 1736 2958 ἀλλ’
1755 2924 1812 2968 ἐμὲ
1836 2924 1889 2958 in-

311 2979 411 3002 verso
435 2970 557 3004 ordine
577 2971 704 3014 (ἐξουθ.
722 2971 902 3015 omittens)
922 2971 964 3005 B.
1318 2982 1374 3024 23.
1398 2973 1531 3014 μᾶλλον
1547 2977 1769 3017 assumptum
1786 2982 1828 3006 ex
1847 2971 1890 3006 B.

313 3024 367 3057 24.
393 3015 480 3061 πῶς]
505 3021 540 3057 -1-
562 3017 589 3051 δ’
610 3017 701 3052 Edd.
720 3018 828 3052 invito
846 3018 888 3052 A.
907 3021 977 3054 πῶς
993 3033 1033 3052 αν
1050 3017 1117 3053 ε’νδ.
1136 3032 1185 3054 τις
1203 3017 1355 3053 desunt
1347 3030 1383 3053 ln
1402 3017 1445 3053 B.
