2021 3434
122 225 177 266 vi.
204 239 240 277 1,
264 239 302 267 2.
510 228 584 269 IN
624 227 1010 270 MICHAEAM.
1071 227 1223 269 TOM.
1246 226 1328 267 11.
1618 224 1700 264 693

124 338 217 387 ἐκεῖ
249 337 439 392 τελετάς
477 342 636 391 τεκαὶ
674 341 840 393 θυσίας
871 345 966 394 τοῖς
996 339 1245 403 δαιμονίοις
1269 339 1516 404 προσῆγον
1542 341 1570 364 “
1590 335 1701 385 ὑπο-
1765 351 1846 383 Hos.
1862 352 1905 383 iv.

127 427 154 450 ‘⁶
180 419 305 472 κάτω
344 422 480 488 δρυὸς
515 426 589 475 καὶ
625 424 832 489 λεύκης,”
861 425 1079 492 ταύτῃτοι
1116 422 1285 474 λοιπὸν
1322 420 1440 488 πρὸς
1471 417 1644 480 βουνοῗις
1675 418 1702 482 ἡ
1769 404 1817 435 13’

129 505 279 570 κρίσις,
303 505 351 555 ἐν
385 504 450 559 οἷς
484 505 610 570 ἦσαν
648 508 820 573 ἐναργῆ
859 506 918 557 τὰ
955 511 1050 557 τῶν
1083 504 1497 572 κατηγορουμένων
1532 500 1702 567 ἐγκλή-

127 609 265 648 ματα.
329 586 444 640 εἰκὸς
478 587 526 638 δὲ
561 587 733 648 βουνοὺς
767 590 842 639 καὶ
877 588 1062 656 θεμέλιοι
1088 587 1163 647 τῆς
1190 586 1274 653 γῆς
1300 584 1536 650 ὀνομάζειν
1562 582 1704 634 αὐτὸν

86 666 234 721 5τοῦς
272 669 619 734 ὑπερκειμένους
654 671 703 720 ἐν
745 669 861 738 δόξῃ
902 672 977 720 καὶ
1018 670 1349 736 ὑπεραίροντας
1386 669 1434 718 ἐν
1471 668 1582 733 τιμῇ
1619 664 1705 730 τὴν

127 754 221 800 τῶν
254 752 488 815 ἀγελαίων
526 750 727 816 πληθὺν,
767 752 809 803 οἳ
850 754 926 802 καὶ
965 751 1179 815 μάλιστα
1217 751 1444 817 γεγόνασι
1482 754 1577 802 τοῖς
1616 746 1705 799 ὑπὸ

127 836 260 900 χεῖρα
297 834 372 883 καὶ
407 833 512 887 ὁδὸς
547 836 623 883 καὶ
656 833 787 898 πάγη
813 833 930 900 πρὸς
956 833 1168 899 ὄλεθρον.
1236 833 1327 900 ἔφη
1353 830 1446 897 γάρ
1472 853 1565 882 που
1589 829 1707 896 πρὸς
1725 845 1746 872 0

258 913 270 929 Ι
321 914 388 943 “0''

129 915 293 968 αὐτους
391 918 481 965 Οτι
505 914 622 981 πρὸς
655 917 771 979 ὑμᾶς
802 917 904 966 ἐστι
937 916 991 965 τὸ
1022 920 1175 981 κρῖμα,
1202 913 1272 965 ὅτι
1296 915 1438 978 παγῖς
1463 912 1709 978 ἐγενήθητε
1770 918 1920 950 1b.v.1.

130 1003 158 1026 ‘⁶
181 1000 240 1065 τῇ
265 1001 458 1065 σκοπιᾲ,
485 1000 559 1048 καὶ
596 1000 658 1051 ὡς
693 998 876 1048 δίκτυον
903 996 1203 1061 ἐκτεταμένον
1229 998 1303 1047 ἐπὶ
1334 995 1388 1046 τὸ
1423 994 1707 1060 ἰταβύριον.”

47 1103 112 1128 ,ιο
130 1076 168 1129 ὦ
194 1080 362 1141 τοίνυν,
390 1082 526 1148 φησὶ,
552 1084 646 1130 τῶν
677 1080 843 1130 ἄλλων
881 1077 1319 1145 ὑπερανεστηκότες,
1345 1074 1382 1127 ὦ
1419 1075 1603 1144 θεμέλιοι
1637 1074 1711 1135 τῆς

129 1159 227 1226 γῆς,
253 1162 507 1223 τουτέστιν,
532 1162 605 1230 ἐφ’
634 1161 701 1215 οἷς
735 1161 794 1213 τὰ
827 1166 921 1212 τῶν
955 1161 1121 1212 ἄλλων
1147 1159 1409 1226 ἐρήρεισται
1440 1156 1710 1225 πράγματα,

131 1243 356 1295 duodo-owe·
382 1243 450 1303 τὴν
476 1243 594 1310 πρὸς
621 1246 737 1308 ὑμᾶς
768 1244 899 1314 κρίσιν
924 1246 996 1295 τοῦ
1020 1243 1210 1295 πάντων
1237 1243 1400 1311 Κυρίου.

202 1326 343 1377 Ἀλλ’
373 1325 398 1377 ὅ
424 1349 476 1392 γε
505 1331 694 1394 φρονῶν
719 1328 881 1392 ὀρθῶς,
908 1325 1093 1394 ψάλλει
1119 1326 1199 1377 καί
1223 1329 1344 1393 φησι
1370 1322 1488 1390 πρὸς
1513 1320 1596 1373 τὸν
1618 1325 1712 1372 τῶν

1773 1403 1827 1433 Ps.
1844 1402 1932 1434 cxlii.

133 1408 259 1460 ὅλων
286 1407 541 1473 Δεσπότην
574 1408 695 1473 “Miy
727 1407 947 1476 εἰσέλθῃς
983 1413 1044 1461 εἷς
1079 1409 1235 1473 κρίσιν
1270 1405 1387 1471 μετὰ
1424 1410 1507 1456 τοῦ
1539 1403 1712 1455 δούλου
1776 1456 1805 1477 2.

19 1527 21 1529 -
68 1507 114 1546 15
133 1491 248 1543 σου.’
323 1490 561 1556 περιέσται
589 1491 682 1557 γὰρ
707 1490 895 1544 πάντως
921 1492 945 1541 ὁ
971 1490 1126 1542 πάντα
1155 1489 1297 1551 ειδὼς,
1324 1490 1400 1539 καὶ
1426 1486 1712 1554 καυχήσεται

132 1571 218 1637 μὲν
250 1573 396 1626 οὐδεις
431 1571 578 1638 ἁγνὴν
603 1596 723 1640 εχειν
748 1571 833 1637 τὴν
863 1573 1071 1638 καρδίαν,
1102 1572 1194 1622 οὐδ’
1221 1569 1278 1621 ἂν
1304 1571 1484 1636 γένοιτο
1509 1566 1710 1634 καθαρος
1730 1570 1756 1611 d
1772 1558 1876 1644 22⁰}

134 1653 227 1707 ἀπὸ
254 1656 508 1721 ἁμαρτιῶν.
574 1655 819 1705 πάνδεινον
845 1654 925 1704 οὖν
951 1654 1042 1720 ἄρα
1071 1653 1125 1704 τὸ
1157 1653 1395 1719 κρινεσθαι
1420 1674 1537 1717 προς
1566 1649 1706 1701 Θεόν.

194 1736 375 1788 Ἰστέον
401 1735 449 1787 δὲ
476 1735 545 1786 ὅτι
571 1736 598 1799 ἡ
624 1735 708 1799 μὲν
734 1741 828 1787 τῶν
853 1734 1174 1799 ἑβδομήκοντα
1207 1734 1392 1787 ε”κδοσις
1423 1733 1513 1800 ἔχει
1538 1731 1591 1783 τὸ
1619 1731 1713 1802 φοί-

135 1836 319 1890 ροιγγες·
362 1818 389 1882 ἡ
425 1817 474 1869 δὲ
508 1822 602 1869 τῶν
626 1818 863 1884 εΕβραίων
888 1817 1060 1877 βουνοὺς
1095 1816 1305 1883 ὀνομάζει
1332 1817 1407 1866 καὶ
1431 1814 1614 1883 θεμέλιοι,
1639 1813 1712 1874 riis

22 1943 25 1945 >
68 1929 117 1953 20
134 1904 235 1968 γῆς,
279 1900 354 1951 ἵνα
398 1904 581 1965 γνῶμεν
623 1899 698 1951 διὰ
739 1899 823 1964 μὲν
863 1904 957 1950 τῶν
993 1898 1148 1959 βουνῶν
1184 1898 1238 1950 τὸ
1280 1897 1377 1949 οἷον
1414 1896 1552 1964 ἧρθαι
1586 1898 1713 1965 ὑψοῦ

135 1983 243 2036 τοὺς
276 1987 370 2034 τῶν
398 1987 529 2032 λαῶν
554 1982 849 2048 ἡγουμένους,
877 1984 951 2032 καὶ
984 1982 1038 2032 τὸ
1065 1986 1158 2032 τῶν
1185 1981 1351 2031 ἄλλων
1378 1980 1612 2046 ὑπερέχειν
1637 1979 1714 2029 καὶ

136 2065 453 2132 ἀνανήχεσθαι
476 2064 660 2131 μέτρον,
689 2063 872 2133 θεμέλιοι
897 2062 945 2114 δὲ
979 2062 1086 2116 τοὺς
1112 2061 1293 2116 αὐτούς.
1361 2065 1401 2113 οἱ
1430 2060 1521 2128 γὰρ
1546 2065 1714 2128 χωρῶν

135 2146 165 2213 ἢ
216 2146 403 2199 πόλεων
451 2146 713 2212 ἡγούμενοι,
765 2143 927 2211 ὥσπερ
975 2147 1065 2195 εἶσὶ
1114 2148 1381 2213 περιφανεῖς
1424 2142 1510 2207 τὴν
1554 2141 1713 2211 δόξαν,

136 2229 323 2297 ἠρμένοι
353 2252 403 2280 τε
437 2227 554 2295 πρὸς
580 2227 633 2279 τὸ
669 2230 808 2296 ὑψοῦ,
835 2228 980 2280 οὕτως
1007 2224 1093 2277 εἷεν
1120 2225 1176 2277 ἂν
1203 2228 1278 2276 καὶ
1304 2224 1488 2294 θεμέλιοι
1514 2224 1588 2285 τῆς
1611 2224 1711 2291 γῆς,

71 2335 119 2375 25
137 2311 397 2375 τουτέστιν,
428 2311 620 2377 ἔρεισμα
652 2308 826 2377 τρόπον
863 2308 967 2360 τινὰ
1005 2311 1079 2359 καὶ
1119 2308 1368 2375 ὑποβάθρα
1398 2308 1594 2372 κείμενοι
1619 2313 1751 2359 τῶνο

22 2380 29 2393 <
138 2393 446 2461 πραγμάτων.
510 2392 784 2456 συμβέβηκε
819 2391 912 2458 γὰρ
946 2390 1013 2442 ἐπ’
1042 2391 1209 2452 αὐτοῖς,
1242 2391 1317 2441 καὶ
1354 2388 1450 2441 οἷον
1484 2390 1718 2457 ἐνίδρυταί

139 2500 254 2539 πως,
279 2474 338 2527 τὰ
364 2480 458 2527 τῶν
485 2475 650 2542 ἑτέρων
675 2472 949 2540 πράγματα,
978 2472 1187 2539 καθάπερ
1214 2472 1333 2541 ε”φην
1359 2473 1539 2539 ἀρτίως.

191 2618 222 2642 Ι.
247 2622 281 2642 τε
300 2613 522 2652 assumptum
539 2618 580 2640 ex
599 2605 642 2639 A.
957 2615 988 2638 2.
1015 2602 1150 2648 λεύκης]
1170 2602 1291 2647 πεύκης
1310 2602 1401 2637 Edd.
1422 2603 1538 2637 invitis
1556 2603 1648 2637 A.B.
1697 2602 1716 2646 ἡ

141 2656 252 2699 κρίσις
268 2655 312 2688 A.
323 2654 358 2688 b.
377 2655 409 2687 αἱ
428 2654 555 2699 κρίσεις
574 2652 665 2686 Edd.
900 2662 933 2695 3.
959 2652 1000 2684 τὰ
1017 2662 1086 2685 om.
1105 2650 1197 2684 Edd.
1410 2659 1443 2695 5.
1473 2650 1569 2684 Haeo
1586 2650 1621 2684 ἐν
1638 2652 1716 2693 τιμῇ

142 2707 323 2746 assumpta
339 2712 380 2735 ex
397 2701 441 2735 A.
551 2709 582 2745 7.
608 2714 673 2733 που
690 2709 759 2732 om.
780 2698 821 2731 A.
836 2697 941 2731 habet
958 2697 992 2731 b.
1116 2708 1168 2731 10.
1195 2698 1373 2740 ἑστηκότες
1389 2697 1433 2730 A.
1579 2707 1632 2730 12.
1657 2700 1718 2740 τὴν

141 2759 212 2782 om.
232 2747 274 2781 Β.
512 2757 563 2789 15.
589 2747 649 2788 μὲν
666 2750 887 2788 assumptum
904 2756 945 2777 ex
963 2744 1007 2778 A
1253 2743 1306 2777 16.
1331 2744 1440 2778 οὐδεὶς
1456 2755 1519 2788 pro
1536 2743 1604 2777 οὐδ’
1624 2742 1716 2777 Edd.

141 2795 250 2828 invito
267 2794 312 2828 A.
330 2792 432 2829 οὐδ’
416 2809 456 2828 αν
471 2793 601 2839 γένοιτο
620 2807 649 2826 κ.
668 2792 733 2825 ἀπὸ
750 2791 806 2834 ἆμ.
827 2791 979 2825 desunt
974 2803 1009 2824 ln
1027 2790 1069 2824 Β.
1278 2790 1331 2824 18.
1357 2789 1486 2835 αἵρεσις
1503 2801 1566 2835 pro
1583 2790 1718 2825 ἕκδοσις

143 2840 235 2874 Edd.
254 2841 369 2875 invitis
388 2842 430 2875 A.
438 2841 479 2875 B.
692 2849 746 2871 20.
773 2838 865 2882 ὑψοῦ
883 2843 1104 2882 assumptum
1122 2848 1163 2870 ex
1182 2836 1224 2870 B.
1446 2848 1501 2870 21.
1526 2837 1564 2870 τὸ
1583 2848 1652 2870 orn.
1673 2837 1715 2871 A.

142 2888 233 2932 ἔχειν
246 2888 291 2921 A.
334 2888 458 2922 Statim
476 2887 528 2921 καὶ
546 2884 772 2942 ἀνανὴχεσθαι
789 2884 911 2928 μέτρον
928 2890 1107 2927 assumpta
1124 2895 1164 2916 ex
1182 2883 1225 2917 A.
1322 2894 1376 2917 22.
1395 2882 1478 2928 γὰρ]
1496 2887 1533 2924 -ἱ-
1547 2886 1612 2917 τῶν
1624 2882 1716 2918 Edd.

142 2934 259 2968 invitis
277 2934 320 2968 A.
326 2934 367 2968 B.
512 2945 566 2975 24.
594 2935 658 2966 εἰεν
673 2930 714 2965 ἂν
730 2936 820 2965 οὑτοι
837 2943 901 2976 pto
918 2930 1023 2966 οὕτως
1040 2933 1104 2964 εἷεν
1121 2928 1161 2963 ἂν
1178 2931 1221 2964 A.
1281 2929 1405 2964 Statim
1424 2931 1477 2964 καὶ
1493 2934 1717 2975 assumptum

143 2992 184 3015 ex
198 2981 241 3015 A.
247 2981 288 3014 B.
338 2982 396 3025 τῆς
408 2983 469 3026 γῆς
484 2986 703 3014 accesserunt
716 2990 757 3011 ex
772 2978 815 3011 A.
912 2988 966 3022 25
984 2980 1109 3020 τρόπον
1121 2977 1194 3011 τινὰ
1208 2991 1261 3010 και
1277 2977 1454 3021 ὑποβάθρα
1471 2976 1613 3020 κείμενοι
1623 2978 1667 3010 A.
1686 2991 1718 3010 τι

143 3042 194 3062 και
210 3028 406 3073 ὑπόβαθρον
424 3027 515 3061 Edd.
613 3025 667 3060 26.
687 3023 882 3068 συμβέβηκε
899 3024 939 3058 Β.
950 3024 1075 3068 βεβηκε
1089 3023 1148 3058 iid.
1198 3021 1269 3058 οἷον
1281 3029 1314 3058 et
1324 3038 1395 3059 πως
1408 3030 1588 3069 assumpta
1601 3035 1643 3058 ex
1657 3024 1701 3058 A.
