2021 3434
335 166 420 204 446
731 169 780 209 B.
825 169 1104 210 CYRILLI
1146 170 1527 211 ALEXANDR.
1704 169 1758 208 iv.
1784 182 1822 222 9,
1850 178 1913 206 10.

409 276 566 337 Ἀλλ’,
587 280 648 329 ὡς·
674 279 793 346 ε”φην
818 280 999 345 ἀρτίως,
1026 280 1319 334 πεπονθότας
1344 278 1457 331 αὐτὸ
1483 281 1557 330 καὶ
1585 283 1758 342 νοητῶς
1784 276 1915 341 εὑρή-

337 376 497 419 σομεν·
538 359 691 427 τροφὴ
726 360 811 424 μὲν
850 361 943 428 γὰρ
979 364 1053 412 καὶ
1090 361 1236 414 ποτὸν
1271 367 1365 417 τοῖς
1404 364 1452 412 ἐκ
1490 363 1578 427 γῆς
1615 360 1823 421 σώμασι,
1858 357 1918 409 Τὰ

299 438 431 488 οάπὸ
471 443 552 502 τῆς
596 444 696 506 γῆς,
738 447 812 493 καὶ
852 446 975 509 ὕδωρ
1017 443 1071 494 τὸ
1116 444 1361 508 αἰσθητόν·
1401 442 1537 513 ψυχὴ
1578 441 1627 493 δὲ
1670 440 1917 507 ἀνθρώπου

338 522 472 574 θειόις
502 545 550 572 τε
587 526 661 574 καὶ
697 525 922 591 οὐρανίοις
957 527 1268 595 ἀποτρέφεται
1307 525 1482 592 λόγοις.
1552 529 1676 588 νᾶμα
1714 522 1761 574 δὲ
1800 523 1917 591 αὐτῇ

335 601 389 652 τὸ
414 604 739 669 πνευματικὸν,
767 610 842 658 καὶ
867 608 997 673 πηγὴ
1029 608 1328 675 κατάρδουσα
1354 612 1527 673 νοητῶς
1552 608 1580 671 ἡ
1608 605 1916 659 θεόπνευστος
1935 617 1958 655 5

336 687 513 756 γραφὴ,
570 688 624 740 Τὸ
682 694 899 757 Χριστοῦ
953 698 1176 743 λαλοῦσα
1231 691 1508 758 μυστήριον.
1594 691 1702 741 ἀλλ’
1756 688 1917 755 ὥσπερ

338 770 501 827 ὀδόντες
548 778 584 825 εἰ
633 775 825 828 πάθοιεν
864 776 948 828 τὸν
990 778 1306 848 ’γομφιοιο-μὶν,
1354 777 1687 844 ἀδρανέστεροί
1720 799 1821 830 πως
1859 773 1917 825 ἂν

337 852 424 905 εἶεν
458 855 519 909 ε’[ς
558 879 610 921 γε
648 857 702 909 τὸ
739 859 969 911 δύνασθαι
1008 860 1381 923 καταμασᾶσθαί
1409 883 1466 922 τι,
1493 862 1567 910 καὶ
1601 858 1918 909 καταλεαίνειν

336 940 533 1009 τροφήν·
573 943 718 997 οὕτως
755 946 828 995 καὶ
873 945 1162 1010 ἀνθρώπινος
1206 951 1311 998 νοῦς
1355 942 1710 1008 κατολισθήσας
1753 944 1826 994 ἐπὶ
1863 941 1917 993 τὸ

337 1026 525 1089 ἄναλκι,
574 1031 649 1079 καὶ
696 1028 750 1080 τὸ
801 1033 884 1094 τῆς
936 1031 1124 1085 νωθείας
1174 1031 1464 1098 ἀρῤώστημα
1507 1028 1686 1089 παθὼν,
1732 1028 1814 1079 οὐκ
1860 1026 1918 1079 ἂν
1938 1044 1987 1070 10

286 1111 314 1152 d
337 1109 522 1160 δύναιτο
556 1115 865 1176 πνευματικῆς
902 1113 1146 1181 ἐφικέσθαι
1180 1113 1412 1179 γνώσεως,
1441 1113 1520 1163 καί
1553 1135 1597 1162 τι
1635 1113 1710 1163 καὶ
1743 1114 1836 1161 τῶν
1869 1111 1918 1161 ἐν

337 1193 544 1257 θεωρίαις
582 1198 680 1247 ταῖς
719 1195 840 1259 ἄγαν
877 1199 1059 1262 Ξσχναῖς
1091 1200 1152 1249 εἰς
1182 1196 1330 1264 πέψιν
1356 1197 1489 1246 ἑλεῖν.
1559 1193 1797 1261 ἐπαχύνθη
1823 1215 1917 1244 τοι-

335 1279 512 1339 γαροῦν
561 1275 589 1338 ἡ
637 1277 802 1342 καρδία
850 1283 932 1328 τοῦ
972 1277 1189 1343 Ἰσραήλ·
1250 1280 1423 1340 συνῆκε
1467 1276 1558 1343 γὰρ
1602 1277 1814 1339 οὐδαμῶς
1862 1274 1916 1326 τὸ

334 1358 551 1420 Χριστοῦ
594 1357 871 1422 μυστήριον·
925 1359 1142 1428 ταύτῃτοι
1183 1362 1259 1410 καὶ
1305 1358 1461 1411 ἔνδειαν
1505 1360 1638 1428 ἄρτων
1682 1357 1917 1426 ἐσχήκασι

335 1442 429 1488 τῶν
466 1445 789 1503 πνευματικῶν
831 1443 906 1492 καὶ
948 1443 1111 1495 ὕδατος
1156 1443 1351 1505 σπάνιν,
1398 1444 1493 1493 ἐπεὶ
1533 1441 1597 1506 μὴ
1636 1441 1796 1509 ε”χουσι
1835 1440 1917 1491 τὸν
1937 1455 1983 1494 15

111 1520 141 1548 S.
158 1519 256 1549 Joan.

112 1562 155 1592 vi.
177 1571 224 1601 ³3-
335 1519 568 1589 τρέφοντα
609 1521 770 1587 Λόγον
809 1522 893 1574 τὸν
937 1524 993 1592 ἐξ
1033 1525 1229 1589 οὐρανοῦ
1274 1524 1645 1588 καταβεβηκότα,
1685 1525 1759 1574 καὶ
1797 1521 1917 1589 ζωὴν

335 1604 521 1656 δι’δοντα
554 1608 620 1676 τῷ
655 1607 835 1678 κόσμῳ,
863 1607 944 1659 τὸν
969 1607 1260 1674 κατάρδοντα
1294 1610 1454 1677 ψυχὰς
1492 1614 1550 1677 τῇ
1588 1615 1671 1660 τοῦ
1698 1608 1917 1671 Πνεύμα-

335 1713 413 1744 τος
437 1691 606 1759 χάριτι,
634 1691 719 1757 τὴν
758 1692 916 1759 ζῶσαν
951 1693 1123 1759 πηγὴν,
1158 1693 1241 1746 τὸν
1274 1696 1323 1746 ἐκ
1359 1701 1441 1745 τοῦ
1469 1698 1594 1746 Θεοῦ
1625 1696 1699 1745 καὶ
1727 1692 1917 1760 Πατρὸς

294 1790 315 1816 Θ
334 1774 466 1836 Υὶὸν,
493 1773 579 1839 τὴν
614 1775 689 1826 διὰ
723 1775 866 1839 νόμου
898 1780 972 1827 καὶ
1006 1781 1266 1844 προφητῶν
1291 1777 1610 1843 παράκλησιν.
1676 1778 1737 1829 ὡς
1768 1775 1860 1842 γὰρ
1890 1777 1915 1827 ὃ

112 1875 166 1906 E
185 1885 216 1906 v.
236 1874 266 1907 6.
334 1856 582 1924 προφήτης
628 1861 778 1927 φησὶν
811 1858 1021 1913 Ἡσαΐας
1053 1859 1395 1911 “Ἐνετείλατο
1440 1865 1538 1914 ταῖς
1582 1861 1796 1929 νεφέλαις
1835 1864 1917 1910 τοῦ
1935 1872 1982 1898 20

332 1947 359 1968 ‘⁴
385 1939 449 2003 μὴ
473 1938 640 2006 βρέξαι
668 1939 736 1992 ἐπ’
765 1939 905 1992 αὐτὸν
929 1941 1105 1993 ὑετόν.”

290 2192 553 2241 9ἸΞΠάταὲα
595 2194 702 2241 ὑμᾶς
745 2193 789 2234 ὲν
829 2193 1019 2250 Πυρώσει
1063 2195 1132 2236 καὶ
1169 2194 1214 2235 ἐν
1253 2192 1409 2252 ἰκτέρῳ
1449 2195 1717 2237 ὲπλΗθύνατε
1755 2197 1916 2238 κήπους

400 2279 531 2330 ὑμῶν,
580 2278 842 2327 ἀμπελῶνας
891 2279 1009 2328 ὑμῶν
1060 2280 1128 2320 καὶ
1176 2279 1370 2321 ουκὼνοιε
1419 2279 1535 2328 ὑμῶν
1586 2279 1654 2321 καὶ
1701 2279 1915 2322 ὲλαιώναε

401 2363 518 2412 ὑμῶν
548 2364 786 2420 κατέφαγεν
819 2364 842 2405 ἡ
879 2365 1036 2416 κάμπη,
1068 2364 1136 2405 καὶ
1169 2364 1255 2405 οὐδ’
1287 2365 1342 2405 ὣς
1379 2364 1671 2421 ἐπεστρέψατε
1707 2363 1815 2422 Πρὸς
1851 2364 1915 2416 μὲ,

268 2452 314 2477 10
401 2447 514 2494 λέπει
543 2446 705 2503 Κύριος.
765 2448 1045 2490 ἐΞαΠί-ῑστειλα
1072 2445 1132 2488 εἷς
1165 2448 1272 2496 ὑμᾶς
1303 2448 1486 2490 Θάνατον
1513 2449 1556 2489 ἐν
1583 2448 1672 2502 ὁδῷ
1696 2446 1915 2499 ΑἰΓύΠτου,
1934 2450 1981 2490 25

384 2618 414 2641 1.
440 2608 561 2643 αὐτοὺς
578 2608 669 2642 Edd.
688 2609 806 2642 invitis
824 2609 867 2642 A.
874 2608 916 2642 B.
1213 2620 1244 2644 2.
1271 2607 1473 2654 εὑρήσομεν]
1497 2613 1535 2649 -f-
1555 2609 1609 2643 καὶ
1625 2608 1684 2643 iid.
1743 2623 1797 2643 και
1812 2608 1916 2645 ποτὸν

334 2654 464 2688 omissa
480 2654 550 2695 hic,
568 2667 678 2689 vacuo
696 2667 776 2689 cum
794 2667 915 2689 rasura
932 2655 1061 2696 relicto,
1080 2661 1160 2701 post
1176 2657 1238 2701 γῆς
1256 2655 1296 2700 (v
1299 2668 1345 2690 er.
1359 2655 1400 2701 3)
1418 2662 1549 2700 transp.
1569 2656 1611 2690 B.
1800 2667 1833 2702 3.

335 2713 405 2735 om.
425 2702 468 2735 A.
516 2703 555 2735 τὸ
573 2714 634 2747 pro
652 2702 705 2736 καὶ
725 2702 765 2736 Β.
814 2717 851 2736 τε
870 2714 930 2745 pro
949 2702 984 2736 δέ
1001 2702 1045 2736 A.
1308 2702 1340 2737 6.
1366 2701 1421 2748 τὸ]
1445 2706 1482 2743 -1-
1503 2705 1561 2737 τοῦ
1580 2702 1671 2737 Edd.
1687 2702 1804 2737 invitis
1823 2702 1866 2736 A.
1871 2701 1914 2736 Β.

336 2749 490 2783 καλοῦσα
506 2749 551 2782 A.
787 2758 818 2794 7.
845 2747 911 2783 εἶεν
925 2748 966 2783 ἂν
982 2749 1052 2783 inv.
1072 2749 1192 2783 ordine
1210 2750 1254 2783 A.
1478 2750 1511 2784 8.
1537 2750 1796 2794 καταμασᾶσθαι
1813 2764 1845 2784 τι
1861 2749 1914 2782 καὶ

336 2794 562 2829 καταλεαίνειν
579 2796 623 2829 Α.
642 2794 733 2830 Edd.
751 2796 978 2830 καταλεαίνειν
994 2811 1031 2830 τε
1048 2797 1100 2830 καὶ
1117 2798 1335 2841 καταμάττειν
1353 2796 1394 2831 Β.
1635 2808 1687 2832 10.
1712 2797 1852 2831 ἄναλκες
1868 2795 1912 2829 A.

340 2851 391 2874 11.
417 2843 474 2885 τῆς
491 2849 570 2886 post
583 2842 717 2876 δύναιτο
735 2842 816 2877 add.
835 2842 926 2877 Edd.
945 2843 1061 2877 invitis
1074 2843 1118 2877 A.
1126 2843 1166 2878 Β.
1207 2844 1261 2877 καὶ
1277 2844 1335 2878 alt.
1345 2849 1569 2901 ²assumptum
1583 2855 1624 2877 ex
1640 2843 1682 2878 B.
1781 2843 1833 2877 18.
1859 2841 1912 2876 καὶ

335 2895 554 2932 assumptum
573 2900 614 2922 ex
631 2890 676 2924 A.
851 2901 906 2924 21
933 2890 1033 2925 αὐτὸς
1050 2889 1094 2923 A
1254 2901 1308 2924 22.
1335 2890 1370 2924 ἐν
1385 2891 1444 2924 alt.
1462 2902 1532 2924 om.
1553 2890 1589 2924 F.
1608 2890 1700 2925 Edd.
1717 2889 1793 2934 (62,
1815 2887 1911 2934 147.)

337 2943 390 2976 23.
416 2934 506 2977 ὑμῶν
523 2935 692 2989 primum]
717 2940 754 2976 -4-
775 2937 828 2970 καὶ
848 2936 884 2971 F.
905 2936 997 2971 Edd.
1017 2937 1076 2979 (22
1096 2938 1156 2979 al.)
1205 2937 1257 2971 καὶ
1275 2937 1468 2973 ἐλαιῶνας’
1454 2940 1545 2980 υμῶν
1561 2949 1631 2971 om.
1647 2937 1690 2972 A.
1706 2936 1800 2981 (228,
1816 2938 1910 2980 240.)

337 2978 461 3014 Statim
478 2980 616 3017 τούτους
633 2982 712 3016 add.
734 2983 770 3016 F.
791 2983 881 3017 Edd.
897 2983 994 3026 (Co.)
1139 2995 1192 3026 24.
1220 2983 1324 3020 οὕτως
1341 2996 1404 3029 pro
1422 2985 1466 3019 ὣς
1483 2984 1520 3018 F.
1541 2983 1631 3018 Edd.
1651 2983 1723 3027 (26.
1740 2982 1801 3027 al.)
