2021 3434
314 183 399 222 240
705 183 753 223 B.
797 182 1073 222 CYRILLI
1114 182 1496 222 ALEXANDR.
1734 179 1788 218 xi.
1822 189 1879 218 12.

266 302 293 343 b
311 289 572 356 βαδίζωμεν
615 291 689 340 ἐπὶ
732 290 787 340 τὸ
824 295 1018 352 λυποῦν,
1062 288 1349 353 αὐτόκλητον
1393 286 1554 353 ὥσπερ
1595 287 1666 354 ἐφ’
1706 287 1880 337 ἑαυτοῖς

312 372 653 437 κατασύροντες
697 371 894 435 κίνησιν·
954 372 1102 421 καίτοι
1145 369 1296 434 μετὸν,
1342 372 1402 423 ὡς
1443 369 1573 437 ἔφην,
1615 370 1662 418 ἐν
1704 369 1882 436 βεβαίῳ

311 457 493 503 κεῖσθαι
531 455 613 516 τῆς
652 453 902 518 εὐημερίας,
942 452 1359 518 κατευφραίνοντας
1397 449 1480 502 τὸν
1517 447 1771 512 Δεσπότην
1807 447 1883 499 διὰ

310 537 392 597 τῆς
429 532 621 598 ἐννόμου
655 535 891 588 πολιτείας
925 535 999 585 καὶ
1035 534 1164 601 ζωῆς,
1197 537 1272 584 καὶ
1303 536 1384 597 τῆς
1423 536 1485 585 εἷς
1522 530 1662 582 αὐτὸν
1691 528 1882 595 γνησιό-

311 638 462 677 τητος.
1902 636 1923 674 5

247 815 556 858 ηἘκύκλωσὲ
594 832 644 864 με
682 817 726 857 ἐν
763 815 913 866 ψεύδει
940 811 1146 872 Ἐφραὶμ,
1185 816 1252 856 καὶ
1288 815 1332 856 ἐν
1369 813 1540 872 ἀσεβείᾳ
1564 808 1679 854 οἶκος
1709 811 1883 868 Ἰσραὴλ

380 900 448 941 καὶ
466 900 623 941 Ἰούδα.

385 1014 535 1065 Φύσει
585 1014 668 1078 μὲν
717 1014 893 1081 ἀγαθὸς
942 1014 1006 1066 ὢν
1055 1017 1130 1066 καὶ
1181 1014 1517 1083 φιλοικτίρμων
1561 1013 1586 1063 ὁ
1632 1009 1766 1072 Θεὸς,
1808 1011 1884 1060 καὶ

313 1097 590 1161 ἀνεθέλητον
633 1097 724 1164 ε”χει
763 1096 817 1147 τὸ
855 1097 1078 1162 πλήττειν
1120 1096 1242 1151 ὅλως
1285 1095 1427 1154 τινας,
1468 1099 1674 1146 καλεῖται
1716 1092 1764 1143 δὲ
1809 1094 1884 1142 καὶ

274 1179 574 1244 οάναγκαίως
617 1183 678 1232 εἷς
722 1179 1043 1245 ἀγανάκτησιν
1083 1177 1456 1245 ἐπιστρεπτικὴν,
1496 1177 1607 1228 ὅταν
1647 1175 1705 1226 'loc
1749 1179 1885 1225 τινῶν
1907 1202 1953 1227 10
2012 1184 2017 1237 ζ

311 1261 431 1326 περα
465 1259 612 1326 λόγου
649 1284 697 1312 τε
736 1263 811 1311 καὶ
845 1261 1013 1328 με’τρου
1053 1261 1111 1312 τὰ
1151 1260 1437 1326 ἐγκλήματα.
1501 1265 1637 1310 τοῦτο
1679 1257 1885 1308 διδάσκει

310 1341 458 1394 πάλιν
507 1343 627 1406 ἡμᾶς
675 1343 749 1394 διὰ
797 1347 891 1394 τῶν
939 1343 1260 1409 προκειμένων.
1327 1344 1574 1408 μονονουχὶ
1621 1338 1713 1406 γάρ
1763 1343 1885 1406 φησι

312 1429 438 1493 Τῇδε
470 1428 667 1487 κάκεῖσε,
695 1427 770 1476 καὶ
796 1426 1029 1479 οἱονείπως
1055 1427 1103 1476 ἐν
1134 1425 1291 1495 κύκλῳ
1318 1423 1399 1476 τὸν
1431 1427 1512 1487 τῆς
1548 1421 1762 1486 θεότητος
1788 1421 1879 1488 ὀφ-

313 1505 498 1571 θαλμὸν
537 1508 694 1558 ἐνιέντι
732 1530 781 1558 τε
819 1510 895 1558 καὶ
932 1509 1239 1576 περιφέροντι,
1272 1510 1489 1573 πανταχῇ
1521 1505 1574 1556 τὸ
1604 1500 1771 1575 ψεῦδος
1811 1505 1886 1553 καὶ

311 1588 397 1652 τὴν
425 1588 634 1649 ἀσέβειαν
658 1587 715 1652 ἧν
745 1591 854 1639 ἰδεῖν
882 1594 965 1640 τοῦ
996 1612 1043 1640 τε
1070 1589 1271 1659 Ἐφραίμ
1296 1591 1371 1639 καὶ
1395 1594 1478 1638 τοῦ
1504 1584 1660 1638 Ἰούδα.
1721 1581 1886 1653 ψεῦδος
1908 1605 1953 1643 15
2010 1581 2014 1612 ²

311 1670 359 1721 δὲ
398 1672 629 1722 ἀποκαλεῖ
669 1669 728 1721 τὰ
771 1673 852 1735 τῆς
894 1672 1276 1737 εἷδωλολατρείας
1317 1670 1523 1736 παίγνια,
1564 1670 1638 1719 καὶ
1679 1666 1764 1730 τὴν
1793 1671 1886 1718 τῶν

311 1753 520 1816 ματαίων
562 1751 903 1819 προσκύνησιν·
960 1752 1170 1813 ἀσέβειαν
1218 1753 1266 1803 δὲ
1314 1751 1449 1819 τάχα,
1494 1750 1578 1815 τὴν
1626 1751 1760 1816 ὕβριν
1802 1748 1887 1813 τὴν

269 1834 430 1885 ducar&
457 1838 593 1886 Θεοῦ.
656 1839 755 1889 πῶς
789 1834 881 1901 γὰρ
912 1835 993 1885 οὐκ
1027 1835 1221 1897 ἀσέβεια
1254 1834 1375 1898 δεινὴ
1403 1835 1477 1884 καὶ
1502 1830 1809 1895 ἐκτοπωτάτη,
1833 1828 1887 1881 τὸ

312 1918 621 1968 ἀποσείεσθαι
645 1915 729 1979 μὲν
756 1915 837 1967 τὸν
863 1916 1006 1985 φύσει
1040 1939 1088 1967 τε
1123 1919 1198 1967 καὶ
1232 1919 1421 1981 ἀληθῶς
1447 1914 1559 1966 ὄντα
1586 1913 1722 1976 Θεὸν,
1748 1935 1888 1978 προς-
2009 1980 2012 1989 ¹

312 2000 557 2050 κλινεσθαι
583 1997 630 2049 δὲ
657 2000 846 2063 ἀμαθῶς
873 1999 1034 2068 ξύλοις
1060 2021 1109 2050 τε
1133 2023 1207 2050 και
1234 2001 1398 2052 λι’·θοις
1439 1997 1584 2064 ἤγουν
1607 1999 1887 2062 προσκυνεῖν
1908 2017 1956 2042 20

311 2085 369 2150 τῇ
419 2082 568 2132 κτίσει
614 2080 744 2147 παρὰ
786 2081 868 2132 τὸν
916 2081 1126 2146 ποιητὴν,
1176 2106 1250 2133 και
1299 2085 1589 2135 δεσποτικοῖς
1632 2079 1888 2148 ὑψώμασιν

312 2166 553 2232 ἐπιχειρεῖν
594 2169 863 2233 στεφανοῦν
905 2163 965 2214 τὰ
1013 2165 1122 2231 παρ’
1170 2166 1309 2215 αὐτοῦ
1355 2163 1472 2230 πρὸς
1513 2161 1565 2214 τὸ
1607 2159 1718 2212 εἶναι
1760 2183 1884 2227 παρ-

313 2268 618 2312 ενηνεγμενα;

415 2449 494 2490 Νῦν
521 2450 630 2497 {svm
657 2448 809 2491 αὐτοὺς
835 2449 857 2490 ὁ
885 2448 993 2491 Θεὸς
1022 2449 1089 2490 καὶ
1115 2449 1219 2490 λαὸς
1245 2450 1361 2496 ἅγιος
1388 2449 1638 2490 κεκλήσεται
1663 2446 1783 2488 Θεοῦ.

386 2568 665 2621 Ἐκύκλωσε
701 2568 786 2633 μὲν
821 2571 869 2620 ἐν
906 2570 1068 2639 ψεύδει
1108 2594 1165 2634 με
1208 2573 1282 2622 καὶ
1324 2570 1531 2639 ἀσεβεία,
1571 2570 1734 2639 φησὶν,
1767 2564 1888 2621 οἶκος
1909 2587 1956 2624 25
2006 2564 2009 2618 Ϊ

366 2713 395 2736 1.
421 2703 601 2747 βαδίζομεν
619 2703 665 2737 D.
856 2715 887 2738 2.
912 2704 1042 2762 βεβαίῳ
1063 2703 1103 2738 B.
1109 2704 1155 2738 D.
1173 2704 1323 2742 βαθείαις
1341 2703 1432 2738 Edd.
1592 2716 1626 2762 4.
1652 2703 1735 2738 Post
1751 2705 1888 2749 γνησιό-

316 2762 414 2791 τητος
431 2749 514 2784 haec
532 2750 611 2784 add.
632 2750 912 2795 1).;-εἷσόμεθα
934 2753 998 2796 γὰρ
1022 2740 1179 2785 οὐδένα”
1160 2766 1284 2795 ετερον,
1302 2751 1370 2795 πλη
1375 2766 1392 2785 ν
1415 2750 1466 2785 ὅτι
1485 2752 1569 2785 Θεὸν
1586 2751 1686 2784 αυτὸν
1702 2765 1755 2784 και
1776 2752 1888 2794 μόνον,

317 2794 499 2838 ἀνάψωμεν
516 2797 552 2830 δε
569 2812 621 2830 και
639 2796 689 2831 ἐπ’
707 2798 794 2844 αὐτῷ
812 2800 870 2840 τῆς
886 2797 1024 2834 ἐλπίδος
1040 2800 1081 2831 τὰ
1097 2798 1278 2841 πείσματα.
1447 2797 1479 2831 6.
1506 2797 1644 2843 ψεύδει]
1663 2797 1830 2842 ψεύδεσιν
1848 2797 1887 2831 F.

318 2840 350 2873 8.
376 2840 451 2886 μὲν]
471 2844 585 2887 -ὶ-γὰρ
604 2843 650 2877 D.
700 2845 718 2877 ὁ
735 2856 805 2878 om.
824 2845 872 2879 D.
992 2857 1024 2890 9.
1051 2846 1104 2878 καὶ
1120 2857 1190 2879 om.
1210 2845 1256 2879 D.
1379 2856 1432 2879 10.
1457 2844 1716 2888 επιστρεπτικὴν
1733 2844 1776 2878 Β.
1795 2843 1888 2878 Edd.

318 2887 573 2930 ἐπιστρεπτικὸς
597 2890 644 2924 D.
836 2902 889 2925 12.
922 2906 1102 2937 μονονουχι
1125 2890 1208 2938 γάρ]
1234 2893 1336 2936 μόνον
1359 2892 1425 2937 γὰρ
1450 2892 1526 2936 οὐχὶ
1544 2891 1590 2925 D.
1744 2902 1797 2936 13.
1829 2892 1888 2925 τὸν

317 2945 386 2967 om.
406 2933 451 2967 D.
590 2945 642 2979 15.
668 2939 727 2970 τοῦ
744 2937 798 2983 τε]
818 2940 916 2971 τοῦτο
934 2938 1124 2972 AubertUS.
1268 2950 1322 2974 21.
1347 2938 1486 2983 ποιητὴν
1504 2938 1546 2972 Β.
1551 2938 1597 2973 D.
1615 2937 1774 2973 κτίσαντα
1793 2936 1883 2972 Edd.

318 2990 372 3020 24.
399 2979 496 3025 λαὸς]
517 2982 593 3016 ναὸς
612 2982 648 3015 F.
667 2983 758 3017 Edd.
809 2984 1013 3028 κληθήσεται
1032 2985 1067 3019 F.
1087 2985 1227 3029 (Alex.)
