2021 3434
121 168 145 210 i.
167 183 207 221 4.
580 170 653 211 IN
694 170 968 212 JOELEM.
1029 170 1179 212 TOM.
1212 170 1248 211 Ι.
1612 171 1695 212 293

120 277 317 345 λαμπρὰ
355 281 430 330 καὶ
466 279 827 348 ἀξιοθαύμαστα
860 279 1212 346 κατορθώματα.
1277 279 1494 346 τέταρτος
1526 276 1576 329 δὲ
1601 282 1694 332 τοῖς

119 361 176 430 ἐξ
215 360 414 428 Ἰσραὴλ
459 363 484 413 ὁ
525 362 769 426 Ῥωμαίων
813 363 989 426 ἐπῆλθε
1029 361 1313 426 πόλεμος,”’
1289 384 1364 413 οτε
1409 363 1484 412 καὶ
1528 362 1692 427 ἐσκορ-
1714 375 1741 416 b

118 443 367 508 πίσθησαν
402 447 464 497 εἷς
496 441 652 495 πάντα
684 444 866 510 ἄνεμον.
931 444 1073 495 ἐοικεν
1099 445 1179 495 οῦν
1205 445 1230 495 ὁ
1258 442 1516 513 Προφήτης
1542 445 1696 506 ἀσυμ-
1758 454 1860 529 {Jozek
1880 448 1922 492 ν-ἷι

117 529 278 593 φανῶς
310 548 360 576 τε
395 529 469 576 καὶ
504 527 731 592 ἀμυδρῶς,
759 527 833 576 καὶ
872 528 934 580 ὡς
972 528 1020 577 ἐν
1058 526 1162 577 είδει
1199 525 1590 591 παραδειγμάτων
1622 523 1697 575 διὰ

75 626 97 663 5
117 610 210 657 τῶν
233 606 453 658 τοιούτων
479 607 778 673 διηγημάτων
808 606 890 658 τὸν
925 611 1087 658 οἰκεῖον
1125 608 1235 672 ἡμῖν
1268 606 1559 673 ἀποκομίζειν
1584 607 1698 667 βού-

116 692 288 740 λεσθαι
332 688 495 754 λόγον·
556 687 742 756 κάμπην
784 691 857 740 καὶ
898 686 1061 759 ἀκρίδα
1099 691 1173 740 καὶ
1210 691 1393 757 βροῦχον
1429 691 1503 740 καὶ
1542 690 1698 752 μέντοι

116 772 191 821 καὶ
218 771 423 840 ἐρυσίβην,
449 770 549 835 ἤτοι
575 768 682 824 τοῦς
713 770 951 834 πολέμους
977 769 1141 824 αὐτοῦς
1166 771 1273 824 τοὺς
1298 770 1697 838 ἐπανατρέχοντας

116 851 188 920 ἐφ’
214 852 277 902 ἑνὶ
309 853 524 918 πλαγίως
563 854 828 917 ὑποδηλῶν,
855 852 1001 918 ἤγουν
1025 852 1131 906 τοὺς
1167 857 1262 904 τῶν
1293 858 1529 920 στρατιῶν
1562 852 1697 923 ἐξάρ-

116 957 304 1002 χοντας,
335 932 399 984 ὧν
425 936 501 985 καὶ
527 935 696 1000 ἀρτίως
721 933 1015 998 πεποιήμεθα
1040 933 1244 999 μνήμην.

52 1041 98 1067 10
191 1020 247 1067 Εἰ
275 1015 322 1067 δὲ
349 1015 405 1080 δή
432 1039 500 1070 τις
525 1016 749 1077 βούλοιτο
784 1018 860 1067 καὶ
893 1017 1177 1082 ἠθικωτέραν
1203 1019 1251 1068 ἐν
1275 1016 1454 1072 τούτοις
1478 1016 1698 1083 διήγησιν

117 1098 489 1166 ἀναγράφεσθαι,
518 1099 599 1149 οὐκ
630 1096 687 1149 ἀν
719 1097 917 1165 ἁμάρτοι
943 1103 1026 1149 τοῦ
1050 1098 1322 1165 πρέποντος·
1366 1103 1403 1150 εἰ
1429 1099 1520 1166 γὰρ
1548 1102 1697 1170 ὁρῷτο
1717 1130 1738 1156 0

117 1179 251 1250 ψυχὴ
291 1185 483 1248 συχνοῖς
526 1182 601 1231 καὶ
650 1179 1042 1245 ἀλλεπαλλήλοις
1086 1182 1464 1246 καταδακνομένη
1508 1182 1696 1246 πάθεσι,

117 1265 191 1314 καὶ
218 1262 315 1314 οἷον
339 1262 543 1328 ἑκάστην
569 1260 736 1331 ἀρετὴν
762 1262 1078 1314 ἀπολλύουσα
1109 1263 1227 1314 κατὰ
1256 1263 1426 1332 βραχὺ,
1453 1266 1529 1315 καὶ
1560 1271 1698 1316 τοῦτο

117 1347 268 1416 ἐκείνῳ
293 1350 606 1414 προστιθεῖσα
641 1345 716 1397 διὰ
752 1347 994 1415 ῥᾳθυμίαν,
1021 1351 1121 1401 πῶς
1155 1348 1237 1398 οὐκ
1267 1346 1452 1414 ἀτρεκὲς
1483 1347 1551 1398 ἐπ’
1580 1348 1697 1415 αὐτῇ

53 1456 98 1492 15
117 1428 169 1480 τὸ
193 1427 344 1495 λέγειν
369 1428 441 1480 To}
469 1422 739 1480 κατάλοιποι
776 1427 850 1488 τῆς
887 1427 1079 1497 κάμπης
1108 1427 1370 1498 κατέφαγεν
1402 1432 1423 1490 ἦ
1454 1431 1581 1499 ἀκρῖς
1619 1434 1696 1481 καὶ

116 1510 175 1563 τα
227 1510 497 1562 κατάλοιποι
547 1509 622 1570 τῆς
662 1507 838 1580 ἀκρίδας
886 1509 1148 1580 κατέφαγεν
1200 1517 1217 1563 ὁ
1261 1513 1462 1582 βροῧχος,
1507 1535 1584 1563 και
1638 1536 1698 1563 τα

120 1591 387 1645 καταλοιπα
423 1594 496 1644 τοῦ
532 1591 720 1659 βρούχου
761 1591 1022 1662 κατεφαγεν
1061 1597 1083 1654 ἦ
1122 1594 1325 1664 spuo-[En
1316 1637 1326 1654 ‚
1369 1594 1565 1663 ἐρυσίβης
1604 1593 1697 1690 γὰρ

118 1676 247 1740 δίκην
285 1698 359 1726 και
396 1698 490 1726 των
525 1674 692 1741 ἑτερων
719 1679 887 1739 κακῶν,
914 1677 1248 1727 κατασίνονται
1280 1700 1380 1731 πως
1413 1675 1472 1728 τὰ
1505 1678 1552 1727 ἐν
1589 1677 1699 1741 ἡμῖν

117 1757 272 1823 ἀγαθοὶ
297 1780 494 1824 πονηραι
521 1759 596 1808 καὶ
628 1756 882 1824 ἀκάθαρτοι
909 1757 1121 1822 δυνάμεις
1148 1762 1209 1812 εἷς
1236 1765 1344 1810 νοῦν
1369 1759 1698 1822 ἐμπίπτουσαι,

51 1870 99 1895 20
118 1862 192 1890 και
237 1839 502 1904 ἀπλήστοις
550 1841 713 1891 ὀδοῦσι
759 1843 971 1892 δαπανᾶν
1009 1840 1280 1905 εἷθισμεναι.
1347 1840 1471 1906 καλὴ
1510 1864 1698 1908 τοιγαρα
1717 1860 1745 1902 d

118 1927 198 1973 οῦν
240 1923 268 1987 ἡ
313 1921 569 1991 ἀσφάλεια
610 1945 684 1973 και
729 1921 785 1986 δὴ
830 1947 904 1974 και
945 1922 1154 1988 ὀνίνησιν
1192 1924 1245 1974 οὐ
1283 1925 1476 1991 μετρίως
1515 1925 1633 1988 ἡμᾶς
1673 1925 1697 1975 ὁ

120 2002 477 2070 Παροιμιαστὴς
528 2004 685 2070 λεγων
735 2012 761 2034 “
787 2004 905 2056 Ἐἀν
960 2011 1143 2069 πνεῦμα
1206 2012 1289 2057 τοῦ
1346 2006 1697 2076 ἐξουσιάζοντος
1759 2026 1895 2059 Ecel.x.

119 2092 145 2114 ‘⁶
172 2088 324 2154 ἀναβῇ
358 2088 431 2137 ἐπὶ
470 2086 541 2150 σὲ,
572 2085 717 2138 τόπον
751 2110 843 2138 σου
880 2086 944 2152 μὴ
984 2089 1123 2156 ἀφῇς,
1150 2087 1220 2139 ὅτι
1258 2088 1372 2152 ’ίαμα
1406 2088 1698 2141 καταπαύσει

118 2174 145 2196 “
172 2169 396 2234 ἁμαρτίας
433 2168 689 2235 μεγάλας.”
755 2170 1064 2234 ἐπιτιμώμενα
1103 2169 1187 2233 μὲν
1221 2169 1314 2237 γὰρ
1351 2172 1399 2221 ἐν
1437 2172 1600 2238 ἀρχαῖς
1638 2169 1698 2221 τὰ

51 2276 98 2314 25
117 2249 245 2315 πάθη
270 2249 558 2317 πραῧνονταί
589 2274 637 2302 τε
675 2253 748 2302 καὶ
784 2251 1140 2303 ἀνακόπτονται·
1186 2256 1414 2303 πλατεῖαν
1450 2252 1498 2303 δὲ
1536 2250 1697 2317 ὥσπερ

117 2334 193 2383 καὶ
219 2332 524 2397 ἀνουθέτητον
559 2335 595 2384 εἰ
630 2332 759 2400 λάβῃ
793 2332 878 2398 τὴν
904 2338 964 2388 εἷς
995 2332 1054 2384 τὰ
1087 2334 1227 2402 χείρω
1257 2333 1473 2400 πρόοδον,
1499 2333 1612 2398 ὅλης
1640 2335 1695 2385 δι’

118 2414 233 2465 ὅλου
276 2413 670 2481 καταδράττονται
706 2418 788 2479 τῆς
826 2418 999 2486 ψυχῆς,
1037 2418 1112 2467 καὶ
1149 2422 1388 2482 λογισμοῦ
1426 2422 1508 2468 τοῦ
1545 2416 1694 2468 κολά-

118 2495 274 2563 ζοντος
312 2497 394 2547 οὐκ
431 2496 657 2564 ἀνέχεται.

167 2659 198 2682 2.
218 2646 361 2693 ἐπῆλθε]
382 2647 508 2691 συνέβη
529 2648 574 2682 D.
591 2647 684 2683 Edd.
781 2657 813 2694 7.
833 2649 930 2683 Haec
946 2649 1022 2685 τοὺς
1040 2648 1327 2695 ἐπανατρέχοντας·
1344 2649 1430 2695 ἐφΗ
1414 2650 1461 2684 ενὶ
1479 2656 1699 2686 accesserunt

119 2706 161 2729 ex
180 2695 221 2728 B.
365 2695 398 2728 8.
423 2694 540 2740 ὑποδ.]
560 2696 683 2738 παραδ.
703 2695 795 2730 Edd.
845 2700 1031 2740 στρατειῶν
1048 2696 1095 2730 D.
1114 2696 1173 2730 iid.
1316 2708 1369 2731 10.
1395 2696 1568 2743 διήγησιν]
1588 2697 1695 2744 ἅφήγ.

120 2742 168 2775 D.
186 2740 246 2775 iid.
359 2752 412 2774 12.
439 2744 581 2785 συχναῖς
600 2742 642 2776 Β.
693 2741 899 2786 ἐπαλλήλοις
916 2755 979 2787 pro
995 2743 1188 2777 ἀλλεπαλλ.
1207 2742 1298 2777 Edd.
1391 2755 1459 2802 13.
1485 2746 1567 2778 κατὰ
1583 2746 1698 2791 βραχὺ

120 2802 173 2822 και
192 2787 234 2821 Β.
253 2787 305 2821 καὶ
323 2788 404 2821 κατὰ
412 2789 532 2845 ,ζυβρ
500 2787 607 2821 D.iid.
762 2789 814 2823 16.
839 2788 959 2833 ταύτης
975 2801 1038 2834 pro
1056 2791 1173 2824 κατάλ.
1192 2805 1222 2824 τ.
1240 2790 1315 2835 ἅκρ.
1334 2804 1364 2824 κ.
1383 2791 1400 2823 ὁ
1418 2790 1476 2824 iid.
1526 2792 1566 2825 τὰ
1585 2792 1620 2826 δέ
1638 2795 1698 2827 τοῦ

119 2833 271 2879 βροὺχου
289 2846 352 2879 pro
369 2835 422 2868 καὶ
438 2835 480 2869 τὰ
496 2849 526 2868 κ.
544 2837 604 2868 τοῦ
620 2836 678 2879 Bp.
697 2835 814 2880 κατέφ
835 2835 1508 2884 iid.18.1<a-raowovmi]
1527 2840 1698 2881 καταβόσ-

120 2881 234 2915 κονταί
250 2881 309 2914 iid.
537 2892 593 2916 21.
618 2883 657 2915 οὐ
674 2896 769 2926 μετρ.
788 2882 844 2926 ἡμ.
860 2882 926 2916 hoc
943 2882 1018 2917 ord.
1038 2882 1081 2917 B.
1316 2895 1373 2927 24·
1398 2885 1459 2928 μὲν
1475 2889 1698 2931 assumptum

120 2940 163 2962 ex
182 2927 276 2961 B.D.
472 2937 528 2974 25.
553 2927 757 2972 πραΰνονταί
773 2929 815 2963 Β.
833 2928 995 2963 παύονταί
1012 2930 1058 2964 D.
1077 2929 1137 2964 iid.
1327 2931 1382 2967 26.
1407 2930 1516 2978 λάβῃ]
1530 2933 1632 2975 λάβοι
1650 2933 1698 2969 D.

122 2975 261 3015 λάβοιεν
278 2973 338 3009 iid.
527 2975 582 3010 28.
611 2975 764 3011 ἀνέχεται
782 2975 876 3011 B.D.
894 2975 1069 3023 ἀνέχονται
1086 2977 1147 3012 iid.
