2021 3434
293 217 348 257 68
690 218 740 257 B.
784 217 1052 257 CYRILLI
1095 218 1473 258 ALEXANDR.
1734 217 1775 258 ii.
1804 230 1866 271 15.

292 325 729 389 καταπλουτήσειαν
753 326 952 394 μέθεξιν,
979 329 1054 377 καὶ
1087 329 1169 390 τῆς
1199 327 1377 378 ἄνωθεν
1413 327 1726 396 φωταγωγίας
1753 328 1868 378 ἀπο-

292 410 511 476 δειχθεῖεν
545 408 900 474 μετεσχηκότες.
964 408 1258 460 πιστώσεται
1297 407 1345 459 δὲ
1379 408 1497 475 πρὸς
1534 414 1671 459 τοῦτο
1698 409 1818 472 ἡμᾶς
1844 409 1868 458 ὁ

290 489 517 555 μακάριος
559 489 760 557 γράφων
805 493 1000 544 Παῦλος
1041 493 1146 557 περὶ
1189 496 1283 542 τῶν
1327 491 1383 560 ἐξ
1421 492 1614 554 αἵματος
1646 490 1866 557 Ἰσραήλ·

72 583 231 614 zCor-iii-
292 569 483 638 “”Αχρι
522 570 616 637 γὰρ
651 574 732 635 τῆς
770 571 981 638 σήμερον
1015 573 1186 639 ἡμέρας
1218 572 1272 624 τὸ
1305 573 1418 624 αὐτὸ
1449 573 1674 636 κάλυμμα
1706 575 1780 624 ἐπὶ
1810 576 1869 640 τῇ

72 633 186 667 14-17'
288 660 317 682 “
340 652 606 718 ἀναγνώσει
643 656 726 717 τῆς
762 659 967 709 παλαιᾶς
1005 655 1224 720 διαθήκης
1266 655 1402 719 με’νει,
1440 654 1504 720 μὴ
1539 654 1866 706 ἀνακαλυπτό-
1889 672 1910 709 5

287 741 316 763 “
337 757 493 799 μενον,
536 735 606 786 ὅτι
650 737 698 786 ἐν
740 740 940 807 Χριστῷ
989 743 1301 804 καταργεῖται·
1360 739 1468 788 ἀλλ’
1514 738 1598 790 ἕως
1647 735 1869 803 σήμερον,

288 823 316 846 “
339 817 473 881 ἡνίκα
510 815 568 868 ἀν
607 819 984 884 ἀναγινώσκηται
1012 823 1243 884 Μωυσῆς,
1275 819 1501 883 κάλυμμα
1531 821 1605 870 ἐπὶ
1635 818 1720 883 τὴν
1759 841 1869 885 καρ-

251 905 317 945 e“
340 899 443 950 δίαν
481 901 633 951 αὐτῶν
671 905 826 952 κεῖται.
896 902 1029 966 ἡνίκα
1065 903 1102 953 δ’
1132 901 1189 953 ἀν
1220 902 1487 970 ἐπιστρέψῃ
1521 901 1639 968 πρὸς
1680 901 1868 967 Κύριον,

288 987 316 1009 “
341 986 639 1048 περιαιρεῖται
670 981 724 1033 τὸ
759 982 995 1047 κάλυμμα.
1061 985 1085 1035 ὁ
1118 984 1165 1035 δὲ
1200 984 1370 1050 Κύριος
1409 984 1461 1035 τὸ
1499 989 1681 1048 πνεῦμα
1719 984 1867 1034 ἐστίν·
1979 1052 1981 1055 ¹

289 1070 316 1092 ‘⁶
342 1063 395 1114 οῦ
429 1064 478 1115 δὲ
509 1064 561 1116 τὸ
596 1071 777 1129 πνεῦμα
812 1066 999 1132 Κυρίου,
1025 1069 1304 1135 ἐλευθεριά.”
1369 1067 1597 1134 πρότερον
1628 1067 1782 1118 τοίνυν
1808 1070 1870 1122 εἷς
1893 1087 1939 1112 10
1977 1097 2001 1140 ¹=

287 1145 374 1210 τὴν
398 1149 590 1213 καρδίαν
617 1148 757 1212 αὐτῆς
781 1148 1014 1213 λαλήσειν
1033 1150 1390 1216 ἐπαγγέλλεται,
1411 1149 1517 1203 τοῦς
1541 1151 1689 1204 θείους
1716 1150 1869 1203 αὐτοῖς
1977 1142 1980 1149 ν

288 1229 657 1296 ἐγχαράττοντος
684 1230 851 1294 νόμους
868 1234 942 1282 καὶ
962 1233 1287 1298 παιδαγωγίαν
1307 1231 1392 1296 τὴν
1413 1233 1589 1283 ἄνωθεν
1607 1238 1690 1283 τοῦ
1704 1232 1869 1298 ‘Ayt‘ov

291 1311 579 1374 Πνεύματος·
623 1311 703 1363 εἶθ’
732 1314 877 1367 οὕτως
912 1313 1137 1378 συνήσειν
1171 1316 1246 1364 καὶ
1285 1314 1344 1365 τὰ
1388 1317 1436 1365 ἐν
1474 1319 1532 1382 τῇ
1570 1313 1750 1365 κοιλάδι
1787 1317 1870 1378 τῆς

288 1394 566 1462 Ἐμεκαχὼρ
604 1400 807 1449 τυπικῶς
842 1419 891 1447 τε
930 1399 1005 1446 καὶ
1044 1400 1288 1462 ἱστορικῶς
1325 1397 1644 1463 πεπραγμένα,
1680 1399 1756 1447 καὶ
1788 1397 1870 1447 οὐκ

246 1475 514 1530 (Ιάνικάνως
549 1476 716 1544 ἔχοντα
750 1476 866 1544 πρὸς
900 1477 954 1528 τὸ
989 1479 1214 1547 διανοῖξαι
1249 1478 1334 1543 τὴν
1371 1478 1567 1530 σύνεσιν
1607 1480 1760 1544 αὐτῆς,
1795 1481 1870 1530 καὶ
1892 1500 1938 1539 15

68 1574 163 1605 Rom.
184 1575 227 1605 xi.
288 1560 370 1621 τῆς
397 1559 592 1625 ἀρχαίας
616 1559 885 1626 πωρώσεως
912 1560 1189 1629 ἀπαλλάξαι
1215 1560 1399 1613 λοιπόν.
1469 1568 1497 1590 “
1518 1561 1753 1628 Πώρωσις
1778 1560 1870 1628 γὰρ

71 1628 118 1658 ²³⁹
289 1647 315 1670 ‘⁴
340 1640 433 1692 ἀπὸ
456 1640 624 1707 μέρους
650 1643 814 1707 γε’γονε
838 1644 904 1712 τῷ
928 1642 1167 1709 Ἰσραὴλ,”
1197 1643 1318 1695 καθὰ
1351 1645 1425 1694 καὶ
1461 1644 1485 1694 ὁ
1517 1643 1672 1713 σοφὸς
1698 1643 1870 1712 γράφει

289 1727 500 1776 Παῦλος.

291 1876 365 1917 Καὶ
390 1877 761 1918 ταπεινωθήσεται
789 1874 877 1917 ἐκεῖ
913 1877 1018 1918 κατὰ
1053 1878 1128 1919 τὰς
1161 1878 1322 1934 ἡμέρας
1353 1881 1428 1919 τῆς
1456 1878 1713 1919 νι-ιΠιότΗτοε
1741 1876 1869 1917 αὐτῆς

355 1959 423 1999 καὶ
451 1958 556 2000 κατὰ
583 1959 658 2000 τὰς
686 1960 848 2017 ἡμέρας
875 1960 1128 2010 ἀναβάσεως
1155 1962 1283 2003 αὐτῆς
1310 1961 1356 2002 ἐκ
1383 1966 1454 2009 τῆς
1480 1959 1701 2009 ΑἰΓύΠτου.
1893 1979 1941 2004 2ο
1970 1958 1973 1984 ⁵

1969 2026 1973 2040 ἱ

353 2074 511 2128 “Οταν
553 2078 694 2142 αὐτῆς
734 2082 796 2132 εἷς
842 2084 950 2130 νοῦν
994 2081 1068 2130 καὶ
1116 2081 1309 2147 καρδίαν
1350 2080 1570 2145 λαλήσω,
1617 2081 1754 2148 φησὶ,
1796 2082 1872 2131 καὶ

288 2159 429 2210 δώσω
479 2158 564 2224 τὴν
617 2160 812 2212 κοιλάδα
854 2160 1015 2229 Ἀχὼρ
1059 2163 1286 2231 διανοῖξαι
1330 2163 1526 2214 σύνεσιν
1572 2164 1726 2227 αὐτῆς,
1770 2167 1871 2227 ἐκεῖ,

253 2242 505 2293 Θτουτέστι
543 2242 597 2294 τὸ
640 2242 866 2308 τηνικάδε,
912 2243 1294 2308 ταπεινωθήσεται,
1337 2247 1412 2296 καὶ
1455 2246 1537 2296 οὐκ
1577 2245 1658 2296 ἐπί
1693 2269 1738 2296 τι
1777 2250 1872 2297 τῶν

289 2326 422 2375 ἀνιᾶν
465 2324 696 2377 εἰωθότων
745 2326 990 2392 καθιεμένη
1040 2350 1088 2378 τε
1132 2329 1208 2378 καὶ
1253 2327 1557 2397 ὑφιζάνουσα,
1598 2326 1774 2394 τρόπον
1822 2327 1871 2379 δὲ

288 2411 478 2469 μᾶλλον
511 2409 689 2477 ἀφεῖσα
723 2407 892 2461 λοιπὸν
922 2408 1005 2461 τὸν
1039 2411 1206 2474 ἀπειθῆ
1243 2412 1318 2461 καὶ
1354 2409 1650 2476 δυσάγωγον,
1677 2413 1871 2466 καὶτοῖς
1892 2431 1940 2470 25
1965 2423 1969 2473 ς

289 2490 371 2550 τῆς
406 2490 665 2559 ὑπεροψίας
700 2492 997 2557 ἐγκλήμασιν
1035 2491 1317 2560 ἐνεχόμενον·
1358 2491 1545 2558 ἀλαζὼν
1575 2492 1668 2560 γὰρ
1695 2495 1719 2544 ὁ
1744 2496 1872 2545 ἀπει-

291 2569 388 2634 θὴς,
406 2574 479 2622 καὶ
497 2574 636 2623 οἱονεί
646 2597 746 2628 πως
766 2573 965 2640 ἀνάντης
984 2577 1060 2626 καὶ
1079 2574 1270 2644 ἐξήνιος,
1287 2577 1362 2626 καὶ
1378 2577 1486 2642 παρ’
1509 2575 1639 2627 οὐδὲν
1656 2576 1872 2642 ἡγεῖσθαι

1964 2514 1967 2535 Ι

1963 2555 1966 2602 i

1963 2612 1966 2654 !

290 2654 610 2719 μεμελετηκὼς
637 2655 722 2721 τὴν
748 2656 810 2712 ε’ίς
846 2680 902 2724 γε
938 2657 992 2709 τὸ
1031 2661 1199 2726 χρῆναι
1225 2663 1439 2724 πληροῦν
1466 2657 1548 2709 τὸν
1574 2656 1718 2722 νόμον
1744 2660 1870 2709 αἰδῶ·
1961 2658 1965 2752 J

1959 2861 1963 2906 i

1959 2915 1962 2935 1

1958 2964 1962 3036 ἔ

338 2829 371 2859 4.
397 2818 477 2851 αὐτὸ
496 2827 716 2864 assumptum
735 2833 776 2855 ex
797 2821 838 2856 B.
851 2822 898 2856 D.
1146 2832 1178 2868 7.
1202 2822 1243 2857 ἂν
1258 2823 1524 2869 ἀναγινώσκηται
1543 2823 1589 2857 D.
1607 2823 1871 2870 ἀναγινώσκεται

292 2863 384 2897 Edd.
532 2876 583 2899 10.
609 2869 647 2900 τὸ
665 2875 884 2913 assumptum
903 2881 945 2904 ex
964 2869 1009 2904 D.
1150 2882 1203 2904 11.
1229 2869 1358 2916 αὐτοῖς]
1378 2871 1478 2914 αὐτῆς
1496 2870 1588 2904 Edd.
1735 2883 1787 2917 19.
1813 2873 1872 2915 τῆς·

290 2917 512 2955 assumptum
530 2923 571 2945 ex
591 2913 635 2946 D.
656 2913 753 2958 (42.)
860 2927 914 2950 20.
940 2916 1155 2962 ἀναβάσεως]
1178 2918 1236 2961 τῆς
1252 2917 1372 2961 ἐξόδου
1392 2917 1437 2951 D.
1457 2916 1578 2961 (233.)
1675 2928 1730 2952 22.
1757 2919 1803 2952 δῶ
1822 2919 1869 2953 D.

291 2968 347 3002 23.
375 2959 427 2990 καὶ
445 2970 514 2991 om.
535 2958 580 2992 D.
796 2971 849 3006 25.
876 2963 1019 3008 ἀφιεῖσα
1038 2965 1084 2998 D.
1307 2965 1361 2998 26.
1388 2966 1446 3008 τῆς
1464 2970 1686 3009 assumptum
1703 2977 1745 2999 ex
1765 2965 1806 3000 B.
1822 2966 1869 3000 D.

292 3015 345 3043 27.
372 3005 425 3038 καὶ
443 3004 587 3050 ἐξήνιος]
609 3007 627 3039 ὁ
645 3005 773 3050 ἐξὴνιος
792 3008 837 3041 D.
984 3011 1037 3044 28.
1068 3025 1107 3056 γε
1126 3022 1196 3045 orn.
1217 3011 1263 3045 D.
