2021 3434
98 350 208 390 Supra

100 403 169 423 ver.
189 402 236 424 10.

102 446 209 487 Supra.

101 500 169 521 ver.
189 501 219 531 9.

95 1761 213 1793 Ezech.

93 1807 138 1837 ix.
160 1816 187 1837 2.

95 1926 146 1957 Ib.
164 1925 238 1965 4—6.

325 236 407 275 128
715 238 763 277 Β.
807 238 1081 278 CYRILLI
1121 239 1508 280 ALEXANDR.
1673 252 1806 289 v.11,
1834 251 1895 279 12.

323 343 414 411 ἔφη
440 343 533 410 γὰρ
565 344 636 396 ὅτι
661 346 915 411 γεγόνασιν
950 354 978 376 “
998 352 1040 399 οἱ
1074 348 1294 415 ἄρχοντες
1319 348 1472 399 Ἰούδα
1497 351 1558 401 ὡς
1583 348 1899 411 μετατιθέντες

325 433 354 454 <c
379 427 400 442 Ἰ
501 426 526 441 ”
618 431 637 440 '⁸
728 427 740 444 ⁸
826 430 839 447 “
860 435 887 457 α

376 449 493 491 ορια.
565 450 665 482 πως
692 430 741 478 δε
767 451 842 478 και

907 429 1120 496 Ἐφραὶμ
1145 434 1207 484 εἷς
1233 430 1507 498 ἀφανισμὸν
1528 430 1747 495 ἐγένετο,”
1775 433 1894 493 διερ-

320 507 502 570 μηνεύει
527 507 689 571 πάλιν,
715 509 916 561 ἐπειπών
950 508 1339 563 ›cardamo-reveren
1364 510 1566 582 Ἐφραὶμ
1597 511 1663 563 τὶν
1689 508 1902 562 ἀντίδικον

322 591 460 641 αὐτοῦ.
525 593 599 640 καὶ
638 594 764 642 δοκεῖ
796 615 895 646 πως
927 595 974 644 ἐν
1012 593 1113 657 ἤθει
1149 597 1434 658 πεποιῆσθαι
1460 594 1578 660 πρὸς
1609 594 1728 657 ἡμᾶς
1754 595 1850 644 νυνὶ
1877 595 1901 644 ὁ

1921 675 1941 712 Ul

281 690 301 715 e
320 670 479 736 λόγος.
529 676 665 723 ποῖον
683 674 763 724 οὖν
783 674 874 740 ἄρα
899 674 953 725 τὸ
980 676 1285 742 κατηγόρημα
1310 680 1403 726 τῶν
1427 678 1476 727 ἐκ
1502 678 1658 744 φυλῆς
1683 673 1900 744 Ἐφραὶμ,

318 751 348 817 ἢ
390 758 525 804 ποῖον
574 752 784 807 ἀντίδικον
834 755 888 807 τὸ
939 761 1062 808 θεῖον
1111 758 1221 821 ἡμῖν
1266 755 1598 827 χρησμῴδημά
1646 761 1798 825 φησιν
1848 754 1901 806 ὂν

320 834 714 888 κατεὸυνοίστευσεν
742 844 759 889 o‘
786 837 1006 909 Ἐφραὶμ,
1038 841 1219 891 διειπεῖν
1247 843 1308 893 ὡς
1334 840 1397 890 ε”νι
1422 838 1722 906 πειράσομαι.

393 919 457 967 Oi
494 916 578 981 μὲν
616 918 708 985 γὰρ
743 921 793 971 ἐκ
829 924 985 988 φυλῆς
1010 923 1164 972 Ἰούδα
1195 924 1270 972 καὶ
1304 924 1522 984 Βενιαμὶν
1549 924 1661 972 αἰδῶ
1695 920 1798 971 τινὰ
1824 923 1899 970 καὶ

318 998 468 1065 λόγον
494 1001 560 1051 ε”τι
591 1006 685 1052 τῶν
721 1001 796 1052 διὰ
823 1004 1069 1057 Μωυσέως
1094 1006 1333 1055 ἐποιοῦντο
1359 1004 1529 1067 νόμων,
1555 1001 1826 1066 ἐπετήδευον
1850 1026 1899 1053 τε

318 1081 404 1145 τὴν
441 1083 757 1148 δικαιοσύνην.
821 1086 874 1136 οὐ
909 1085 1001 1153 γὰρ
1038 1085 1210 1141 πάντες
1253 1087 1589 1149 ε’κκεκλίκασιν,
1628 1086 1738 1136 ἀλλ’
1775 1084 1901 1150 ἦσαν
1924 1094 1969 1118 ¹0

318 1164 401 1214 οὐκ
445 1164 740 1230 εὐαρίθμητοι
784 1168 1024 1222 κλαίοντές
1067 1192 1116 1220 τε
1167 1173 1241 1220 καὶ
1286 1169 1629 1237 ὀλοφυρόμενοι
1676 1166 1764 1233 τὴν
1807 1172 1901 1218 τῶν

314 1246 636 1309 πλανωμένων
686 1247 973 1313 ἀπόστασιν,
1025 1253 1100 1301 καὶ
1153 1253 1535 1319 δυσχεραίνοντες
1587 1251 1640 1301 οὐ
1690 1250 1900 1315 μετρίως,

314 1328 483 1378 ε’πείτοι
517 1327 599 1380 τὸν
635 1335 729 1381 τῶν
768 1330 894 1383 ὅλων
931 1333 1227 1400 ἀτιμάζοντες
1269 1333 1393 1384 Θεὸν
1436 1332 1544 1388 τοὺς
1581 1335 1663 1396 τῆς
1703 1334 1895 1383 εἰδωλο-

270 1420 296 1460 d
315 1411 533 1477 λατρείας
570 1411 686 1466 τινὲς
721 1414 992 1478 ἐπετήδευον
1018 1413 1230 1482 τρόπους.
1295 1421 1368 1467 καὶ
1395 1422 1510 1482 γοῦν
1535 1418 1597 1469 ὡς
1625 1416 1649 1465 ὁ
1675 1413 1899 1480 μακάριός

316 1500 440 1564 φησι
477 1496 725 1566 προφήτης
748 1499 979 1566 Ἰεζεκιήλ,
1010 1501 1362 1553 ἀπεστέλλοντο
1396 1502 1480 1565 μέν
1515 1524 1633 1555 τινες
1668 1499 1786 1552 κατὰ
1816 1503 1898 1564 τῆς
1922 1506 1966 1544 ¹5

314 1579 643 1644 Ἰερουσαλὴμ,
677 1581 885 1636 πελέκεις
920 1583 1121 1649 ἠρμένοι,
1159 1583 1328 1647 ἤκουόν
1365 1607 1413 1635 τε
1453 1589 1624 1651 σαφῶς
1664 1587 1788 1634 Θεοῦ
1822 1584 1898 1633 λε’-

315 1683 483 1726 γοντος
516 1662 714 1713 ἕπεσθαι
747 1662 832 1726 μὲν
871 1667 965 1715 δεῖν
1003 1669 1070 1735 τῷ
1107 1664 1190 1717 τὸν
1228 1666 1410 1732 ποδήρη
1451 1665 1752 1734 διεζωσμένη),
1798 1664 1899 1733 φεί-

315 1744 481 1794 δεσθαι
507 1743 555 1795 δὲ
580 1744 790 1809 μηδενός.
838 1748 913 1798 καὶ
938 1745 1059 1798 εἶδον
1084 1747 1176 1815 γάρ
1205 1753 1342 1817 φησι,
1364 1756 1390 1778 “
1413 1751 1505 1800 Καὶ
1532 1747 1631 1799 ἰδοὺ
1656 1746 1714 1816 ἐξ
1737 1747 1899 1813 ἄνδρες

316 1832 344 1854 “
370 1825 572 1892 ἤρχοντο
604 1826 679 1877 διὰ
712 1831 795 1892 τῆς
827 1828 981 1894 πύλης
1019 1833 1101 1894 τῆς
1138 1831 1416 1896 βλεπούσης
1449 1831 1567 1897 πρὸς
1598 1832 1790 1897 βοῤῥᾶν,
1822 1832 1896 1879 καὶ

316 1914 344 1937 “
370 1908 556 1978 ἑκάστῳ
580 1909 738 1980 πέλυξ
768 1913 816 1962 ἐν
849 1915 908 1978 τῇ
940 1914 1056 1979 χειρὶ
1091 1914 1244 1976 αὐτοῦ,
1273 1917 1348 1964 καὶ
1375 1912 1470 1965 εἶπε
1496 1918 1562 1983 τῷ
1588 1914 1734 1980 ἀνδρί,
1760 1917 1896 1979 φησι,

316 1997 345 2019 “
370 1993 437 2058 τῷ
467 1989 712 2063 ἐζωσμένῳ
738 1992 820 2044 τὸν
846 1993 1027 2060 ποδήρη
1063 1995 1236 2047 Δίελθε
1270 1995 1421 2060 με’σην
1455 1995 1540 2060 τὴν
1564 1993 1893 2061 Ἰερουσαλὴμ,

318 2079 344 2101 “
370 2074 445 2123 καὶ
471 2072 549 2127 δὸς
573 2074 627 2124 τὸ
653 2081 849 2139 σημεῖον
880 2078 954 2128 ἐπὶ
985 2076 1045 2127 τὰ
1078 2077 1270 2141 μέτωπα
1305 2083 1398 2129 τῶν
1423 2080 1605 2145 ἀνδρῶν
1630 2082 1724 2129 τῶν
1748 2100 1895 2129 κατα-

277 2171 298 2197 θ
317 2162 344 2183 “
369 2154 690 2222 στεναζόντων
724 2161 800 2209 καὶ
835 2160 1223 2224 κατοδυνωμένων
1257 2162 1331 2211 ἐπὶ
1365 2160 1543 2214 πάσαις
1573 2165 1674 2214 ταῖς
1705 2160 1899 2214 ἀδικίαις

316 2242 343 2265 “
370 2242 469 2291 ταῖς
495 2239 756 2303 γινομέναις
781 2243 829 2291 ἐν
853 2240 987 2311 με’σῳ
1014 2243 1170 2306 αὐτῆς.
1236 2245 1311 2293 καὶ
1345 2242 1523 2296 τούτοις
1554 2241 1677 2294 εἶπεν
1703 2242 1896 2294 ἀκούον-

316 2325 343 2347 “
367 2318 447 2373 τός
472 2343 563 2383 μου
582 2322 851 2387 Πορεύεσθε
878 2328 939 2377 εἰς
966 2323 1051 2387 τὴν
1075 2324 1219 2375 πόλιν
1247 2325 1400 2376 ὀπίσω
1429 2326 1582 2389 αὐτοῦ,
1603 2327 1677 2376 καὶ
1705 2325 1897 2377 κόπτετε
1919 2331 1965 2370 ²5
1986 2339 1990 2365 '³

315 2407 343 2429 “
367 2403 443 2452 καὶ
477 2401 541 2467 μὴ
578 2404 795 2471 φείδεσθε
834 2408 909 2456 καὶ
942 2405 1007 2469 μὴ
1047 2406 1288 2472 ἐλεήσητε·
1342 2409 1416 2458 καὶ
1459 2408 1781 2474 πρεσβύτερον
1821 2411 1896 2460 καὶ

315 2490 343 2511 “
367 2485 611 2535 νεανίσκον
637 2488 712 2537 καὶ
744 2486 887 2551 νήπια
922 2491 997 2539 καὶ
1031 2494 1250 2554 γυναῖκας
1282 2489 1580 2540 ἀποκτείνατε
1615 2494 1676 2544 εἰς
1711 2490 1893 2559 ἐξάλει-

315 2571 343 2593 “
367 2569 470 2633 ψιν,
498 2567 572 2617 ἐπὶ
599 2566 647 2618 δὲ
673 2567 851 2622 πάντας
882 2570 953 2638 ἐφ’
983 2572 1061 2623 οὕς
1092 2573 1194 2621 ἐστι
1225 2570 1278 2621 τὸ
1310 2576 1505 2637 σημεῖον
1529 2570 1594 2636 μὴ
1626 2573 1893 2638 ἐγγίσητε.”

314 2646 492 2702 ἀκούεις
518 2648 590 2699 ὅτι
616 2651 1013 2714 κατεσημαίνοντό
1040 2676 1156 2706 τινες
1181 2655 1242 2707 ὡς
1266 2654 1356 2723 ἔξω
1383 2653 1509 2719 δίκης
1541 2657 1614 2705 καὶ
1647 2659 1795 2719 θυμοῦ
1820 2657 1896 2706 καὶ

365 2816 394 2838 1.
421 2807 451 2839 οἱ
469 2813 688 2852 assumptum
707 2820 749 2842 ex
768 2809 860 2843 B.D.
1066 2822 1097 2856 3.
1126 2811 1227 2845 εἰπὼν
1245 2812 1290 2845 D.
1480 2825 1512 2855 4.
1540 2814 1624 2857 πρὸς
1641 2813 1724 2857 ἡμᾶς
1741 2814 1810 2848 νυνὶ
1828 2813 1893 2848 hoc

314 2850 436 2885 ordine
455 2852 501 2886 D.
681 2864 714 2900 5.
741 2855 823 2901 τῶν]
843 2858 881 2890 τὸ
900 2856 992 2891 Edd.
1182 2870 1213 2903 9.
1238 2860 1346 2902 νόμων
1363 2858 1535 2893 ἐποιοῦντο
1552 2859 1689 2894 inverso
1707 2860 1827 2894 ordine
1846 2861 1892 2895 D.

313 2897 362 2930 ἔτι
381 2909 443 2941 pro
460 2913 495 2932 τε
515 2899 562 2932 D.
689 2913 740 2944 14.
765 2903 810 2938 ὡς
826 2911 1049 2949 assumptum
1066 2916 1107 2938 ex
1127 2904 1221 2939 B.D.
1345 2915 1397 2950 17.
1425 2906 1493 2939 δεῖν
1509 2906 1554 2939 D.
1573 2907 1623 2940 δεῖ
1642 2906 1683 2940 Β.
1704 2907 1794 2941 Edd.
1814 2914 1893 2941 ante

314 2942 450 2987 Migne.
562 2946 614 2980 18.
641 2949 692 2981 καὶ
711 2950 806 2993 prius
824 2957 1046 2995 assumptum
1064 2963 1105 2985 ex
1126 2952 1170 2985 D.
1279 2962 1333 2986 20.
1361 2953 1504 2986 ἑκάστου
1525 2953 1569 2986 D.
1587 2954 1718 2998 ἑκάστῳ
1740 2953 1779 2987 Β.
1800 2954 1890 2988 Edd.

314 2989 385 3032 (62.
407 2991 501 3031 228.)
687 3006 742 3029 22.
768 3000 834 3029 τῶν
850 2997 906 3030 alt.
927 2996 1022 3031 deest
1040 2998 1075 3032 in
1094 2998 1184 3032 Edd.
1402 3000 1454 3032 26.
1485 2999 1580 3033 Haec
1598 3001 1650 3033 καὶ
1667 3001 1710 3043 μὴ
1729 3000 1890 3043 ἐλεήσητε

312 3044 531 3072 accesserunt
549 3050 589 3072 ex
606 3039 650 3073 D.
665 3042 722 3084 (μὴ
735 3054 871 3077 erasum
890 3050 947 3077 aut
967 3044 1160 3087 detritum.)
1258 3056 1312 3090 27.
1332 3047 1382 3079 καὶ
1396 3046 1490 3090 prius
1507 3054 1725 3091 assumptum
1743 3059 1783 3081 ex
1800 3047 1888 3081 ss.D.

1919 1906 1994 1968 20}

1997 1065 2011 1159 ἕ

1996 1203 2001 1247 ἶ

1995 1354 1998 1388 i

1994 1482 1997 1505 4

1993 1509 1997 1648 ἒ

1992 1660 1996 1683 4

1986 2308 1989 2326 λ
