2021 3434
283 191 368 230 500
675 191 724 231 B.
766 189 1041 230 CYRILLI
1082 191 1462 234 ALEXANDR.
1659 194 1731 235 vii.
1755 204 1849 247 7—9·

279 297 455 362 μάτων,
480 299 624 349 καίτοι
656 298 781 350 πολὺ
817 299 925 350 λίαν
955 299 1238 368 ἀνεξικακεῖν
1263 299 1416 351 εἰδότα
1441 300 1565 352 Θεὸν
1589 300 1851 368 παραθήγει

282 383 450 440 δεινῶς,
483 380 559 430 καὶ
594 379 678 434 τὰς
714 384 808 431 τῶν
845 381 991 446 ἁγίων
1027 384 1276 450 μονονουχὶ
1314 383 1389 433 καὶ
1427 381 1689 448 ἀπράκτους
1726 384 1847 434 ἀπο-

283 461 506 529 φαίνουσι
531 460 814 529 προσευχοῖς.
881 465 954 513 καὶ
989 469 1103 528 γοῦν
1140 463 1318 531 ε”φασκε
1352 463 1468 530 πρὸς
1501 462 1582 515 τὸν
1604 464 1854 532 προφήτην

61 556 221 631 {ier-vii·
280 543 504 609 Ἱερεμίαν
529 547 633 610 περὶ
666 548 760 594 τῶν
793 545 849 613 ἐξ
869 545 1071 610 Ἰσραήλ
1096 552 1123 574 “
1142 548 1236 596 Καὶ
1262 544 1327 596 σὺ
1359 545 1423 609 μὴ
1457 545 1725 613 προσεύχου
1749 547 1854 611 περὶ

282 631 308 653 “
335 630 417 676 τοῦ
455 630 574 676 λαοῦ
611 625 791 684 τούτου,
820 629 896 677 καὶ
926 627 990 690 μὴ
1022 627 1157 695 ἀξίου
1189 633 1271 678 τοῦ
1302 628 1547 692 ἐλεηθῆναι
1582 626 1745 681 αὐτοὺς
1779 629 1854 678 καὶ
1874 646 1896 684 5

281 714 308 737 ‘⁶
333 706 397 770 μὴ
422 706 694 776 προσέλθῃς
720 731 798 771 μοι
823 710 927 774 περὶ
953 709 1119 767 αὐτῶν,
1142 709 1212 760 ὅτι
1239 710 1320 761 οὐκ
1347 708 1687 773 εἰσακούσομαί
1707 709 1837 760 σου.”

63 836 147 869 325
165 834 216 869 Α.
242 844 264 868 a

239 917 258 956 7
282 908 432 951 Οὕτως
471 908 607 952 ἔδειξε
647 924 717 958 μοι
763 909 922 967 Κύριος,
965 910 1033 951 καὶ
1081 908 1171 952 ἰδοὺ
1214 910 1322 968 ἀνὴρ
1361 910 1554 953 ἑστΗκὼς
1592 910 1662 952 ἐπὶ
1694 908 1854 966 τείχους

237 996 260 1032 8
348 991 648 1043 ἀδαμαντίνου,
698 993 766 1034 καὶ
819 993 864 1035 ὲν
916 997 966 1052 τῷ
1023 994 1129 1051 χειρὶ
1184 994 1311 1035 αὐτοῦ
1373 993 1555 1042 ἀδάμας.
1637 994 1705 1034 καὶ
1763 989 1855 1034 εἶπε

350 1074 496 1131 Κύριος
536 1076 643 1132 Πρὸς
684 1077 736 1124 μὲ
783 1075 832 1116 Τί
876 1076 923 1118 σὺ
966 1077 1084 1136 ὁρᾷς,
1116 1075 1288 1129 Ἀμώς;
1338 1077 1406 1117 καὶ
1444 1072 1562 1117 εἶπον
1595 1075 1856 1125 Ἀδάμαντα.

347 1159 416 1199 καὶ
456 1154 548 1199 εἶπε
589 1159 735 1215 Κύριος
776 1159 882 1216 Πρὸς
925 1160 975 1208 μὲ
1011 1159 1122 1201 Ἰδοὺ
1165 1160 1250 1207 ὲΓὼ
1293 1160 1486 1201 ἐντὰσσω
1534 1159 1756 1207 ἀδάμαντα
1796 1156 1855 1200 εἷς

346 1241 474 1289 μέσον
514 1244 618 1282 λαοῦ
658 1257 737 1291 μου
768 1242 956 1299 Ἰσραὴλ,
992 1243 1068 1284 οὐκ
1103 1242 1165 1284 ἔτι
1203 1244 1259 1292 μὴ
1304 1243 1481 1300 Προσθώ
1517 1246 1589 1285 τοῦ
1624 1240 1853 1300 Παρελθεῖν

236 1337 259 1373 9
347 1325 485 1367 αὐτόν·
525 1326 594 1366 καὶ
627 1326 990 1382 ἀφανισθήσονται
1023 1327 1157 1378 βωμοὶ
1193 1330 1266 1369 τοῦ
1300 1330 1498 1380 Γέλωτος,
1526 1328 1593 1368 καὶ
1619 1326 1660 1368 αἱ
1686 1328 1855 1369 τελεταὶ

345 1413 418 1451 τοῦ
449 1410 625 1467 Ἰσραὴλ
658 1411 1027 1467 ὲρΗμωΘιῖσονται,
1070 1412 1138 1453 καὶ
1179 1412 1472 1461 ἀναστήσομαι
1511 1412 1579 1454 'eni
1621 1411 1694 1454 τὸν
1737 1408 1854 1454 οἶκον

233 1489 261 1530 b
339 1493 564 1550 Ἱεροβοὰμ
602 1494 645 1536 ἐν
684 1494 885 1555 ῥομφαίᾳ.

351 1619 437 1673 Ὡς
481 1620 647 1686 ἀκρίδα
690 1623 766 1672 καὶ
807 1622 868 1675 ὡς
910 1627 1117 1689 βροῦχον
1155 1625 1230 1672 καὶ
1271 1624 1334 1675 ὡς
1375 1622 1505 1686 δίκην
1542 1623 1590 1672 ἐν
1627 1624 1736 1688 πυρὶ
1758 1622 1856 1674 ’τὸν

276 1701 555 1768 Ἀσσύριον,
599 1702 701 1767 ἤτοι
744 1702 826 1754 τὸν
879 1703 991 1766 Γὼγ
1038 1703 1269 1772 ἐπιδείξας
1317 1707 1384 1773 τῷ
1434 1703 1668 1772 Προφήτῃ
1719 1703 1854 1768 Θεὸς,

276 1784 441 1835 ἑαυτὸν
474 1784 562 1850 ἤδη
587 1808 687 1839 πως
722 1785 896 1837 ἑστῶτα
929 1786 1098 1837 λοιπὸν
1134 1786 1206 1836 ἐπὶ
1246 1791 1415 1849 τείχους
1439 1782 1733 1855 ἀδαμαντίνου
1767 1788 1853 1838 δεί-

275 1889 456 1930 κνυσιν,
495 1867 570 1917 ἵνα
610 1865 685 1918 διὰ
724 1866 890 1918 τούτου
933 1870 1091 1932 νοῆται
1129 1870 1375 1935 μονονουχὶ
1417 1867 1632 1932 βεβηκὼς
1670 1870 1737 1920 ἐπ’
1774 1870 1856 1937 ἀῤ-

274 1947 430 2019 ῥήκτῳ
469 1947 670 2012 δυνάμει,
711 1951 786 2000 καὶ
830 1950 1176 2001 ἀκατοίσειστον
1206 1949 1325 2017 ε”χων
1362 1949 1448 2013 τὴν
1485 1951 1558 2002 ἐπὶ
1595 1955 1690 2004 τοῖς
1728 1951 1857 2004 ἰδίοις

275 2032 468 2096 ἀγαθοῖς
511 2030 796 2099 ἀσφάλειαν.
873 2031 1109 2086 παναλκὲς
1153 2030 1246 2098 γὰρ
1291 2030 1345 2082 τὸ
1384 2036 1520 2094 θεῖον,
1558 2034 1633 2083 καί
1676 2033 1852 2100 ἐρηρει-

274 2111 455 2177 σμένην
486 2112 578 2180 ἕχει
609 2111 695 2177 τὴν
730 2112 1019 2180 ὑποβάθραν,
1048 2113 1118 2164 ὅτι
1148 2113 1452 2176 μεταπίπτειν
1477 2115 1558 2164 οὐκ
1585 2112 1717 2178 οἶδεν,
1744 2115 1855 2165 ἀλλ’

275 2194 378 2246 ἔστι
418 2198 593 2261 τροπῆς
633 2194 834 2258 ἄμεινον,
873 2197 948 2246 καὶ
986 2197 1034 2246 ἐν
1071 2200 1166 2249 τοῖς
1206 2196 1346 2258 ἰδίοις,
1390 2198 1452 2249 ὡς
1490 2195 1622 2264 ἔφην,
1662 2197 1856 2260 ἀγαθοῖς

237 2302 259 2329 ο
277 2278 344 2328 ἀεὶ
370 2279 444 2328 καὶ
471 2276 722 2331 διαπαντὸς
747 2279 1010 2344 ἐρηρεῖσθαι
1037 2281 1181 2347 φιλεῖ.

349 2360 549 2426 Ὁρᾶται
573 2360 727 2410 τοίνυν
751 2357 945 2420 {cl-rnulf
972 2360 1043 2411 ἐπὶ
1073 2361 1242 2423 τείχους
1269 2356 1580 2428 ἀδαμαντίνου.
1628 2358 1854 2426 ἄρῥηκτός

276 2464 326 2492 τε
353 2443 428 2492 καὶ
454 2441 813 2508 ἀκαταμοὶχητος
843 2442 891 2492 ἐν
921 2443 1070 2495 λίθοις
1095 2443 1120 2492 ὁ
1146 2439 1352 2510 ἀθοίμοις,
1378 2443 1482 2492 οὕτε
1507 2446 1600 2495 τοῖς
1626 2448 1853 2508 σκληροῖς

276 2526 352 2574 καὶ
391 2523 678 2575 ἀντιπίπτειν
720 2522 907 2574 εἰωθόσι
947 2528 1244 2592 παραχωρεῖν
1287 2523 1574 2591 ἀνεχόμενος,
1614 2525 1718 2575 οὔτε
1760 2522 1854 2588 μὴν

328 2682 357 2705 1.
382 2671 638 2716 ἀνεξικακοῦντα
655 2671 768 2707 δεινῶς
785 2671 980 2717 παροργίζει
998 2671 1085 2705 Θεὸν
1103 2671 1145 2706 Β.
1307 2682 1339 2705 2.
1365 2671 1418 2705 καὶ
1436 2672 1494 2705 alt.
1513 2677 1734 2716 assumptum
1751 2683 1792 2705 ex
1810 2671 1855 2706 A.

278 2718 356 2762 3—6.
383 2720 575 2763 Assumpta
591 2719 648 2752 τὸν
664 2717 844 2763 προφήτην
868 2724 901 2752 et
926 2718 978 2752 καὶ
1005 2717 1273 2762 σὺ-ἐλεηθῆναι
1294 2718 1414 2753 αὐτοὺς
1431 2719 1483 2752 καὶ
1501 2730 1542 2751 ex
1559 2718 1650 2752 A.B.
1669 2732 1734 2752 σου
1751 2730 1793 2752 ex
1810 2718 1854 2752 A.

279 2765 322 2798 cf.
343 2776 406 2809 311
428 2776 457 2798 c.
711 2775 741 2810 7.
768 2765 840 2799 ἰδοὺ
857 2764 956 2810 ἀνὴρ]
976 2765 1057 2809 ἀνὴρ
1076 2772 1295 2809 assumptum
1314 2777 1354 2798 ex
1375 2765 1416 2798 B.
1436 2765 1551 2806 (Alex.
1568 2764 1640 2799 XII
1654 2765 1741 2808 mg.)
1760 2764 1856 2799 deest

280 2811 316 2844 in
333 2812 376 2844 A.
393 2811 505 2854 (Vat.)
524 2811 647 2855 Κύριος
665 2823 726 2856 pro
743 2812 824 2856 ἀνὴρ
844 2812 881 2846 F.
901 2811 992 2845 Edd.
1012 2811 1116 2856 (Co.)
1168 2811 1292 2845 Statim
1311 2812 1418 2846 ἑστὼς
1436 2811 1472 2845 F.
1640 2823 1672 2855 9.
1699 2808 1793 2845 εἶπον
1810 2810 1853 2845 Β.

280 2856 369 2897 (XII
387 2870 427 2891 ex
446 2859 549 2901 corr.)
567 2856 643 2892 εἶπα
662 2858 751 2892 Edd.
1004 2870 1056 2893 10.
1084 2858 1206 2903 Κύριος
1223 2870 1293 2893 Om.
1314 2858 1404 2892 Edd.
1424 2857 1530 2903 (Co.)
1578 2858 1624 2893 εἰς
1640 2857 1746 2902 μέσον
1762 2857 1851 2891 Α.Β.

279 2904 394 2944 (Alex.
414 2904 516 2947 XII.)
534 2905 568 2939 ἐν
577 2905 679 2962 ’μἰεζσῳ
698 2905 788 2939 Edd.
807 2905 907 2950 (Vat.
926 2905 998 2939 XII
1019 2905 1214 2950 suprascr.)
1369 2916 1422 2939 11.
1446 2904 1636 2949 προσθήσω
1655 2904 1692 2938 F.
1710 2903 1852 2948 (Alex.)

282 2950 334 2982 18.
360 2952 458 2984 τοῦτο
475 2950 517 2984 A.
566 2965 718 2997 αρρηκτῳ
737 2953 779 2985 A.
798 2951 930 2997 ἀῤῥὴτῳ
949 2951 991 2986 Β.
1008 2951 1098 2986 Edd.
1313 2962 1367 2986 20.
1393 2952 1560 2987 παναλκές
1577 2952 1620 2985 A.
1639 2951 1789 2994 παναλκῆ
1808 2950 1851 2985 Β.

278 2995 369 3029 Edd.
559 3008 613 3042 25.
640 2999 657 3031 ὁ
676 2997 770 3032 deest
787 2999 822 3032 in
843 2998 933 3033 Edd.

1879 1177 1927 1203 10

1878 1642 1924 1679 15

1877 2059 1926 2084 20
