2021 3434
309 197 394 236 456
715 198 763 237 B.
808 196 1081 237 CYRILLI
1124 197 1503 239 ALEXANDR.
1736 198 1891 249 v.4—6.

378 320 498 358 ὅπως
528 316 584 364 μὴ
614 316 849 374 ἁναλάμψῌ
887 317 947 357 ὡς
984 319 1062 373 Πῦρ
1099 317 1122 359 ὁ
1159 312 1462 373 οἶκοςἸωσὴφ
1500 317 1568 358 καὶ
1606 318 1896 373 καταφάΓεται

380 399 523 451 αὐτὸν,
550 399 619 440 καὶ
645 400 720 440 οὐκ
747 400 865 442 ἔσται
891 401 913 442 ὁ
940 402 1102 450 σβέσων
1129 402 1190 454 τῷ
1216 397 1323 454 οἷ’κῳ
1342 400 1530 456 Ἰσραήλ.

269 538 295 578 d
388 534 492 584 Οὐκ
533 535 586 602 ἐᾷ
627 532 775 584 πάλιν
816 532 923 587 τοὺς
967 533 1292 599 ἡμαρτηκότας
1337 537 1637 583 κατολισθεῖν
1675 535 1736 585 εἷς
1775 532 1892 582 ἀπό-

313 638 507 682 γνωσιν,
554 617 700 666 καίτοι
752 619 918 669 δειναῖς
970 639 1044 666 και
1093 616 1347 684 ἀφορήτοις
1397 616 1740 678 πλημμελειάις
1789 615 1899 664 ἐνει-

312 699 590 763 λημμενους·
633 697 911 765 προΐσχεται
957 697 1004 748 δὲ
1048 696 1106 748 τὰ
1149 697 1279 764 παρὰ
1323 703 1405 748 τοῦ
1447 701 1585 760 Θεοῦ,
1624 696 1899 761 σαγηνεύων

313 786 374 834 εἷς
418 780 736 847 μετάγνωσιν·
788 779 1077 879 εἷσκεκόμικέ
1115 803 1164 831 τε
1211 803 1286 831 και
1332 785 1413 830 νῦν
1453 780 1714 845 ἀναγκαίως
1759 778 1900 829 αὐτὸν

313 864 505 928 ἀνήσειν
550 864 703 917 αὐτοῖς
749 862 1125 930 ὑπισχνούμενον
1168 862 1228 913 τὰ
1270 862 1557 928 ἐγκλήματα,
1602 861 1900 928 ἀπαλλάξειν

315 946 363 997 δὲ
410 948 484 997 καὶ
527 948 691 1009 ποινῆς
741 947 815 996 καὶ
867 950 962 995 τῶν
1013 949 1074 998 εἷς
1122 951 1260 996 τοῦτο
1313 944 1554 1009 δειμάτων.
1619 945 1761 1012 φύσει
1807 942 1900 1009 γὰρ

91 1030 217 1113 {Ym-
314 1027 490 1095 ἀγαθὸς
543 1030 567 1079 ὁ
612 1027 926 1094 Δημιουργὸς,
977 1026 1346 1093 (ίΜακρόθυμος
1398 1029 1473 1078 καὶ
1523 1027 1781 1093 πολυέλεος
1825 1028 1900 1076 καὶ

116 1106 124 1114 ⁴
316 1118 343 1139 ‘⁶
368 1115 607 1173 μετανοῶν
639 1112 712 1161 ἐπὶ
744 1115 845 1163 ταῖς
877 1109 1095 1171 κακιάις,”
1124 1108 1246 1160 καθὰ
1272 1109 1547 1176 γέγραπται,
1575 1111 1649 1158 καὶ
1684 1106 1712 1176 ᾗ
1750 1109 1900 1176 φησὶν

93 1193 239 1276 {3:³1}ss
316 1191 454 1246 αὐτὸς
503 1192 579 1243 διὰ
624 1195 784 1261 φωνῆς
824 1190 1042 1258 Ἰεζεκιήλ
1095 1193 1219 1242 “Οὐ
1272 1190 1394 1242 θέλει
1444 1190 1526 1242 τὸν
1575 1190 1778 1241 θάνατον
1819 1196 1901 1241 τοῦ

277 1282 343 1321 θ“
370 1274 767 1340 ἀποθνήσκοντος,
811 1276 872 1327 ὡς
911 1273 964 1324 τὸ
1008 1275 1312 1342 ἀποστρέψαι
1353 1272 1493 1324 αὐτὸν
1535 1272 1628 1324 ἀπὸ
1667 1276 1749 1337 τῆς
1793 1273 1903 1323 ὁδοῦ

318 1366 344 1389 “
371 1360 512 1409 αὐτοῦ
562 1361 644 1421 τῆς
695 1361 904 1423 πονηρᾶς
954 1359 1029 1408 καὶ
1079 1356 1167 1422 ζῆν
1215 1355 1399 1407 αὐτόν.”
1492 1356 1616 1421 εἴπερ
1667 1356 1747 1406 οὖν
1796 1357 1901 1422 περὶ

316 1446 505 1493 πολλοῦ
552 1443 761 1492 ποιεῖσθε
808 1438 862 1490 τὸ
906 1438 1007 1505 ζῆν,
1050 1441 1125 1489 καὶ
1168 1439 1459 1508 ἀξιόληπτον
1501 1440 1607 1501 ὑμῖν
1649 1437 1703 1489 τὸ
1742 1441 1902 1505 χρῆμα

318 1524 544 1592 φαίνεται,
597 1520 886 1587 καταλήγετε
934 1523 1016 1585 τῆς
1060 1520 1255 1585 ἀπάτης,
1307 1523 1381 1572 καὶ
1435 1523 1518 1584 τῆς
1560 1522 1679 1571 οὕτω
1722 1525 1903 1586 μακρᾶς

317 1606 518 1668 ἀμαθίας
571 1603 977 1668 ἀποπηδήσαντες,
1030 1602 1300 1682 ἑκζητήσατςέ
1348 1628 1407 1671 με
1460 1606 1595 1671 φησὶ,
1648 1602 1902 1666 τουτέστιν,

315 1688 414 1751 ἐμοὶ
459 1687 751 1754 λατρεύσατε
793 1689 859 1756 τῷ
901 1685 1044 1755 φύσει
1091 1690 1212 1755 Θεῷ,
1251 1690 1317 1756 τῷ
1361 1686 1582 1755 ζωοποιεῖ),
1626 1690 1692 1756 τῷ
1737 1686 1903 1753 σώζειν

317 1770 544 1838 ἰσχύοντι,
566 1769 657 1839 ἔξω
677 1792 726 1820 τε
751 1767 928 1822 παντὸς
947 1769 1117 1820 τιθέντι
1144 1775 1287 1820 κακοῦ
1311 1768 1419 1822 τοὺς
1439 1768 1724 1831 σεβομένους
1749 1767 1901 1821 αὐτόν.

319 1855 390 1904 δεῖ
423 1852 470 1903 δὲ
511 1851 581 1917 δὴ,
615 1854 752 1921 φησὶ,
784 1852 1151 1919 προαπονίπτειν
1183 1850 1385 1914 ἑαυτοὺς,
1415 1854 1497 1915 τῆς
1535 1852 1710 1902 ἑαυτῶν
1744 1853 1904 1920 ψυχῆς

95 1954 183 1988 299
202 1953 252 1987 Α.
279 1936 609 2005 αέξωθοῦντας
643 1937 724 1998 τῆς
763 1934 1063 1987 ἀποστασιάς
1100 1932 1181 1984 τὸν
1219 1933 1381 2001 ῥύπον,
1408 1936 1483 1985 καὶ
1520 1933 1819 2001 προεκτήκειν
1856 1933 1904 1983 εὖ

317 2018 451 2082 μάλα
484 2017 571 2082 τὴν
609 2019 657 2068 ἐκ
692 2021 776 2067 τοῦ
814 2019 1152 2080 πεπλανῆσθαι
1178 2020 1361 2081 κηλῖδα,
1388 2017 1665 2068 κολλᾶσθαί
1699 2039 1748 2067 τε
1783 2017 1904 2067 οὕτω

317 2099 489 2152 λοιπὸν
514 2104 580 2169 τῷ
605 2097 866 2168 παναγάθῳ
893 2102 1016 2168 Θεῷ.

1918 713 1938 751 5

1924 1950 2003 1979 20³,

391 2184 459 2234 Τί
493 2181 541 2233 δὲ
592 2181 648 2246 δὴ
693 2183 768 2232 καὶ
810 2184 926 2247 δρᾶν
974 2181 1061 2232 ἔδει
1108 2186 1346 2246 μετανοεῖν
1389 2180 1650 2246 ἑλομένους,
1690 2179 1904 2250 διεσάφει
1957 2204 1960 2224 ;

364 2264 377 2280 t
552 2264 566 2279 x
608 2265 616 2276 ‚
749 2267 772 2276 Ν
952 2263 965 2277 x
1105 2270 1118 2284 x
1181 2269 1188 2281 ,
1296 2263 1307 2280 f
1548 2262 1563 2279 x
1622 2269 1630 2280 ‚
1779 2268 1792 2282 ι

317 2271 470 2331 λεγων
497 2276 571 2325 Μη
600 2265 815 2335 εκζητειτε
842 2263 1006 2325 Βαιθηλ
1042 2288 1119 2316 και
1157 2289 1216 2319 εις
1241 2276 1486 2330 Γάλγαλα
1507 2289 1568 2333 μη
1597 2263 1901 2333 εισπορευεσθε,

319 2351 397 2400 καὶ
429 2353 487 2403 εἷς
514 2347 560 2399 τὶ
589 2345 723 2418 φρέαρ
762 2348 833 2398 τοῦ
868 2345 988 2416 ’ὅρκου
1018 2345 1080 2416 μὴ
1112 2349 1390 2408 ἀναβαίνετε.
1450 2345 1587 2417 φρέαρ
1621 2346 1667 2397 δὲ
1703 2346 1823 2415 ’ὅρκου
1845 2344 1904 2398 τὰ

379 2554 410 2577 Ι.
440 2545 458 2577 ὁ
484 2554 555 2577 om.
574 2541 667 2576 Edd.
682 2541 788 2587 (Co.)
853 2542 1084 2588 καταφάγεται
1101 2541 1144 2576 A.
1164 2541 1283 2587 (Alex.
1302 2542 1404 2586 XII.)
1423 2541 1466 2576 cf.
1484 2542 1574 2576 infra
1592 2552 1658 2587 299
1677 2554 1707 2576 c.
1726 2541 1904 2586 καταφάγῃ

320 2589 413 2624 Edd.
433 2590 533 2635 (Vat.
538 2589 555 2634 )
572 2589 745 2623 κατέδεται
764 2590 807 2623 Β.
821 2588 880 2631 (86
895 2590 983 2634 mg.)
1079 2601 1113 2632 4.
1132 2589 1393 2633 επειλημμένους
1412 2589 1456 2622 A.
1553 2598 1586 2632 5.
1605 2591 1665 2623 τοῦ
1682 2594 1904 2633 assumptum

320 2649 362 2671 ex
381 2637 424 2671 B.
533 2646 564 2682 7.
590 2637 632 2670 τὰ
650 2636 770 2670 deest
763 2648 798 2670 ln
818 2635 910 2670 Edd.
1022 2647 1056 2682 9.
1080 2636 1310 2682 μακρόθυμός]
1334 2641 1371 2677 -ἱ-
1391 2650 1427 2670 τε
1445 2636 1490 2670 A.
1605 2646 1656 2670 10.
1685 2636 1792 2671 καθὼς
1811 2633 1902 2669 Edd.

324 2695 377 2718 11.
403 2685 519 2729 φωνῆς
535 2689 758 2728 assumptum
775 2695 816 2717 ex
834 2683 877 2717 A.
887 2683 924 2717 Β.
1194 2694 1246 2717 12.
1272 2682 1543 2727 ἀποθνήσκοντος
1560 2682 1604 2717 A.
1624 2682 1666 2716 cf.
1685 2683 1721 2716 in
1741 2681 1777 2716 S.
1795 2682 1903 2717 Joan-

320 2742 401 2764 nem
422 2740 487 2776 725
505 2743 534 2765 e.
553 2730 756 2774 ἁμαρτωλοῦ
775 2730 817 2763 Β.
836 2729 929 2764 Edd.
978 2728 1034 2775 τὸ]
1053 2731 1114 2764 τοῦ
1131 2730 1175 2764 A.
1217 2729 1458 2788 ἀποστρέψαι
1475 2730 1518 2764 A.
1525 2730 1566 2764 B.
1585 2729 1794 2775 ἐπιστρέψαι
1812 2727 1904 2762 Edd.

325 2788 378 2821 13.
404 2778 506 2811 αὐτοῦ
523 2783 746 2822 assumptum
765 2789 806 2811 ex
824 2777 867 2811 A.
885 2777 1018 2820 (Alex.)
1131 2788 1184 2820 14.
1210 2776 1287 2821 ἡμῖν
1301 2777 1392 2811 Edd.
1411 2781 1492 2811 ante
1510 2776 1644 2821 Migne.
1745 2776 1798 2810 16.
1823 2774 1903 2809 ἀθυ-

320 2824 397 2867 μίας
414 2824 474 2858 iid.
621 2833 674 2869 17.
700 2823 967 2867 λατρεύσατεΑ.
985 2823 1169 2869 λατρεὺητε
1190 2824 1230 2858 Β.
1248 2823 1426 2869 λατρεύετε
1447 2823 1717 2858 Edd.Stat1m
1735 2825 1779 2869 τῷ
1798 2820 1904 2867 φύσει

321 2884 357 2903 τε
376 2873 450 2916 Θεῷ
469 2885 522 2904 και
540 2872 642 2913 ζωοπ.
660 2872 714 2905 καὶ
732 2872 813 2914 σὼζ.
836 2871 876 2904 Β.
1184 2872 1238 2906 18.
1264 2871 1329 2915 ἕξω
1347 2886 1383 2905 τε
1400 2871 1523 2906 παντὸς
1542 2870 1583 2904 Β.
1602 2871 1655 2904 καὶ
1671 2884 1708 2904 π.
1727 2870 1791 2914 ἔξω
1809 2867 1903 2902 Edd.

325 2926 378 2960 19.
403 2917 453 2950 δεῖ
472 2917 514 2951 Β.
533 2918 602 2951 δεῖν
618 2918 663 2952 Α.
682 2917 774 2952 Edd.
823 2918 863 2962 δὴ
882 2929 953 2953 om.
974 2917 1016 2952 Β.
1466 2929 1521 2952 20.
1523 2917 1755 2998 2ιε’ξωθοῦντας
1771 2926 1840 2949 om.
1858 2914 1903 2949 Α.

321 2962 544 3000 ἀποστάσεως
562 2964 654 2998 Edd.
924 2965 1041 2999 21.δὲ
1059 2976 1122 3010 pro
1139 2979 1176 2999 τε
1193 2965 1237 3001 A.
1605 2963 1701 2997 Haec
1719 2962 1840 2996 λοιπὸν
1855 2963 1902 3007 τῷ

321 3011 504 3054 παναγάθῳ
525 3010 698 3057 [πανάγνῳ
716 3010 777 3056 Α.]
797 3018 1016 3047 accesserunt
1033 3024 1075 3046 ex
1092 3012 1183 3047 A.B.
1422 3022 1477 3056 23.
1503 3011 1666 3054 διασαφεῖ
1684 3008 1775 3043 Edd.
