2021 3434
121 183 148 225 i.
172 184 209 226 8.
275 201 278 206 ·
395 202 398 203 ⁷
569 185 641 225 IN
684 183 955 225 JOELEM.
1016 181 1166 223 ΤΟΜ.
1207 181 1243 222 Ι.
1609 181 1692 220 299

233 295 300 312 Αἱ,

120 300 147 324 “
172 317 270 346 του.
359 296 478 360 ἡδεῖς
504 295 597 362 γὰρ
620 295 742 360 ἡδεῖς
773 298 854 359 τῆς
889 294 1124 353 εὐσεβείας
1148 297 1190 344 οἱ
1214 294 1397 359 καρποὶ,
1426 293 1499 342 καὶ
1526 289 1585 342 τὰ
1611 294 1694 354 τῆς

119 378 325 441 ἀληθοῦς
368 379 677 447 φιλομαθείας
715 377 947 444 ἀκρόδρυα
989 381 1055 447 τῷ
1102 376 1292 427 πάντων
1335 375 1466 438 ἡμῶν
1510 376 1732 440 Σωτῆριὶι
1761 393 1848 427 205
1863 391 1912 424 Α.

119 465 331 531 Χριστῷ,
370 462 419 516 ὅς
462 464 592 514 ἐστιν
630 463 760 526 ἡμῶν
803 464 878 513 καὶ
924 463 1217 530 ἀδελφιδοῦς,
1257 459 1352 511 οἷον
1394 459 1450 529 ἐξ
1485 461 1694 528 ἀδελφῆς

118 546 200 608 τῆς
225 545 358 611 ἁγίας
383 545 616 612 παρθένου
641 543 982 610 γεγεννημένος.

78 775 341 834 5ΘρύνΗσον
376 777 483 833 Πρὸς
524 778 575 825 μὲ
612 776 717 833 ὑπὲρ
752 777 918 831 νύμφΗν
959 777 1295 832 ΠεριεζωσμένΗν
1331 775 1485 816 σάκκον
1522 773 1591 813 ὲΠί
1622 773 1693 814 τὸν
1715 782 1736 816 8

183 858 317 915 ἄνδρα
356 859 484 900 αὐτῆς
520 858 592 901 τὸν
630 859 899 916 Παρθενικόν.

190 974 267 1025 Οὐ
291 973 526 1041 πάρεργον
553 972 730 1037 αὐτοὺς,
756 972 858 1024 οὐδὲ
884 971 981 1024 οἷον
1014 974 1061 1023 ἐκ
1095 973 1411 1038 παραδρομῆς,
1435 969 1464 1035 ἢ
1488 970 1698 1040 ῥᾴθυμον

119 1057 282 1111 ἁπλῶς
312 1060 545 1108 ποιεῖσθαι
579 1057 751 1107 κελεύει
786 1055 871 1120 τὴν
908 1054 1216 1120 μετάγνωσιν,
1257 1056 1332 1105 καὶ
1373 1053 1426 1104 τὸ
1470 1053 1539 1105 ἐπ’
1580 1055 1696 1121 αὐτῇ

120 1138 364 1203 νοούμενον
388 1139 571 1202 πένθος,
598 1137 728 1189 ἀλλὰ
766 1143 860 1192 τοῖς
900 1137 970 1188 ὅτι
1007 1136 1222 1201 μάλιστα
1252 1140 1346 1187 τῶν
1382 1136 1547 1186 ἄλλων
1575 1138 1691 1186 δυσ-

59 1248 101 1272 10
119 1221 415 1289 αχθεστέροις
449 1221 502 1272 οὐ
535 1222 729 1287 μετρίως
764 1225 1060 1289 φιλονεικοῦν
1098 1221 1172 1270 καὶ
1211 1220 1511 1282 ἁμιλλᾶσθαι
1547 1240 1697 1268 σπου-
1715 1226 1741 1266 b

120 1302 268 1370 δάζον,
312 1305 374 1357 ὡς
418 1302 739 1367 ὶσοστάθμους
782 1307 877 1356 τοῖς
920 1301 1258 1368 ἡμαρτημένοις
1305 1303 1541 1352 ποιεῖσθαι
1591 1298 1697 1354 τοὺς

118 1384 301 1440 πόνους.
369 1389 502 1455 φιλεῖ
541 1385 596 1436 δέ
632 1409 732 1439 πως
777 1386 1032 1451 ἀρτίγαμος
1076 1384 1189 1450 κόρη
1234 1382 1530 1450 κατοιμώζειν
1574 1382 1698 1447 ἄγαν

119 1469 394 1520 ἐκτεθνεῶτα
420 1469 636 1536 νυμφίον,
663 1469 737 1519 καὶ
770 1468 973 1534 δριμείας
1012 1465 1309 1533 εἰσδέχεσθαι
1347 1464 1430 1519 τὰς
1468 1466 1542 1515 ἐπὶ
1580 1466 1698 1533 τῷδε

119 1548 285 1613 λύπας,
323 1552 384 1604 ὡς
417 1550 659 1604 νουθεσίας
693 1549 898 1601 ἐπέκεινα
937 1548 1151 1600 τίθεσθαι
1189 1547 1273 1612 τὴν
1306 1548 1470 1616 φρένα,
1500 1550 1576 1599 καὶ
1610 1569 1698 1611 μη-

56 1654 101 1692 15
122 1632 228 1683 δένα
266 1633 440 1700 τρόπον
479 1633 595 1700 αὐτῇ
629 1638 712 1683 τοῦ
749 1635 916 1700 χρῆναι
954 1635 1138 1682 πενθεῖν
1176 1630 1376 1699 ἐπαξίως
1416 1631 1699 1696 ἀποχρῶντα

122 1713 234 1766 εἶναι
275 1719 435 1767 δοκεῖν·
501 1718 659 1783 χρῆμα
701 1714 786 1779 μὲν
827 1713 920 1781 γὰρ
962 1712 1015 1765 τὸ
1066 1717 1265 1777 θηλειῶν
1314 1709 1578 1782 φιλόδακρυ
1623 1712 1699 1761 καὶ

122 1797 398 1866 φιλοπενθὲς
424 1797 822 1863 ὁμολογουμένως,
848 1795 1064 1859 μάλιστα
1102 1794 1149 1846 δὲ
1187 1799 1281 1847 τῶν
1319 1794 1484 1845 ἄλλων
1517 1793 1545 1857 ἡ
1577 1816 1697 1859 παρ-

121 1879 300 1931 θενικόν
329 1903 377 1932 τε
411 1881 486 1930 καὶ
519 1880 700 1948 ἔφηβον
727 1880 890 1945 ὁρῶσα
922 1877 1123 1946 νυμφίον
1157 1880 1348 1943 οἰκτρῶς
1375 1878 1449 1926 καὶ
1477 1877 1526 1926 ἐν
1550 1876 1697 1928 εὐναῖς

123 1960 281 2029 νεκρόν
304 1986 352 2014 τε
378 1964 451 2014 καὶ
478 1962 655 2014 ἄπνουν
683 1963 905 2026 κείμενον.
970 1959 999 2029 ᾗ
1028 1959 1084 2025 δὴ
1108 1958 1468 2026 παρεικάζεσθαι
1495 1961 1588 2009 δεῖν
1613 1956 1699 2021 τὴν

54 2068 102 2093 20
121 2049 214 2096 τῶν
237 2043 471 2096 Ἰουδαίων
496 2044 683 2109 πληθὺν
712 2045 761 2095 εὖ
796 2043 929 2107 μάλα
961 2045 1125 2112 φησὶν,
1153 2040 1505 2109 ἀποκρούεσθαί
1531 2064 1580 2091 τε
1613 2038 1698 2103 τὴν

121 2125 279 2193 ὀργὴν,
301 2129 374 2178 καὶ
400 2126 496 2178 οἷον
522 2127 735 2195 ἀσχέτως
761 2128 828 2178 ἐπ’
852 2125 1015 2179 αὐτοὺς
1040 2125 1125 2190 τὴν
1153 2126 1280 2177 θείαν
1308 2127 1472 2174 ἰοῦσαν
1498 2122 1696 2186 κίνησιν,

120 2207 395 2261 ἀνακόπτειν
437 2214 532 2263 τοῖς
573 2208 757 2275 θρήνοις
799 2206 1153 2276 τεθαῤῥηκότας,
1193 2206 1263 2258 ὅτι
1301 2213 1328 2235 “
1349 2204 1575 2272 Χρηστὸς
1622 2206 1696 2254 καὶ

121 2297 148 2321 “
169 2290 393 2356 ἐπιεικὴς”
423 2293 447 2342 ὁ
474 2296 567 2342 τῶν
594 2291 720 2342 ὅλων
746 2293 846 2342 ἐστὶ
874 2289 1143 2354 Δεσπότης,
1174 2288 1522 2357 φιλάνθρωπος,
1551 2293 1576 2315 “
1599 2288 1692 2336 Καὶ

123 2379 149 2404 “
172 2374 429 2428 πολυέλεος
470 2377 544 2425 καὶ
587 2378 824 2437 μετανοῶν
865 2374 938 2424 ἐπὶ
982 2376 1080 2425 ταῖς
1116 2371 1324 2424 κακιάις”
1360 2368 1478 2421 κατὰ
1521 2367 1575 2419 τὸ
1614 2391 1690 2434 γε-

53 2477 100 2514 25
122 2455 404 2524 γραμμένον.

195 2539 336 2603 Πλὴν
377 2538 430 2589 οὐ
469 2536 744 2604 τεθρήνηκεν
782 2536 810 2600 ἡ
846 2540 940 2587 τῶν
967 2536 1200 2587 Ἰουδαίων
1233 2532 1492 2600 Συναγωγὴ
1527 2531 1607 2584 τὸν
1646 2533 1701 2602 ἐξ

171 2725 201 2748 1.
228 2713 326 2747 Haec
342 2713 408 2758 γὰρ
425 2711 514 2756 ἡδεῖς
530 2717 751 2746 accesserunt
767 2723 810 2746 ex
828 2712 870 2746 B.
920 2712 950 2745 οἱ
970 2712 1028 2754 τῆς
1045 2711 1118 2745 εὐσ.
1135 2711 1207 2745 inv,
1226 2710 1302 2745 ord.
1322 2710 1413 2744 Edd.
1539 2721 1571 2756 3.
1597 2710 1696 2744 ἀδελ-

121 2761 235 2806 φιδιός
253 2760 295 2794 Β.
345 2759 469 2793 Statim
487 2760 531 2794 ὡς
547 2770 611 2803 pro
629 2756 699 2792 οἷον
715 2757 776 2793 iid.
933 2771 966 2801 4.
990 2758 1087 2804 ἁγίας
1102 2756 1286 2803 παρθένου]
1305 2758 1540 2802 παναχράντου
1557 2758 1697 2792 δεσποί-

123 2822 179 2851 νης
195 2805 255 2840 iid.
398 2815 432 2848 5.
456 2805 707 2849 περιζωσμένην
725 2805 804 2848 (Sic)
823 2804 916 2839 Aub.
1071 2805 1104 2839 8.
1129 2805 1189 2849 τὴν
1204 2806 1414 2849 μετάγνωσιν
1431 2810 1510 2838 ante
1525 2805 1697 2840 ποιεῖσθαι

122 2860 254 2897 transp.
272 2851 331 2886 iid.
459 2863 471 2886 ῐ
478 2864 510 2898 3.
536 2850 754 2897 ἐκτεθνεῶτα]
774 2852 820 2887 εἷς
836 2852 999 2886 τεθνεῶτα
1016 2851 1076 2885 iid.
1199 2850 1251 2885 16.
1277 2851 1338 2895 μὲν
1355 2857 1575 2896 assumptum
1592 2863 1633 2886 ex
1655 2852 1695 2885 B.

122 2898 281 2944 θηλειῶν]
301 2898 458 2942 θήλειονὲ
587 2900 638 2932 18.
665 2899 717 2932 καὶ
735 2899 792 2932 alt.
812 2904 1031 2943 assumptum
1050 2910 1091 2932 ex
1111 2897 1152 2932 B.
1299 2909 1351 2943 19.
1377 2899 1492 2942 νεκρόν
1511 2913 1547 2932 τε
1563 2910 1632 2933 om.
1654 2898 1696 2932 B.

125 2957 177 2980 20.
203 2946 263 2991 τὴν
279 2945 382 2991 ὀργὴν
401 2945 442 2979 Β.
460 2946 499 2979 τὰ
518 2945 554 2990 ἐξ
572 2945 672 2990 ὀργῆς
691 2944 781 2979 Edd.
915 2956 970 2979 21.
995 2945 1143 2990 ἄσχετον
1159 2944 1218 2978 iid.
1268 2944 1387 2980 ἰοῦσαν
1403 2947 1472 2980 τοῖς
1489 2944 1621 2990 θρήνοις
1639 2945 1698 2989 τὴν

123 2993 214 3028 θείαν
231 3007 259 3028 κ.
278 2993 473 3028 ἀνακόπτειν
490 2993 627 3027 inverso
645 2992 764 3027 ordine
781 2991 840 3027 iid.
984 3003 1037 3035 24.
1068 2990 1313 3038 γεγραμμένον]
1332 2992 1428 3037 γένος
1445 2992 1524 3036 (Sic)
1544 2992 1602 3026 iid.

862 3059 981 3101 qqz

1717 1903 1737 1928 C

1758 2215 1812 2245 Ps.

1758 2258 1867 2288 lxxxv.
1886 2267 1916 2298 5.

1757 2310 1834 2340 Jon,
1851 2310 1892 2341 iv,

1762 2363 1788 2385 2.
