2021 3434
325 228 406 268 7522
711 226 760 267 B.
799 226 1076 267 CYRILLI
1118 226 1500 268 ALEXANDR.
1706 228 1776 269 vii.
1795 228 1832 279 8,
1851 242 1887 283 9.

324 336 512 402 ὁρώσης
557 335 644 400 ἤδη
684 336 802 402 πρὸς
841 337 894 387 τὸ
934 338 1037 388 δέον
1088 339 1172 400 μὲν
1215 338 1524 389 ἀποσείεσθαι
1566 336 1652 400 τὴν
1694 339 1892 406 ἀρχαίαν

321 418 496 481 ἐκείνην
529 417 784 483 πλάνησιν,
816 420 1249 481 μεταβουλεύεσθαι
1288 420 1335 470 δὲ
1373 419 1432 470 τὰ
1461 420 1632 484 ἀμείνω
1666 422 1742 470 καὶ
1779 423 1893 486 δρᾶν

322 500 515 551 ἑλέσθαι
540 499 599 550 τὰ
625 499 850 567 χρήσιμα.

283 677 394 718 SM&
434 677 623 735 ὲΠίχαιρέ
661 693 731 727 μοι
772 679 794 719 ιῖι
831 680 958 736 ἐχθρά
1004 694 1082 727 μου
1120 681 1184 722 ὅτι
1223 681 1443 730 Πέτττωκα,
1482 678 1549 720 καὶ
1588 678 1894 727 ἁναστέισομαι·

210 755 234 791 d
281 769 302 804 9
389 760 494 803 ὃιότι
530 761 606 802 ἐὰν
635 762 796 803 καθίσω
832 762 876 803 ἐν
913 764 974 816 τῷ
1011 764 1165 814 σκότει,
1201 764 1224 805 ὁ
1265 763 1410 820 Κύριος
1447 760 1600 819 φωτιεῖ
1634 777 1715 811 μοι.
1765 760 1936 818 ὀρΓιὶν5

391 845 538 901 Κυρίου
577 845 742 887 (moion)
781 847 845 887 ὅτι
883 847 1071 902 ἥμαρτον
1110 847 1239 900 αὐτῷ,
1274 848 1357 887 ἕως
1394 850 1467 888 τοῦ
1506 845 1730 888 δικαιῶσαι
1766 844 1893 887 αὐτὸν

386 928 460 969 τέιν
488 928 606 970 biam]
633 944 724 977 μου·
767 929 834 969 καὶ
861 931 1030 971 Ποιύσει
1062 931 1110 971 τὸ
1143 928 1268 987 κρῖμα
1301 945 1380 979 μου
1417 929 1484 971 καὶ
1515 929 1658 972 ἐξάξει
1683 944 1735 977 με
1761 926 1820 970 eie
1845 927 1893 970 τὸ

388 1012 496 1066 φῶς,
524 1012 590 1052 καὶ
617 1012 778 1062 ὄψομαι
805 1012 881 1054 τέιν
909 1012 1179 1055 ὃικαιοσύνΗν
1207 1013 1347 1054 αὐτοῦ.

394 1125 699 1189 Χαριέστατά
741 1150 819 1189 μοι
863 1130 990 1178 δοκεῖ
1030 1126 1384 1179 διαπεπλάσθαι
1435 1129 1532 1178 νυνὶ
1575 1129 1656 1190 τῆς
1702 1123 1826 1176 Σιὼν
1871 1126 1896 1176 ὁ

321 1205 466 1271 λόγος·
506 1207 624 1274 πρὸς
660 1208 746 1272 τὴν
773 1211 926 1274 ἀπηνῆ
966 1212 1040 1260 καὶ
1079 1210 1356 1276 ὑβρίστριαν
1388 1211 1462 1261 καὶ
1501 1207 1706 1275 ἀλαζόνα
1741 1206 1894 1270 πόλιν,
1919 1230 1965 1255 10

320 1291 466 1352 δῆλον
492 1289 539 1340 δὲ
571 1289 639 1341 ὅτι
671 1291 755 1355 τὴν
780 1293 1113 1355 Βαβυλωνίων,
1139 1291 1223 1356 τὴν
1250 1292 1485 1345 οἱονείπως
1518 1289 1896 1356 ἐπιτωθάζουσαν

322 1374 383 1424 ὡς
421 1372 749 1440 πεπορθημένῃ
787 1375 844 1441 τῇ
882 1374 1118 1425 Ἰουδαίων
1163 1374 1308 1443 χώρᾳ.
1365 1373 1430 1438 μὴ
1471 1372 1564 1439 γὰρ
1605 1371 1894 1438 ἐπαγάλλου,

282 1481 303 1507 e
322 1456 485 1522 φησὶν,
512 1457 573 1508 ὡς
599 1454 792 1524 κειμένῃ.
856 1456 1094 1520 νενίκηκας
1131 1455 1238 1522 γὰρ,
1269 1457 1351 1507 οὐκ
1385 1454 1499 1520 αὐτὴ
1531 1459 1720 1519 μᾶλλον
1750 1455 1888 1521 ὑπερ-

320 1536 584 1603 ισχύσασα,
630 1543 973 1598 καταβαλοῦσα
1024 1538 1072 1589 δὲ
1123 1540 1464 1606 ἀῤῥωστοῦσαν
1513 1537 1590 1600 ἐμὲ
1639 1537 1693 1588 τὸ
1742 1559 1895 1603 προσ-

319 1628 515 1687 κροῦσαι
542 1626 662 1691 Θεῷ,
688 1624 762 1673 καὶ
795 1621 870 1673 διὰ
903 1628 1040 1674 τοῦτο
1071 1623 1296 1688 κειμένην.
1358 1621 1468 1673 ἀλλ’
1495 1622 1597 1690 ἥξει
1623 1620 1793 1687 καιρὸς,
1819 1643 1893 1671 οτε
1919 1644 1965 1682 15

99 1705 190 1779 giffar.
212 1706 243 1736 ἦ·
321 1709 399 1755 και)
427 1705 751 1774 alme-rivolum,
778 1703 865 1756 κᾶν
890 1709 928 1756 εὶ
953 1705 1137 1771 γέγονα,
1165 1706 1371 1773 φησὶν,’
1349 1728 1397 1756 εν
1422 1702 1582 1755 σκότει
1610 1710 1636 1733 “
1656 1707 1738 1772 Τῷ
1763 1701 1896 1772 ξύλω

126 1772 134 1788 ¹
319 1793 347 1814 ‘⁶
373 1786 586 1852 λέγουσα
613 1786 733 1842 Θεός
757 1810 849 1852 μου
875 1785 916 1837 εἶ
936 1786 1013 1850 σι),
1040 1789 1115 1839 καὶ
1146 1792 1213 1856 τῷ
1251 1789 1371 1857 λίθῳ
1400 1786 1468 1838 Σὺ
1506 1784 1759 1852 ἐγέννησάς
1797 1807 1854 1848 με
1868 1783 1895 1800 ”

318 1871 392 1919 καὶ
419 1867 502 1920 τὸν
527 1871 602 1920 ἐπὶ
627 1875 727 1924 ταῖς
753 1869 1017 1934 δαμάλεσιν
1043 1872 1223 1921 ἀνιεῖσα
1252 1867 1412 1936 λόγον·
1439 1869 1558 1937 ἔφην
1583 1866 1676 1935 γὰρ
1702 1867 1821 1936 ε”φην
1845 1866 1903 1936 ἐξ

98 1970 202 2020 Exoq.
318 1952 621 2020 ἀποπληξίας
654 1959 680 1982 “
698 1953 845 2004 Οὗτοι
885 1956 927 2003 οἱ
959 1952 1060 2004 θεοί
1094 1976 1185 2004 σου
1214 1951 1432 2019 Ἰσραὴλ,
1465 1951 1626 2005 οἵτινες
1659 1949 1898 2017 ἀνήγαγόν

96 2024 243 2054 xxxu.4.
318 2041 345 2062 ‘⁶
370 2057 426 2085 σε
461 2036 510 2084 ἐκ
544 2037 632 2100 γῆς
658 2034 939 2101 Αἷγύπτου·”
981 2035 1093 2086 ἀλλ’
1131 2035 1212 2086 οὖν
1251 2034 1420 2098 ε”σομαι
1454 2036 1529 2084 καὶ
1565 2039 1624 2089 εἰς
1655 2033 1766 2103 φῶς,
1792 2034 1894 2084 ε’πι-
1917 2064 1965 2090 20

95 2138 183 2171 462
200 2137 250 2170 A.
280 2116 566 2182 αγνώσομαι
604 2116 687 2168 τὸν
725 2116 996 2182 Δεσπότην,
1028 2115 1112 2169 τὸν
1145 2117 1373 2184 σώζοντα,
1407 2115 1489 2168 τὸν
1527 2117 1785 2183 ἐπίκουρον,
1816 2118 1899 2180 τῆς

318 2199 579 2253 εὐσθενείας
618 2198 699 2250 τὸν
741 2199 966 2266 χορηγόν·
1015 2200 1238 2269 ἀνέξομαι
1281 2198 1330 2250 δὲ
1374 2203 1469 2249 τῶν
1509 2196 1898 2263 συμβεβηκότων,

317 2284 393 2332 καὶ
431 2281 765 2346 ὑποστήσομαι
803 2281 862 2333 τὰ
900 2281 1037 2344 δεινὰ,
1064 2281 1468 2351 κατακεκράξομαι
1499 2280 1548 2332 δὲ
1585 2281 1798 2344 οὐδαμῶς
1836 2283 1899 2335 ὡς

317 2365 583 2418 ἀδικοῦντος
616 2368 753 2427 Θεοῦ,
787 2365 1078 2428 διακείσομαι
1116 2364 1165 2416 δὲ
1202 2369 1406 2429 μᾶλλον,
1433 2365 1494 2417 ὡς
1532 2362 1676 2430 ὀρθὴν
1701 2362 1770 2415 ἐπ’
1798 2364 1898 2428 ἐμοὶ
2008 2429 2011 2444 ι

316 2446 402 2510 τὴν
433 2449 603 2515 ψῆφον
638 2447 926 2512 ἐνέγκαντος,
955 2445 1044 2499 κᾶν
1081 2450 1120 2498 εἰ
1156 2447 1407 2515 πέπομφεν
1445 2449 1508 2500 εἰς
1545 2446 1892 2514 αἰχμαλωσίαν.
1915 2473 1961 2513 25

316 2528 699 2594 πεπλημμέληκα
731 2527 837 2595 γὰρ,
865 2531 941 2581 καὶ
971 2529 1101 2599 φέρω
1134 2528 1195 2580 τὰ
1228 2529 1285 2598 ἐξ
1313 2530 1469 2596 ὀργῆς,
1498 2528 1576 2584 ἕως
1605 2528 1658 2580 ἂν
1685 2527 1896 2602 δικαιώσῃ
2008 2524 2009 2530 ’

316 2610 385 2672 τὴν
412 2608 530 2673 δίκην
555 2636 653 2681 μου,
674 2611 929 2675 τουτέστιν,
950 2611 1034 2666 ἕως
1061 2610 1117 2663 ἂν
1143 2611 1228 2676 τὴν
1254 2614 1464 2676 ἶσοπαλῆ
1491 2615 1586 2665 τοῖς
1610 2610 1894 2676 πλημμελή-

366 2767 395 2789 1.
422 2755 498 2790 δέον
514 2755 558 2789 A.
577 2755 686 2789 δοκεῖν
703 2754 796 2789 Edd.
963 2766 995 2789 2.
1021 2756 1082 2799 μὲν
1099 2767 1163 2800 pro
1181 2756 1216 2790 δε
1234 2756 1278 2790 Α
1445 2767 1478 2801 3.
1505 2753 1664 2800 ἑλέσθαι]
1688 2758 1726 2796 -Ι-
1745 2754 1783 2789 δέ
1801 2754 1894 2790 Edd-

315 2801 425 2836 invito
443 2803 485 2835 A.
801 2801 934 2848 5.μοι]
954 2817 1018 2846 μου
1035 2803 1078 2837 Α.
1099 2803 1198 2848 (147.
1203 2803 1220 2848 )
1518 2813 1599 2847 7.μ
1601 2817 1616 2836 ε
1634 2801 1754 2836 deest
1746 2813 1783 2836 ln
1801 2801 1895 2837 Edd-

317 2860 349 2892 9.
376 2849 668 2893 διαπεπλανῆσθαι
694 2849 774 2893 (sic)
792 2850 836 2882 A.
889 2849 1015 2884 Statim
1040 2865 1109 2884 νυνι
1135 2851 1179 2884 A.
1205 2852 1264 2884 νῦν
1289 2848 1381 2884 Edd.
1429 2850 1468 2893 τῆ
1473 2864 1488 2884 ς
1513 2850 1597 2883 Σιὼν
1613 2850 1632 2882 ὁ
1655 2850 1689 2882 λ.
1710 2848 1895 2883 διαπεπλά-

317 2895 397 2928 σθαι
415 2898 472 2929 νῦν
488 2896 625 2930 inverso
642 2895 763 2930 ordine
782 2895 825 2931 B.
1198 2908 1251 2931 11.
1277 2900 1344 2931 τῶν
1361 2908 1424 2941 pro
1441 2896 1500 2939 τ-ὴν
1516 2896 1560 2930 Α.
1609 2895 1669 2939 τὴν
1685 2895 1743 2929 alt.
1761 2907 1831 2930 om.
1848 2895 1894 2930 A.

320 2951 374 2983 13.
400 2942 663 2988 ὑπερισχύσασα
679 2944 723 2976 Α.
742 2943 1000 2989 ὑπερισχύουσα
1018 2942 1111 2977 Edd.
1283 2945 1409 2989 14.τῷ
1426 2954 1490 2988 pro
1506 2944 1545 2977 τὸ
1562 2942 1623 2976 iid.
1641 2942 1773 2976 correxi
1790 2954 1831 2976 ex
1850 2942 1892 2976 B.

320 2986 374 3021 16.
401 2988 533 3033 σκότει]
553 2991 665 3036 σκότω
682 2989 727 3023 Α.
842 2999 895 3035 Ι7.
922 2990 1084 3036 ἐγενησάς
1102 2989 1194 3025 Edd.
1212 2995 1292 3025 ante
1310 2990 1453 3046 Mlgne.
1559 2989 1612 3023 18.
1636 2989 1696 3023 τὸν
1712 3000 1782 3024 om.
1801 2987 1893 3024 Edd.

317 3044 374 3075 24.
399 3036 531 3078 μᾶλλον
547 3036 584 3070 δέ
603 3024 836 3082 διακείσομαι
829 3049 968 3072 lnverso
985 3037 1105 3072 ordine
1124 3037 1165 3072 B.
1358 3046 1413 3082 25.
1439 3035 1600 3082 ἠνέγκατο
1617 3035 1661 3071 Α.
