2021 3434
124 217 162 243 v.
188 212 339 256 25—27.
584 204 657 244 IN
699 204 891 245 AMOS.
951 204 1100 244 TOM.
1133 203 1218 243 111.
1611 201 1693 241 473

125 311 230 365 τοὺς
261 312 317 380 ἐξ
347 312 538 377 αἵματος
572 314 772 379 Ἰσραήλ
808 322 834 343 “
857 314 1129 377 Μεμίσηκα,
1155 312 1380 372 ἀπῶσμαι
1416 308 1499 362 τὰς*
1535 305 1695 372 ἑορτὰς
1756 321 1862 361 supra

124 399 152 421 “
179 394 324 456 ὑμῶν,
366 397 440 445 καὶ
483 396 535 445 οὐ
573 395 636 459 μὴ
679 397 938 463 ὀσφρανθῶ
975 396 1023 445 ἐν
1061 398 1161 447 ταῖς
1197 391 1516 457 πανηγύρεσιν
1555 391 1693 452 ὑμῶν·
1755 374 1890 438 ζῖῗ’ῃ’

124 482 150 504 “
177 474 291 526 διότι
343 479 416 526 καὶ
465 477 545 527 ἐὰν
596 478 812 543 ἐνέγκητέ
854 500 931 537 μοι
980 475 1345 537 ὁλοκαυτώματα
1407 474 1482 523 καὶ
1532 471 1697 524 θυσίας

124 565 151 587 “
179 560 321 622 ὑμῶν,
375 562 428 610 οὐ
477 561 801 629 προσδε’ξομαι
849 559 980 622 αὐτὰ,
1024 561 1098 610 καὶ
1150 559 1385 623 σωτηρίου
1432 555 1699 624 ἐπιφανείας

83 654 105 692 5
125 647 152 669 “
178 642 307 704 ὑμῶν
346 644 427 692 οὐκ
467 642 833 711 ἐπιβλε’ψομαι.”
899 643 974 693 ἵνα
1000 641 1092 707 γὰρ
1124 641 1344 709 φαίνηται
1367 638 1592 691 σεσωκὼς
1619 638 1699 687 αὐ-

125 721 204 776 τὸς
237 724 294 792 ἐξ
322 725 436 777 ἰδίας
470 725 751 791 ἡμερότητος
785 724 867 775 τὸν
897 723 1111 790 Ἰσραὴλ,
1150 725 1222 772 καὶ
1261 726 1319 788 τῇ
1357 725 1450 771 τῶν
1486 720 1700 784 πατέρων

125 804 284 873 μνήμῃ
335 805 486 860 διδους
526 807 607 857 τὸν
651 809 723 857 ἐπὶ
768 807 940 859 τέκνοις
985 806 1128 866 ἔλεον,
1172 805 1246 854 καὶ
1296 804 1349 853 οὐ
1399 806 1577 852 θυσιῶν
1622 803 1701 851 ἀν-

126 885 331 938 τε’κτισιν
374 891 447 939 καὶ
492 890 727 942 οὶονείπως
768 888 1066 951 ἀντιμισθίαν
1116 885 1168 937 τὸ
1216 888 1375 951 χρῆμα
1416 883 1701 946 ποιούμενος,

128 971 278 1036 φησὶν
303 971 577 1036 ἀναγκαίως,
606 973 666 1024 ὡς
693 970 770 1033 ε”τη
802 969 885 1032 μὲν
913 968 1284 1019 διατετελέκασιν
1311 967 1392 1016 οὐκ
1418 965 1558 1030 ὀλίγα
1585 964 1704 1015 κατὰ

62 1079 109 1103 10
128 1050 213 1115 τὴν
246 1052 428 1118 ἔρημον.
493 1054 567 1103 καὶ
599 1051 752 1119 τροφὴ
790 1050 874 1113 μὲν
915 1049 972 1114 ἧν
1014 1048 1068 1101 τὸ
1106 1049 1259 1113 μάννα
1297 1049 1461 1109 αὐτοῖς,
1495 1046 1704 1112 ἐβάδιζον

128 1132 176 1183 δὲ
209 1133 405 1201 νεφέλης
441 1131 604 1187 αὐτοὺς
638 1132 994 1198 ἐπισκιαῷύσης
1029 1131 1210 1198 ἡμέρας,
1238 1133 1312 1181 καὶ
1345 1129 1527 1180 στύλου
1558 1127 1741 1195 πυρὸςθ

128 1214 214 1279 τὴν
240 1215 395 1268 νύκτα.
461 1219 535 1267 καὶ
561 1216 715 1280 ἡγεῖτο
745 1214 829 1278 μὲν
858 1215 886 1278 ἡ
913 1214 1108 1276 κιβωτὸς
1143 1218 1203 1266 εἷς
1241 1213 1388 1264 τύπον
1427 1215 1564 1273 Θεοῦ,
1589 1234 1706 1277 προ-

128 1300 387 1366 βαδίζουσα
418 1302 493 1350 καὶ
527 1299 941 1363 κατασκεπτομένη
975 1297 1120 1351 τόπον
1146 1300 1298 1351 αὐτοῖς
1324 1300 1399 1348 καὶ
1425 1296 1703 1347 ἀνάπαυσιν·
1766 1293 1870 1377 ΞἙῙ]

129 1382 177 1431 ἐν
208 1382 354 1450 ἐνδείᾳ
392 1381 439 1432 δὲ
475 1381 831 1446 καθεστήκεσαν
864 1385 956 1431 τῶν
990 1381 1254 1447 ἀναγκαίων
1292 1379 1487 1441 οὐδενὸς,
1528 1377 1708 1429 ὑδάτων

65 1480 111 1518 15
130 1464 283 1517 αὐτοῖς
309 1462 548 1527 ἀδοκήτων
574 1462 936 1529 ἐκρηγνυμένων,
961 1461 1229 1514 πιπτόντων
1253 1462 1445 1528 ἐχθρῶν.
1503 1462 1577 1510 καὶ
1603 1460 1708 1511 τού-

130 1568 224 1596 των
250 1545 470 1596 ἀπάντων
490 1544 759 1611 γινομένων,
788 1543 893 1598 τοὺς
926 1543 1008 1608 μὲν
1035 1547 1139 1611 περὶ
1171 1548 1265 1595 τῶν
1289 1547 1466 1594 θυσιῶν
1497 1543 1709 1609 ἐδέχοντο

132 1626 313 1692 νόμους,
340 1627 509 1691 ἤκουον
543 1626 592 1678 δὲ
626 1630 844 1695 πανταχῆ
879 1629 952 1678 καὶ
983 1619 1054 1695 ἐφ’
1083 1626 1268 1695 ἑκάστῳ
1294 1624 1437 1692 τυχὸν
1461 1629 1554 1676 τῶν
1580 1629 1705 1675 τεθε-
1769 1623 1898 1706 {³51⁰ssss

132 1710 425 1774 σπισμένων,
453 1709 615 1761 “Ἐάν
654 1709 701 1760 δὲ
735 1710 969 1777 εἰσαγάγῃ
1008 1732 1066 1760 σε
1106 1708 1276 1774 Κύριος
1312 1710 1336 1758 ὁ
1371 1706 1490 1760 Θεός
1523 1729 1614 1757 σου
1648 1710 1710 1759 εἷς
1770 1711 1930 1785 ἓξὲξ·

133 1799 160 1821 “
186 1791 272 1855 τὴν
297 1794 401 1857 γῆν,
427 1790 485 1856 ἢν
510 1788 668 1856 ὤμοσε
702 1797 798 1845 τοῖς
822 1790 1032 1857 πατράσι
1056 1814 1146 1841 σου
1172 1790 1333 1841 δοῦναί
1355 1790 1472 1851 σοι,”
1500 1789 1711 1852 ποιήσεις
1728 1813 1750 1837 a
1773 1778 1868 1837 309’
1879 1802 1931 1836 A.

69 1899 117 1924 20
134 1879 271 1926 τοῦτο
306 1875 498 1937 κάκεῖνο,
536 1874 811 1941 προσοίσεις
846 1873 893 1924 δὲ
931 1876 1006 1924 καὶ
1045 1872 1211 1928 Θυσίας.
1275 1873 1440 1923 οὐκοῦν
1477 1873 1525 1922 ἐν
1558 1871 1711 1941 χρόνῳ

135 1961 588 2021 τεσσαρακονταετεῖ
615 1958 720 2007 καθ’
747 1955 801 2007 ὃν
831 1955 956 2020 ἦσαν
990 1957 1038 2006 ἐν
1071 1959 1128 2023 τῇ
1163 1954 1332 2024 ἐρήμῳ,
1356 1957 1604 2021 προσῆγον
1631 1952 1714 2017 μὲν

136 2036 315 2091 ἑκόντες
350 2039 530 2100 θυσίας,
562 2038 768 2106 ἐξῃτεῖτο
807 2037 854 2089 δὲ
893 2039 1038 2091 οὐδεὶς
1077 2038 1352 2103 ἀναγκαίως.
1421 2037 1529 2087 ἀλλ’
1558 2035 1615 2100 ἧν
1652 2039 1713 2089 εἷς

137 2119 405 2183 ἀνάβλησιν
442 2119 495 2170 τὸ
530 2123 687 2187 χρῆμα
726 2121 892 2182 αὐτοῖς,
932 2120 1065 2187 ἄχρις
1106 2117 1163 2169 ἂν
1201 2118 1497 2169 εἷσελάσειαν
1535 2122 1595 2170 εἷς
1631 2116 1715 2180 τὴν

138 2205 241 2267 γῆν,
269 2199 354 2265 τὴν
392 2207 487 2256 τοῖς
525 2203 763 2267 πατράσιν
798 2202 1163 2268 ἐπηγγελμένην.
1221 2200 1443 2268 ταύτῃτοί
1481 2204 1603 2267 φησι
1640 2208 1714 2259 Mn

72 2310 120 2348 25
140 2284 330 2354 σφάγια
369 2291 445 2335 καὶ
487 2283 638 2338 θυσίας
678 2285 1011 2352 προσηνέγκατέ
1043 2309 1119 2352 μοι
1161 2285 1197 2334 ἐν
1235 2287 1284 2356 τῇ
1324 2284 1458 2351 ἐρήμῳ
1497 2282 1715 2350 τεσσαρά-

143 2390 273 2418 κοντα
311 2366 392 2429 ἔτη,
427 2365 542 2422 οἶκος
567 2370 775 2435 Ἰσραήλ,
817 2366 938 2432 λέγει
981 2366 1139 2433 Κύριος.
1207 2366 1315 2414 ἀλλ’
1344 2363 1573 2429 ἐσώζοντο
1611 2363 1715 2414 τότε

192 2503 222 2525 1.
247 2491 405 2534 ἀπῶσμαι
423 2498 643 2528 assummum
660 2503 702 2524 ex
720 2491 809 2524 AB.
970 2500 1047 2533 2—5.
1076 2490 1171 2524 Haec
1189 2490 1241 2522 καὶ
1259 2490 1297 2522 οὐ
1314 2488 1465 2532 μὴ-οὗκ
1483 2488 1717 2533 ἐπιβλέψομαι

143 2545 361 2572 accesserunt
378 2550 419 2571 ex
433 2538 474 2571 A.
527 2537 625 2574 Quae
644 2543 838 2582 sequuntur
856 2537 981 2582 partim
999 2537 1148 2570 citantur
1166 2537 1201 2569 in
1221 2536 1351 2569 Catena
1367 2536 1402 2568 in
1417 2536 1504 2569 Acta
1517 2534 1581 2569 SS.
1593 2535 1717 2580 Apost.

144 2597 164 2619 a
178 2584 344 2619 Cramero
358 2584 459 2625 edita,
474 2585 572 2629 cujus
587 2584 732 2618 Codices
751 2584 886 2628 signavi
900 2596 917 2617 c
932 2587 965 2616 et
979 2583 1000 2616 d
1013 2589 1051 2617 ut
1069 2595 1173 2627 supra
1184 2595 1217 2627 p.
1232 2592 1299 2627 335
1315 2582 1441 2615 notavi.
1550 2592 1582 2625 5.
1602 2584 1719 2618 σώσας

145 2644 175 2665 c.
190 2631 223 2664 d.
241 2631 349 2664 invito
366 2630 410 2664 A.
462 2630 586 2665 Statim
604 2631 703 2665 αὐτὸς
720 2642 789 2664 om.
810 2630 851 2664 B.
951 2641 980 2675 7.
1007 2629 1114 2673 μνήμῃ
1132 2641 1201 2662 om.
1220 2629 1264 2663 A.
1360 2629 1393 2663 8.
1423 2629 1617 2672 ἁντιμισθία
1635 2641 1665 2663 c.
1685 2629 1719 2662 d.

144 2680 283 2723 πρᾶγμα
300 2689 361 2721 pro
378 2679 491 2721 χρῆμα
510 2689 538 2711 c.
559 2677 592 2710 d.
902 2688 953 2710 ΙΙ.
980 2677 1091 2711 αὐτοῖς
1108 2677 1152 2709 A.
1450 2686 1501 2719 13.
1526 2676 1606 2719 αὐτῇ
1627 2675 1719 2710 Edd.

150 2736 202 2767 14.
229 2722 456 2766 καθεστήκασι
474 2723 564 2757 Edd.
582 2724 697 2757 invitis
716 2723 804 2757 A.B.
966 2732 1018 2767 15.
1043 2721 1254 2767 ῥηγνυμένων
1273 2722 1314 2755 Β.
1470 2733 1523 2766 17.
1548 2725 1720 2767 πανταχοῦ

147 2770 240 2806 Edd.
258 2770 374 2804 invitis
392 2770 483 2804 AB.
717 2781 771 2803 20.
798 2770 851 2803 καὶ
868 2776 1087 2813 assumptum
1107 2781 1147 2802 ex
1165 2769 1254 2803 AB.
1468 2780 1523 2802 21.
1548 2783 1720 2814 τεσσαρα-

147 2819 314 2852 κονταετεῐ
333 2816 373 2850 Β.
386 2829 415 2851 c.
429 2816 462 2849 d.
481 2816 802 2861 τεσσαρακονταέτει
819 2816 861 2849 Α.
879 2817 1134 2860 τεσσαράκοντα
1152 2816 1233 2850 ἐτῶν
1250 2815 1341 2849 Edd.
1508 2826 1562 2849 22.
1589 2817 1720 2852 ἑκόντες

148 2864 268 2899 θυσίας
291 2863 358 2898 hoc
383 2863 504 2898 ordine
529 2864 571 2897 A.
595 2875 624 2897 c.
649 2862 682 2896 d.
749 2862 873 2897 Statim
903 2862 1050 2905 ἐξῃτεῖτο
1080 2863 1122 2896 A.
1147 2862 1298 2907 ἐξηγεῖτο
1328 2862 1407 2904 (Sic)
1427 2873 1455 2895 C.
1475 2861 1509 2895 d.
1540 2861 1645 2906 ἐζήτει
1675 2863 1720 2897 Β.

148 2910 243 2946 Edd.
638 2919 691 2953 25.
718 2910 851 2955 σφάγια
870 2909 960 2942 A.ss.
979 2921 1008 2942 C.
1022 2909 1055 2942 d.
1076 2910 1215 2953 σφαγὰς
1233 2909 1323 2942 Edd.
1389 2909 1483 2942 Haec
1501 2909 1536 2942 ἐν
1552 2912 1590 2953 τῇ
1610 2908 1720 2955 ἐρήμῳ

150 2963 330 3002 assumpta
347 2969 388 2990 ex
408 2956 449 2990 B.
469 2956 596 2990 desunt
612 2957 647 2990 in
666 2957 709 2990 A.
877 2956 930 2989 26.
956 2956 1049 3001 λέγει
1068 2955 1189 3000 Κύριος
1206 2967 1275 2989 om.
1297 2956 1337 2989 B.
1391 2955 1469 2990 Hoc
1486 2957 1561 2990 τότε
1579 2957 1723 2991 accessit

151 3050 192 3072 ex
210 3038 254 3071 A.
269 3050 298 3072 c.
312 3037 345 3071 d.
365 3025 569 3079 εσώζονέῖτε
586 3038 628 3071 A.
681 3036 803 3070 statim
822 3036 882 3080 μέν
899 3035 978 3070 add.
995 3036 1085 3071 Edd.
1104 3036 1219 3070 invitis
1239 3037 1321 3069 A.c.
1335 3035 1368 3070 d.

209 3105 301 3133 VOL.
326 3106 355 3132 Ι.
912 3105 926 3124 1>
955 3104 973 3130 p

906 3111 928 3145 ζ)
