2021 3434
333 190 418 230 398
726 193 773 233 Β,
817 192 1093 232 CYRILLI
1135 191 1515 232 ALEXANDR.
1742 189 1783 228 ii.
1812 200 1902 241 1-3·

332 303 359 326 “
385 296 499 351 λαός
529 320 634 361 μου,
662 301 724 353 ὡς
757 302 799 349 οἱ
834 299 967 350 ἵπποι
998 322 1088 350 σου
1122 303 1163 350 οἱ
1200 300 1335 351 ἵπποι
1372 323 1475 363 μου.
1538 301 1613 349 καὶ
1650 296 1746 349 εἶπε
1780 297 1905 365 Ποία

332 386 359 406 “
386 379 478 446 ὁδῷ
504 381 665 440 ἀναβῶ
685 402 697 442 ;
734 383 809 431 καὶ
835 379 959 432 εἶπεν
981 381 1128 432 εΟδὸν
1154 383 1324 448 ἔρημον
1345 382 1522 443 Ἐδώμ.
1577 383 1651 431 καὶ
1682 378 1905 445 ἐπορεύθη

332 466 360 488 “
386 461 411 510 ὁ
435 460 665 522 βασιλεὺς
690 462 892 529 Ἰσραὴλ
923 464 998 513 καὶ
1033 464 1058 513 ὁ
1087 463 1317 524 βασιλεὺς
1340 463 1495 514 Ἰούδα
1521 464 1596 514 καὶ
1627 464 1652 513 ὁ
1677 459 1906 523 βασιλεὺς

332 548 360 570 “
381 540 556 606 Ἐδὼμ,
601 545 676 594 καὶ
720 543 996 595 ἐκύκλωσαν
1039 544 1147 596 ὁδὸν
1192 545 1309 597 ἑπτὰ
1351 545 1544 611 ἡμερῶν·
1593 547 1667 594 καὶ
1718 543 1800 594 οὐκ
1849 540 1907 606 ἧν

335 630 360 653 “
389 625 510 690 ὕδωρ
543 629 601 692 τῇ
633 629 916 694 παρεμβολῇ
952 629 1027 677 καὶ
1064 632 1159 682 τοῖς
1198 628 1386 691 κτήνεσι
1423 631 1519 680 τοῖς
1552 628 1601 677 ἐν
1634 629 1728 678 τοῖς
1763 625 1908 676 ποσὶν
1928 642 1949 681 5

334 714 360 736 “
385 708 582 758 αὑτῶν.”
648 708 775 774 ἄθρει
814 707 870 772 δὴ
905 709 986 759 οὖν
1024 709 1150 764 ὅπως
1188 708 1507 775 συνωπλίζετο
1532 713 1626 762 τοῖς
1652 710 1908 767 βασιλεῦσι

335 791 408 838 καὶ
447 789 472 839 ὁ
511 787 740 849 βασιλεὺς
770 788 945 854 Ἐδωμ,
985 791 1199 842 τουτέστι
1235 794 1316 856 τῆς
1351 791 1627 854 Ἰδουμαίας·
1670 787 1823 851 ἐπειδὴ
1861 785 1909 837 δὲ

334 869 460 936 ἦσαν
496 872 674 922 ὑδοίτων
713 874 761 923 ἐν
798 873 982 935 σπάνει,
1020 874 1369 938 μετεπέμποντο
1403 872 1484 923 τὸν
1521 871 1748 937 μακάριον
1785 892 1905 937 προ-

335 951 491 1021 φήτην
524 954 823 1016 Ἐλισσαῖον,
859 958 933 1005 καὶ
970 955 1264 1022 παρεκάλουν
1302 957 1492 1019 δοθῆναι
1528 952 1658 1020 παρὰ
1695 956 1819 1004 Θεοῦ
1856 951 1910 1003 τὸ

336 1033 626 1100 ζητούμενον.
681 1036 734 1087 οὗ
760 1035 815 1100 δὴ
841 1036 1100 1103 γεγονότος,
1121 1038 1318 1102 ἥλωσαν
1346 1041 1612 1097 Μωαβῖται·
1651 1034 1911 1102 γέγραπται
1934 1053 1980 1079 10

118 1120 206 1199 2ἒὲ
218 1119 269 1199 Affl
299 1116 430 1184 aydap
453 1117 557 1181 μεθ’
587 1116 719 1184 ἕτερα
749 1119 895 1170 πάλιν
922 1126 948 1148 “
971 1121 1063 1170 Καὶ
1088 1119 1290 1186 Ἰσραὴλ
1321 1119 1592 1183 ἀνέστησαν
1629 1120 1704 1169 καὶ
1742 1115 1913 1168 ἐπάτα-

117 1182 168 1251 ἓ4,
190 1180 237 1252 2g5
273 1193 278 1199 ¹
340 1207 366 1230 ‘⁶
393 1200 481 1269 ξαν
515 1200 600 1264 τὴν
636 1200 812 1263 Μωὰβ,
852 1203 927 1252 καὶ
969 1201 1146 1270 ε”φυγον
1184 1201 1277 1252 ἀπὸ
1315 1201 1576 1268 προσώπου
1614 1201 1781 1250 αὐτῶν.
1838 1200 1913 1250 καὶ

338 1288 365 1311 “
394 1285 619 1346 εἰσῆλθον
664 1282 1040 1349 εἰσπορευόμενοι
1092 1287 1166 1334 καὶ
1206 1284 1455 1338 τύπτοντες
1498 1281 1583 1347 τὴν
1624 1280 1799 1345 Μωὰβ,
1839 1282 1914 1332 καὶ

338 1371 366 1393 “
390 1363 472 1417 τὰς
506 1363 667 1418 πόλεις
706 1369 937 1428 καθεῖλον,
970 1368 1046 1416 καὶ
1085 1371 1249 1417 πᾶσαν
1292 1366 1455 1432 μερίδα
1493 1364 1675 1431 ἀγαθὴν
1714 1364 1914 1432 ἐβριψαν

338 1452 365 1475 “
391 1445 508 1512 ἀνὴρ
546 1445 629 1497 τὸν
665 1447 801 1497 λίθον
839 1447 981 1498 αὐτοῦ
1022 1450 1097 1498 καὶ
1136 1448 1405 1512 ἐνέπλησαν
1443 1446 1600 1511 αὐτὴν,
1639 1448 1713 1497 καὶ
1750 1450 1914 1497 πᾶσαν
1935 1463 2015 1503 15·

337 1534 366 1557 “
391 1527 551 1594 πηγὴν
623 1530 789 1583 ὕδατος
860 1528 1137 1598 ἐνέφραξαν,
1207 1531 1282 1580 καὶ
1350 1534 1446 1581 πᾶν
1521 1529 1669 1598 ξύλον
1735 1525 1914 1594 ἀγαθὸν
1998 1519 2000 1522 ‚

338 1618 364 1640 ‘⁶
391 1611 655 1670 κατέβαλον
698 1611 781 1664 ἕως
831 1616 915 1662 τοῦ
965 1616 1238 1663 καταλιπεῖν
1280 1611 1386 1666 τοὺς
1432 1612 1590 1664 λίθους
1632 1616 1714 1662 τοῦ
1732 1630 1736 1633 ’
1757 1610 1915 1677 τοίχου

336 1698 364 1721 “
389 1691 782 1760 καθῃρημένους.”
845 1694 1172 1758 ἐπιμηνιῶντες
1215 1695 1369 1745 τοίνυν
1414 1696 1455 1745 οἱ
1502 1693 1594 1745 ἀπὸ
1638 1691 1801 1754 Μωὰβ
1845 1691 1916 1743 ὅτι

337 1774 601 1839 νενικήκασι
639 1773 758 1825 κατὰ
795 1773 979 1842 καιροὺς
1018 1778 1059 1826 οἱ
1096 1776 1153 1845 ἐξ
1174 1774 1394 1842 Ἰσραὴλ,
1424 1776 1737 1840 ἐπαμύνοντος
1763 1775 1916 1828 αὐτοῖς

337 1859 413 1908 καὶ
460 1855 805 1926 συνεξάγοντος
848 1863 930 1908 τοῦ
973 1857 1214 1918 βασιλέως
1258 1857 1430 1921 Ἐδὼμ,
1481 1855 1635 1921 ἐπειδὴ
1685 1861 1915 1908 τεθνεῶτα
1935 1858 2009 1902 20:

338 1944 502 1991 λυπεῖν
536 1940 616 1990 οὐκ
654 1937 778 2007 εἶχον
811 1940 988 2005 ἑτέρως,
1014 1939 1475 2004 πεπλημμελήκασιν
1500 1943 1563 1994 εἷς
1590 1939 1644 1990 τὸ
1671 1940 1915 2007 λείψανον,

337 2024 447 2088 πυρὶ
493 2024 790 2076 δαπανῶντες
834 2021 960 2084 αὐτὸ,
1007 2024 1082 2072 καὶ
1129 2022 1245 2086 μηδὲ
1297 2022 1477 2073 ὀστέων
1524 2021 1590 2073 ε”τι
1640 2021 1915 2091 φειδόμενοι,

336 2106 665 2172 προστιθέντες
703 2104 751 2155 δὲ
788 2103 950 2170 ὥσπερ
990 2104 1351 2170 ὠλοθρευμένοις
1388 2109 1482 2158 τοῖς
1520 2104 1577 2173 ἐξ
1595 2103 1798 2171 Ἰσραὴλ
1834 2102 1916 2155 τὸν

337 2188 579 2253 ἐπίκουρον
616 2187 770 2241 αὐτοῖς
803 2185 1032 2252 γεγονότα
1071 2185 1190 2237 κατὰ
1229 2186 1427 2253 καιρούς.
1497 2187 1662 2237 οὐκοῦν
1696 2187 1912 2250 ἐμπρησ-
2004 2255 2007 2260 ι

340 2268 575 2333 θήσεσθαι
602 2267 684 2322 τὰς
709 2267 871 2322 πόλεις
897 2269 1064 2327 αὐτῶν,
1092 2270 1167 2318 καὶ
1193 2267 1358 2322 αὐτοὺς
1386 2267 1440 2319 δέ
1458 2273 1609 2337 φησιν
1635 2270 1916 2320 ἀπολεῖσθαι
1936 2271 2001 2346 25ζ

296 2355 322 2396 b
341 2352 377 2402 ἐν
403 2347 645 2422 ἀδυναμίᾳ,
671 2351 724 2401 οὐ
750 2348 878 2420 νόσῳ
901 2350 1277 2416 μαραινομένους,
1304 2350 1407 2401 οὐδὲ
1442 2355 1541 2404 ταῖς
1571 2354 1742 2403 κοιναῖς
1775 2351 1916 2401 ἀσθε-

340 2434 476 2487 νείαις
513 2431 879 2499 ἐντετηγμένους,
922 2432 1052 2482 ἀλλὰ
1096 2433 1216 2501 μετὰ
1263 2431 1454 2502 κραυγῆς
1500 2438 1577 2484 καὶ
1619 2430 1738 2500 lue-co}
1775 2431 1917 2501 φωνῆς

388 2581 420 2614 3.
445 2569 556 2604 Ἰούδα
573 2575 606 2604 et
622 2569 763 2614 Ἰσραὴλ
781 2570 870 2604 inter
887 2582 923 2605 se
939 2576 1071 2616 transp.
1091 2570 1182 2605 Edd.
1201 2570 1318 2605 invitis
1336 2570 1426 2605 A.B.
1439 2570 1474 2605 b.
1641 2569 1720 2613 4—6.
1750 2569 1845 2604 Haec
1863 2570 1916 2604 καὶ

339 2616 782 2661 ἐκύκλωσαν-παρεμβολῃ
802 2618 855 2651 καὶ
871 2618 938 2662 (καὶ
952 2630 1022 2652 om.
1036 2619 1096 2660 A.)
1114 2620 1184 2654 τοῖς
1197 2617 1285 2661 κτὴν.
1304 2632 1333 2652 τ.
1351 2618 1387 2652 ἐν
1403 2632 1434 2652 τ.
1451 2617 1556 2652 ποσὶν
1572 2617 1680 2651 αὐτῶν
1697 2623 1916 2651 accesserunt

339 2675 380 2696 ex
399 2664 490 2698 A.B.
623 2675 654 2708 7.
681 2665 733 2697 καὶ
751 2676 819 2697 om.
839 2664 882 2698 A.
1019 2665 1051 2698 8.
1077 2665 1206 2699 ὑδάτων
1222 2671 1301 2709 post
1319 2666 1439 2698 σπάνει
1456 2672 1497 2698 tr.
1516 2665 1558 2698 A.
1609 2663 1735 2698 Statim
1752 2663 1915 2707 μετεπέμ-

339 2724 420 2743 πετο
438 2711 480 2744 Α.
531 2711 628 2745 Haec
644 2712 805 2756 μακάριον
821 2710 1000 2755 προφήτην
1016 2717 1197 2756 assumpta
1213 2723 1254 2745 ex
1272 2711 1363 2745 AB.
1613 2722 1646 2755 9.
1672 2709 1852 2745 Ἐλισσεαὶ
1870 2711 1914 2744 Α.

344 2758 464 2791 10-18.
489 2757 675 2802 γέγραπται
691 2756 774 2803 γὰρ]
794 2758 879 2791 καθὰ
894 2757 991 2803 γέγρ.
1011 2758 1102 2792 Edd.
1155 2758 1252 2795 Quae
1270 2764 1465 2804 sequuntur
1482 2769 1593 2804 usque
1610 2757 1653 2791 ad
1671 2756 1916 2801 καθῃρημένους

342 2802 468 2837 desunt
484 2804 520 2837 in
539 2803 631 2839 Edd.
834 2815 886 2839 12.
903 2805 963 2848 τὴν
980 2804 1108 2850 Μωὰβ]
1128 2805 1186 2839 τὸν
1202 2810 1249 2839 Μ.
1267 2805 1320 2839 bis
1340 2805 1381 2838 B.
1621 2805 1673 2838 16.
1699 2803 1758 2847 τὴν
1773 2804 1837 2849 γὴν
1852 2814 1915 2848 pro

341 2850 449 2893 πηγὴν
467 2851 546 2893 (Sic)
565 2851 608 2885 A.
801 2861 853 2896 17.
879 2850 1012 2895 τείχους
1029 2852 1073 2885 Α.
1252 2862 1307 2886 20.
1333 2851 1522 2886 τεθνεώτων
1538 2850 1630 2885 Edd.
1647 2850 1765 2885 invitis
1782 2849 1914 2886 A.B.b.

345 2905 398 2928 22.
424 2897 503 2930 αὐτὸ
523 2897 564 2931 Β.
579 2897 614 2932 b.
633 2904 678 2939 et,
696 2909 794 2932 eraso
811 2913 838 2938 ν,
856 2897 899 2932 Α.
917 2898 1018 2933 αὐτὸν
1035 2897 1127 2932 Edd.
1177 2897 1305 2932 ὀστέων
1322 2898 1365 2932 Α.
1377 2898 1411 2932 b.
1430 2898 1542 2932 ὀστῶν
1560 2897 1650 2932 Edd.
1779 2908 1834 2940 24.
1859 2911 1916 2942 γε·

342 2943 464 2984 γονότα
481 2954 550 2976 om.
570 2944 613 2977 A.
779 2954 833 2990 25.
859 2945 949 2990 φησὶ
967 2951 1047 2979 ante
1063 2945 1122 2981 τὰς
1137 2947 1254 2981 πόλεις
1271 2950 1402 2990 transp.
1422 2944 1512 2980 Edd.
1683 2954 1739 2990 27.
1763 2943 1915 2989 ἐκτετηγ-

342 2986 460 3029 μένους
476 2988 535 3023 iid.
554 2990 669 3024 invitis
688 2991 777 3025 A.B.
1255 3013 1257 3015 ·
