2021 3434
340 192 422 231 558
729 195 778 235 Β.
821 195 1098 235 CYRILLI
1139 195 1520 236 ALEXANDR.
1747 207 1814 243 20,
1839 206 1904 236 21.

295 339 316 365 ο
400 325 686 374 ἀναβήσονται
717 326 870 384 ἄνδρες
909 329 1169 377 σεσωσμένοι
1205 329 1249 372 ἐξ
1287 329 1413 385 ὄρους
1445 329 1558 370 Σιὼν
1585 335 1658 371 τοῦ
1684 330 1905 371 ἐκδικῆσαι

2019 2 2021 20 Ι

2019 24 2021 52 ι

2018 122 2021 165 Ι

2019 171 2021 193 ί

400 408 448 449 τὸ
473 408 574 465 ὄρος
600 409 648 451 τὸ
667 410 820 462 Ἠσαῦ,
848 412 916 452 καὶ
941 412 1059 454 ἔσται
1085 414 1146 467 τῷ
1175 412 1312 470 Κυρίῳ
1331 413 1353 455 ιῗι
1382 412 1587 463 βασιλεία.
2016 385 2021 515 ἔ

408 531 699 581 Μετοικεσίαν
733 531 892 582 ἐνθάδε
927 534 1050 601 φησὶ
1082 532 1188 586 τοὺς
1218 534 1267 584 ἐκ
1300 535 1382 597 τῆς
1406 531 1732 598 Ἰερουσαλὴμ,
1763 531 1908 597 ἠ’γουν
2015 518 2021 615 Ξ

332 611 414 671 τῆς
447 611 672 666 Ἰουδαιας
710 613 899 678 ἁπάσης
933 619 995 668 εἰς
1027 618 1295 675 Βαβυλῶνα
1327 613 1709 685 μετωκισμένους.
1772 613 1908 682 αρχην
2014 618 2021 711 ἔ

333 690 381 741 δὲ
405 693 557 743 αὐτῶν
583 694 783 746 ἔσεσθαί
805 701 927 764 φησι
960 696 1043 748 τὸν
1078 695 1166 748 ὑπο
1201 698 1330 765 χεῖρά
1367 721 1416 748 τε
1455 700 1530 748 καὶ
1555 697 1821 766 ἐξουσίαν’
1799 697 1905 748 εσό-
1927 712 1949 749 5
2014 721 2020 751 ι

331 797 469 835 μενον
512 779 703 842 κλῆρον·
747 777 843 829 οἷον
880 781 942 832 ὡς
983 779 1026 830 εἰ’
1057 802 1125 833 τις
1168 779 1237 831 ἐπ’
1276 780 1502 847 ἄρχοντος
1540 780 1665 846 λέγει
1702 778 1787 844 τὴν
1824 785 1906 831 τοῦ

331 857 476 910 δεῖνος
509 858 653 925 τυχὸν
690 859 853 927 ἀρχήν.
918 861 1050 912 ἐσται
1084 862 1238 912 τοίνυν
1271 864 1393 930 φησι
1433 866 1527 915 τοῖς
1564 861 1713 913 πάλαι
1750 885 1900 931 μετῳ-

331 938 565 1001 κισμένοις
604 944 719 1008 ἀρχή
756 965 805 993 τε
838 945 913 993 καὶ
944 946 1117 1010 κλῆρος
1153 944 1180 1007 ἡ
1212 943 1271 1009 ’γῆ
1295 943 1372 995 τῶν
1398 947 1666 995 Χαναναίων·
1709 945 1830 1010 φησὶ
1857 942 1905 994 δὲ

285 1028 312 1068 d
331 1019 416 1084 τὴν
449 1020 694 1087 Ἀραβίαν,
738 1027 812 1075 καὶ
865 1025 941 1078 ἕως
981 1025 1230 1093 Σαρεπτῶν,
1271 1026 1368 1090 ἥτις
1409 1027 1511 1077 ἐστὶ
1548 1028 1629 1090 τῆς
1669 1025 1904 1087 Σιδωνίας,

329 1102 404 1152 ἵνα
445 1102 520 1154 διὰ
567 1106 731 1157 τούτου
782 1105 866 1170 τὴν
917 1108 1145 1158 Φοινίκων
1193 1109 1365 1174 ε’ννοῇς.
1431 1106 1815 1174 παραταθήσεται
1858 1108 1975 1159 δεἸΟ
2008 1113 2013 1154 ,¹

330 1188 453 1251 φησι
479 1189 554 1237 καὶ
580 1185 659 1243 ἕως
683 1188 898 1258 Ἐφραθα,
927 1190 1072 1255 ἤγουν
1108 1193 1169 1244 ὡς
1201 1192 1432 1241 ἐκδέδοται
1464 1189 1591 1256 παρὰ
1622 1195 1715 1241 τῶν
1741 1191 1905 1257 ἑτέρων

329 1267 632 1333 ἑρμηνευτῶν,
659 1273 733 1321 καὶ
769 1272 904 1339 μέχρι
941 1272 1206 1338 Βοσπόρου,
1234 1272 1259 1323 ὅ
1293 1275 1408 1333 ἐστι,
1435 1272 1494 1323 τὰ
1533 1273 1785 1324 νοτιώτατα
1823 1276 1906 1337 τῆς

328 1346 387 1399 ἕω
422 1351 553 1415 με’ρη.
619 1351 897 1416 ποιήσονται
935 1355 990 1405 δέ
1022 1359 1171 1421 φησιν
1211 1356 1286 1424 ὑφ’
1315 1358 1489 1409 ἑαυτοῖς
1522 1358 1596 1405 καὶ
1630 1354 1713 1410 τας
1751 1355 1904 1411 πόλεις

327 1433 400 1481 τοῦ
429 1432 613 1496 Ναγέβ,
638 1435 850 1486 τουτέστι
877 1441 959 1486 τοῦ
985 1436 1134 1488 νότου.
1199 1437 1313 1487 ε”οικε
1348 1435 1395 1487 δὲ
1422 1437 1496 1488 διὰ
1531 1436 1707 1488 τούτων
1739 1438 1846 1501 ἡμῖν
1877 1439 1903 1488 ὁ

327 1513 473 1579 λόγος
511 1514 569 1565 τὰ
612 1517 784 1567 Ἰνδικὰ
823 1519 1186 1582 κατασημαίνειν
1227 1519 1351 1583 ἔθνη·
1409 1519 1677 1570 νοτιώτατοι
1724 1519 1818 1586 γὰρ
1861 1523 1901 1571 οἱ
1925 1539 1972 1578 15

325 1594 464 1647 Ἰνδοὶ
503 1599 577 1648 καὶ
616 1601 662 1649 αἱ
699 1599 877 1651 τούτων
914 1605 1074 1668 χῶραι.
1139 1600 1298 1665 ὅμοιον
1333 1601 1382 1652 δὲ
1421 1604 1481 1655 ὡς
1521 1605 1556 1652 εἰ
1595 1602 1902 1670 λέγοιιτυχόν

287 1700 309 1726 e
330 1678 497 1730 Πάντα
524 1681 675 1732 αὐτῶν
702 1682 834 1734 ε”σται
865 1682 1041 1749 πλήρη,
1067 1682 1126 1734 τὰ
1157 1683 1274 1750 πρὸς
1307 1683 1454 1746 νότον,
1481 1683 1539 1734 τὰ
1569 1683 1686 1750 πρὸς
1710 1687 1902 1752 βοῤῥᾶν,

325 1759 384 1811 τὰ
419 1761 537 1828 πρὸς
576 1763 649 1825 ἕω,
684 1764 742 1815 τὰ
780 1764 896 1831 πρὸς
935 1765 1084 1829 δυ’σιν,
1130 1769 1203 1817 καὶ
1245 1771 1408 1818 πᾶσαν
1446 1768 1610 1819 ἁπλῶς
1649 1768 1902 1836 καθέξουσι

325 1843 467 1894 πόλιν
491 1868 539 1895 τε
566 1849 639 1897 καὶ
666 1851 839 1914 χῶραν.
907 1849 955 1898 ἐν
990 1847 1038 1899 δὲ
1071 1852 1137 1918 τῷ
1174 1854 1251 1901 καὶ
1288 1851 1585 1908 ἀναβήσονται
1617 1847 1761 1919 ἄνδρες
1791 1851 1902 1900 ἀνα-

325 1931 661 1995 κεφαλαιοῦται
695 1929 870 1996 τρόπον
905 1929 1008 1980 τινὰ
1045 1933 1127 1994 τῆς
1162 1932 1450 1998 προφητείας
1486 1929 1569 1982 τὸν
1599 1931 1796 1984 σκοπόν.
1861 1936 1902 1984 οἱ
1923 1953 1971 1978 20
1999 1985 2003 1992 ,

323 2009 418 2078 γὰρ
459 2015 541 2076 τῆς
579 2012 686 2065 Σιὼν
723 2013 969 2081 οἰκήτορες,
1006 2018 1170 2083 φησὶν,
1206 2016 1559 2084 ανασεσωσμένοι
1597 2015 1726 2083 παρὰ
1758 2020 1899 2080 Θεοῦ,

324 2097 399 2144 καὶ
437 2093 496 2145 τὰ
533 2099 614 2160 τῆς
650 2098 977 2164 αἰχμαλωσίας
1016 2097 1344 2167 διαῤῥήξαντες
1370 2097 1537 2162 δεσμὰ,
1563 2098 1682 2150 κατὰ
1719 2098 1903 2165 καιροὺς

323 2181 620 2239 ἀναβήσονται
660 2183 732 2232 καὶ
768 2181 1052 2245 ποιήσουσιν
1085 2179 1312 2243 ἐκδίκησιν
1337 2186 1398 2237 εἰς
1430 2183 1475 2234 τὶ
1512 2185 1597 2253 ἔρος
1628 2189 1710 2235 τοῦ
1732 2184 1896 2235 ‘Ha-0⁶5.

101 2282 185 2316 363
202 2281 250 2316 A.
284 2292 304 2316 a
321 2262 681 2327 πεπολεμήκασι
712 2262 817 2330 γὰρ,
844 2265 905 2317 ὡς
937 2264 1069 2331 ἔφην,
1095 2264 1211 2330 πρὸς
1237 2263 1522 2328 Ἰδουμαιους
1545 2265 1662 2330 μετὰ
1688 2289 1794 2320 τους
1818 2269 1901 2330 τῆς

321 2346 651 2412 αἰχμαλωσίας
693 2369 890 2412 καιρους,
932 2348 1007 2397 καὶ
1047 2348 1388 2407 βεβασίλευκεν
1431 2349 1498 2398 ἐπ’
1545 2347 1709 2402 αὐτους
1748 2350 1772 2399 ὁ
1807 2353 1900 2400 τῶν
1920 2361 1998 2411 25¹

321 2425 448 2477 ὅλων
481 2427 616 2490 Θεος,
651 2428 797 2479 καίτοι
835 2428 986 2480 πάλαι
1024 2429 1078 2480 τὸ
1112 2432 1271 2497 χρῆμα
1305 2430 1677 2496 παρωθουμενος,
1709 2453 1784 2481 και
1818 2433 1901 2495 τῆς

319 2506 545 2562 Ἰουδαίας
598 2511 872 2579 ἀποφοιτῶν
923 2510 998 2562 διὰ
1053 2511 1138 2576 τὴν
1187 2510 1473 2564 ἀπόστασιν.
1556 2512 1900 2579 λελατρεύκασι

320 2588 413 2656 γὰρ
457 2592 677 2656 εἰδώλοις,
717 2595 792 2644 καὶ
829 2599 929 2647 ταῖς
964 2593 1198 2658 δαμάλεσι
1236 2599 1335 2648 ταῖς
1371 2599 1583 2662 χρυσαῖς.
1659 2594 1813 2660 ἐπειδὴ
1851 2593 1900 2646 δὲ

387 2775 417 2798 1.
446 2765 564 2808 ἇνδρες
585 2765 801 2810 σεσωσμένοι
828 2766 868 2800 Β.
894 2766 1008 2810 (Alex.
1035 2767 1108 2801 XII
1135 2767 1194 2802 sed
1221 2768 1325 2812 corr.)
1348 2767 1595 2811 ἀνασωζόμενοι
1620 2767 1712 2802 Edd.
1734 2767 1834 2813 (Vat.
1857 2768 1899 2813 N)

321 2822 354 2855 9.
371 2810 557 2857 Ἀῤῥιιβίιιν
571 2812 614 2848 Β.
759 2824 812 2847 ΙΟ.
830 2813 889 2857 τὴν
906 2818 1129 2859 assumptum
1146 2827 1187 2848 ex
1207 2814 1248 2849 Β.
1295 2814 1589 2871 παραταθήσεται]
1608 2814 1898 2860 παρεκταθήσεται

322 2857 413 2892 Edd.
683 2871 734 2894 12.
762 2862 962 2905 Βοοσπόρου
981 2861 1023 2895 Β.
1072 2863 1130 2905 τῆς
1147 2860 1206 2907 ἕω]
1225 2876 1265 2906 τῃ
1283 2861 1326 2907 ἕῳ
1344 2861 1436 2896 Edd.
1707 2873 1760 2907 13.
1786 2862 1898 2897 αὐτοῖς

320 2916 382 2947 pro
401 2906 529 2940 εαυτοῖς
546 2905 604 2940 iid.
906 2919 959 2950 14.
984 2907 1071 2954 ἅγὲβ
1089 2908 1146 2942 iid.
1447 2917 1500 2953 15.
1527 2910 1784 2953 κατασημαίνειν
1799 2907 1894 2954 ἔθνη]

320 2953 627 2994 κατασημαίνεσθαι
644 2952 702 2988 iid.
1115 2966 1170 2999 23.
1197 2954 1291 3001 ὅρος]
1311 2955 1414 2999 ὄνομα
1430 2954 1490 2990 iid.
1539 2958 1598 2989 τοῦ
1618 2955 1659 2990 Β.
1679 2954 1771 2990 Edd.
1789 2956 1828 2990 τὸ
1847 2955 1894 2990 D.

322 3006 377 3040 25.
404 2997 453 3031 ἐπ’
473 2998 584 3035 αυτοῖς
603 3000 649 3034 D.
667 2999 776 3035 invito
797 3000 838 3035 B.
1030 3001 1085 3036 28.
1111 3002 1262 3038 εἰδώλοις
1281 3002 1374 3038 B.D.
1391 3003 1538 3048 μόσχοις
1554 3002 1645 3037 Edd.
