2021 3434
340 137 424 176 320
728 141 775 180 B.
820 141 1092 182 CYRILLI
1132 143 1515 184 ALEXANDR.
1782 143 1907 185 ii.12.

343 247 472 296 αὐτοῦ
504 246 584 315 πρὸ
627 250 859 317 προσώπου
897 248 1118 319 δυνάμεως
1163 255 1303 316 αὐτοῦ,
1346 254 1591 319 μονονουχὶ
1628 256 1909 318 στρατηγῶν

340 329 415 376 καὶ
448 327 735 395 παραθήγων
769 334 830 385 ὡς
868 333 937 384 ἐπ’
970 334 1176 401 ἐχθρούς.
1244 335 1412 401 πρέποι
1438 333 1531 400 γὰρ
1563 333 1619 384 ἂν
1651 334 1737 401 οὐχ
1771 333 1908 403 ἑτέρῳ

338 431 404 477 τερ
446 413 648 474 μᾶλλον,
685 412 813 477 πλὴν
850 414 921 466 ὅτι
965 420 1058 470 τοῖς
1100 417 1446 483 προασπίζουσι
1489 417 1563 466 καὶ
1608 419 1702 466 τῶν
1745 415 1909 466 ἄλλων

337 492 739 557 προτεταγμένοις,
768 493 822 545 τὸ
848 498 1078 564 διεγείρειν
1097 495 1150 548 τὸ
1177 497 1381 565 μάχιμον
1401 499 1475 548 καὶ
1500 497 1667 548 οἰκείαν
1693 497 1908 562 ἡγεῖσθαι

337 569 422 634 τὴν
447 576 751 642 παρεμβολήν.
814 578 1087 646 ὑπεμφαίνει
1113 579 1161 630 δὲ
1188 579 1243 629 δι’
1271 580 1435 641 αὐτῶν,
1463 578 1533 630 ὅτι
1557 577 1621 642 μὴ
1648 577 1906 641 αὐτόματον
1927 600 1948 637 5
2007 582 2020 588 ”

337 653 428 720 ἔχει
466 653 525 704 τὰ
562 655 687 706 δεινὰ
718 656 804 722 τὴν
842 660 1028 727 ἔφοδον,
1064 660 1180 726 μήτε
1222 660 1314 725 μὴν
1353 663 1402 712 ἐκ
1439 666 1520 712 τοῦ
1557 659 1907 728 παρατυχόντος

296 759 319 784 e
337 735 636 801 συμβέβηκεν
662 739 840 799 ἁπλῶς,
866 743 975 793 ἀλλ’
998 742 1067 793 ὅτι
1090 747 1280 806 μᾶλλον
1307 742 1598 807 ἐπενήνεκται
1621 741 1749 808 παρὰ
1768 746 1906 807 Θεοῦ,

336 818 660 882 λελυπημένου
687 821 902 886 δηλονότι
927 826 1001 875 καὶ
1029 825 1171 878 ὁσίως
1195 824 1283 889 ἤδη
1310 823 1599 891 κολάζοντος.
1659 829 1912 875 καταπτοεῖ

334 899 383 950 δὲ
417 900 593 964 αὐτοὺς,
628 905 860 970 πλείστην
897 929 947 956 τε
986 906 1106 971 ὅσην
1144 905 1256 958 εἶναι
1294 907 1448 972 λέγων
1481 904 1566 970 τὴν
1603 905 1905 976 παρεμβολὴν,

334 984 409 1032 καὶ
434 981 493 1033 ’ότι
523 986 685 1054 ἰσχυροὶ
717 986 826 1055 ἔργα
858 989 1002 1054 λόγων
1034 991 1179 1041 αὐτοῦ.
1247 988 1489 1056 ἀμήχανον
1514 988 1562 1039 δὲ
1587 987 1651 1052 μὴ
1677 987 1830 1052 πάντη
1855 1011 1906 1040 τε
1929 1016 1975 1041 ιο

333 1066 408 1114 καὶ
444 1067 632 1120 πάντως
665 1071 726 1121 εἷς
761 1068 902 1135 πέρας
938 1061 1103 1134 ἐλθεῖν,
1128 1070 1241 1138 ὅπερ
1275 1070 1333 1121 ἂν
1365 1068 1653 1137 προστάττοι
1686 1071 1906 1136 γενέσθαι

334 1145 470 1200 Θεός.
523 1151 597 1199 καὶ
629 1155 743 1214 γοῦν
770 1151 860 1219 ἔφη
889 1152 1005 1218 πρός
1032 1175 1134 1204 τινα
1159 1158 1252 1204 τῶν
1278 1154 1424 1219 ἁγίων
1448 1156 1717 1221 προφητῶν·
1762 1153 1899 1219 Ἱερε-

113 1242 207 1292 Ηῑῗέΐ·
333 1227 440 1289 μίας
467 1228 548 1279 013⁷·
550 1252 598 1283 Os·
624 1228 694 1294 ἧν·
731 1238 759 1260 “
779 1233 887 1300 Οὐχ
914 1237 955 1284 οἱ
981 1233 1117 1300 λόγοι
1139 1258 1229 1298 μου
1254 1235 1415 1300 ὥσπερ
1440 1240 1534 1300 πῦρ
1561 1234 1756 1302 φλέγον,
1776 1233 1904 1299 λέγει

112 1295 270 1368 2332.
295 1316 361 1367 a⁶⁶
389 1309 573 1377 Κύριος,
618 1314 693 1363 καὶ
737 1315 798 1368 ὡς
840 1313 998 1385 πέλυξ
1036 1317 1221 1368 κόπτων
1265 1316 1439 1383 πέτραν
1458 1317 1497 1378 ;”
1538 1318 1768 1367 διϊκνεῖται
1809 1315 1902 1382 γὰρ

332 1393 493 1462 ὥσπερ
528 1395 603 1447 διὰ
627 1398 802 1453 παντὸς
837 1401 861 1450 ὁ
897 1407 978 1452 τοῦ
1009 1405 1132 1453 Θεοῦ
1164 1401 1325 1468 λόγος,
1360 1404 1435 1453 καὶ
1460 1401 1527 1455 οἷς
1553 1400 1610 1452 ἂν
1645 1401 1902 1470 φθέγξαιτο
1925 1426 1971 1464 15

330 1475 384 1527 τὸ
419 1479 728 1531 ἀντιστατοῦν
763 1481 905 1544 οὐδὲν,
942 1483 1046 1534 ε’ίκει
1081 1483 1128 1534 δὲ
1166 1489 1354 1547 μᾶλλον
1392 1485 1466 1534 καὶ
1503 1482 1562 1534 τὰ
1599 1482 1790 1550 σκληρὰ
1827 1487 1902 1535 καὶ
2019 1515 2021 1567 A

329 1559 569 1611 ἀντίτυπα·
611 1563 949 1629 καταθραύεται
988 1564 1079 1631 γὰρ
1115 1565 1330 1628 εὐκόλως,
1369 1568 1442 1617 καὶ
1479 1570 1573 1618 τοῖς
1611 1567 1902 1620 δεσποτικοῖς

329 1641 565 1706 θελήμασι
599 1645 673 1694 καὶ
711 1646 797 1713 οὐχ
834 1645 997 1697 ἑκόντα
1033 1653 1317 1715 παραχωρεῖ.
1380 1648 1566 1716 μεγάλη
1605 1647 1661 1711 δὴ
1700 1647 1781 1698 οὖν
1823 1655 1900 1699 καὶ
2017 1691 2021 1714 r

327 1722 546 1792 ἐπιφανὴς
571 1728 592 1786 ἡ
617 1725 767 1797 ἡμέρα,
794 1732 930 1795 φησὶ,
957 1729 1032 1779 διὰ
1067 1728 1151 1793 τὴν
1184 1732 1245 1784 εἷς
1277 1728 1484 1784 ἅπαντας
1515 1729 1786 1795 ἀνθρώπους
1808 1734 1902 1780 τῶν

328 1806 724 1872 ἐπαχθησομένων
759 1812 919 1860 δεινῶν
953 1811 1289 1879 διατρέχουσαν
1315 1811 1493 1880 φήμην.
1563 1817 1640 1863 καὶ
1673 1814 1739 1866 τίς
1775 1812 1901 1864 ἔσται
1921 1838 1970 1862 20
2015 1838 2018 1873 5

284 1892 476 1943 ὒὶκοινός
515 1893 648 1963 αὐτῇς
688 1891 942 1955 τουτέστιν,
969 1894 1112 1947 οὐδεὶς
1148 1891 1206 1944 ἂν
1238 1894 1416 1958 γε’νοιτο
1442 1898 1536 1944 τῶν
1568 1895 1640 1944 ἐπὶ
1673 1896 1760 1959 γῆς
1790 1896 1895 1946 ἀτε-
2014 1900 2016 1902 ’

326 1968 489 2035 ράμων
532 1971 678 2024 οὕτως
714 1974 788 2023 καὶ
834 1973 1067 2038 εὐσθενὴς,
1112 1977 1173 2028 ὡς
1217 1974 1486 2044 ἀντεξάγειν
1535 1975 1764 2027 δύνασθαι
1801 1980 1900 2030 ταῖς

327 2051 468 2106 θείαις
502 2053 676 2119 ὀργαῖς.
742 2057 817 2106 καὶ
852 2055 1008 2124 σοφὸς
1032 2055 1089 2120 ἧν
1115 2056 1237 2122 ὖίγαν
1261 2057 1286 2107 ὁ
1313 2056 1564 2111 θεσπέσιος
1593 2059 1765 2109 Δαυεὶδ
1789 2060 1900 2109 ἀνα-

109 2142 264 2174 Ps 1xxv.
327 2135 563 2200 κεκραγὼς
604 2135 722 2202 πρὸς
769 2136 893 2189 Θεόν
942 2146 968 2168 “
989 2137 1057 2188 Σὺ
1105 2138 1309 2208 φοβερὸς
1350 2137 1401 2203 εἶ,
1441 2141 1516 2191 καὶ
1562 2141 1630 2193 τίς
1673 2139 1895 2204 ἀντιστή-

1160 2220 1184 2237 9,

326 2223 353 2244 “
379 2218 517 2267 σεταί
539 2239 618 2268 σοι
644 2217 737 2269 ἀπὸ
762 2222 845 2283 τῆς
868 2221 1011 2287 ὀργῆς
1038 2243 1154 2284 σου,
1920 2244 1966 2282 25
2009 2257 2019 2281 ι,

264 2422 307 2446 12
332 2402 405 2444 Καὶ
445 2407 515 2446 νῦν
558 2407 668 2454 λέΓει
713 2407 860 2464 Κύριος
896 2409 919 2451 ὁ
959 2408 1066 2452 Θεὸς
1110 2410 1230 2459 ἡμῶν
1263 2409 1585 2468 ἘΠιστράφΗτε
1624 2411 1730 2469 πρὸς
1765 2413 1816 2460 μὲ
1852 2413 1896 2456 ἐξ

393 2489 498 2530 ὅλι-ιε
524 2489 699 2547 καρδίας
725 2491 856 2543 ὑμῶν,
882 2493 926 2534 ὲν
953 2493 1123 2553 νηστεία
1150 2495 1219 2536 καί
1249 2495 1292 2537 ὲν
1325 2499 1525 2551 κλαυθμῷ
1552 2497 1620 2538 καί
1644 2498 1688 2539 ὲν
1715 2500 1896 2553 κοπετῷ,

373 2620 406 2653 5.
432 2610 474 2645 δι’
492 2612 616 2658 αὐτῶν]
636 2613 691 2648 διὰ
707 2614 834 2649 τούτων
852 2615 943 2650 Edd.
1225 2618 1258 2653 6.
1283 2619 1325 2652 τὰ
1342 2619 1431 2654 δεινὰ
1447 2623 1526 2665 posi:
1542 2621 1669 2665 ἔφοδον
1686 2627 1818 2667 transp.
1835 2622 1896 2658 iid.

329 2665 360 2700 7.
387 2657 595 2702 ἐπενὴνεκται
612 2667 690 2705 post
707 2664 794 2696 Θεοῦ
811 2669 943 2708 transp.
961 2663 1020 2698 iid-
1209 2677 1241 2710 9.
1268 2665 1321 2711 δὲ]
1341 2670 1378 2707 -ff-
1391 2668 1523 2710 μᾶλλον
1539 2667 1598 2702 iid.
1761 2680 1814 2704 10.
1841 2668 1894 2716 δὲ]

326 2703 391 2747 γὰρ
408 2704 466 2738 iid.
516 2707 621 2750 πάντη
639 2721 676 2741 τε
693 2709 746 2742 καὶ
763 2716 944 2755 assumpta
959 2722 1001 2744 ex
1020 2710 1061 2744 B.
1370 2724 1384 2747 1
1395 2725 1423 2747 1.
1447 2714 1606 2759 γενέσθαι
1621 2715 1815 2760 προστάττῃ
1833 2728 1897 2761 pro

326 2752 532 2793 προστάττοι
550 2753 708 2798 γενέσθαι
726 2755 818 2790 Edd.
1026 2758 1149 2793 12-18.
1175 2759 1275 2797 Quae
1292 2766 1487 2805 sequuntur
1503 2761 1557 2795 καὶ
1573 2763 1898 2808 γοῦν-παραχωρεῖ

327 2806 396 2829 orn.
417 2797 458 2831 B.
479 2798 620 2834 Contuli
636 2812 717 2835 cum
737 2802 781 2836 D.
984 2814 1036 2849 17.
1061 2805 1126 2850 γὰρ
1144 2812 1365 2851 assumptum
1382 2819 1423 2841 ex
1442 2807 1489 2841 D.
1688 2820 1741 2854 19,
1761 2820 1815 2844 20.
1841 2809 1896 2843 διὰ

328 2843 549 2888 τὴν-φήμην
565 2858 634 2880 om.
654 2847 697 2881 B.
715 2848 820 2883 habet
838 2849 884 2883 D.
1147 2863 1202 2898 23·
1229 2852 1412 2890 θεσπέσιος
1428 2861 1648 2899 assumptum
1665 2868 1707 2890 ex
1726 2855 1767 2889 B.
1816 2855 1894 2890 ἀνα-

326 2891 491 2933 κεκραγὼς
508 2898 586 2935 post
604 2895 689 2928 Θεόν
706 2900 837 2941 transp.
856 2895 915 2930 iid.
1117 2908 1171 2944 27.
1199 2898 1296 2944 ὅλης]
1316 2904 1353 2941 -f-
1369 2902 1428 2944 τῆς
1446 2900 1536 2936 Edd.
1555 2902 1660 2944 (A.V.
1675 2914 1696 2936 N
1713 2902 1787 2937 XII
1803 2903 1893 2947 mg.)

326 2933 361 2967 ἐν
379 2936 535 2983 κλαυθμῷ
554 2939 606 2972 καὶ
624 2940 658 2974 ἐν
675 2940 722 2986 κ.]
743 2942 778 2976 ἐν
794 2949 983 2989 utrumque
999 2955 1068 2979 om.
1088 2945 1124 2979 F.
1145 2945 1236 2981 Edd.
1255 2946 1360 2991 (Co.)
