2021 3434
305 195 388 234 5522
705 196 756 237 Β.
799 195 1072 237 CYRILLI
1113 196 1489 241 ALEXANDR.
1612 200 1698 241 viii.
1725 213 1790 251 11,
1822 213 1881 242 12.

373 315 441 356 καὶ
479 314 565 356 ἀπὸ
605 315 735 372 βοῤῥᾱ
777 316 862 358 ἕως
899 315 1124 357 ἀνατολῶν
1166 316 1522 374 Περιδραμοῦνται
1558 322 1772 376 ζητοῦντες
1809 319 1882 362 τὸν

259 397 287 438 d
372 398 496 445 λόΓον
522 399 595 439 τοῦ
621 397 783 455 Κυρίου,
810 398 879 440 καὶ
904 399 952 440 οὐ
978 399 1034 448 μή
1062 400 1258 457 εὕρωσιν.

85 534 140 609 {36³
153 535 241 567 xxvi.
380 521 647 589 Γέγραπται
677 530 705 552 “
724 523 880 590 Κύριε,
916 525 964 575 ἐν
995 524 1159 592 θλίψει
1193 524 1492 590 ἐμνήσθημέν
1516 548 1620 588 σου,
1647 527 1695 577 ἐν
1721 527 1885 596 θλίψει

128 601 136 609 ’
305 611 333 634 “
358 605 500 674 μίκρᾳ
527 605 554 669 ἡ
580 606 763 657 παιδεία
796 627 888 657 σου
921 605 1075 670 ἡμῖν.”
1117 606 1314 673 ἄριστον
1339 606 1387 658 δὲ
1414 607 1485 658 ὅτι
1515 606 1569 659 τὸ
1600 608 1759 676 χρῆμά
1783 611 1886 660 ἐστι

304 688 381 737 καὶ
417 687 706 755 ὀνησιφόρον
744 688 934 752 ἀληθῶς
971 689 1057 752 τὴν
1095 689 1266 758 θλίψιν
1303 687 1432 744 εἰδὼς
1470 692 1545 741 καὶ
1577 690 1602 741 ὁ
1633 691 1927 747 θεσπέσιος5

82 767 241 847 ξωῃῆ·
305 771 494 832 Δαυεὶδ,
527 769 641 821 ποτὲ
674 768 759 833 μὲν
790 769 997 839 ἔφασκεν
1031 771 1163 823 “Ἐν
1207 771 1372 840 θλίψει
1410 772 1770 837 ἐπεκαλεσάμην
1804 772 1887 824 τὸν

82 865 181 917 1b.m
306 858 333 881 ‘⁶
361 851 576 918 Κύριον,”
618 851 694 904 ὅτε
735 851 784 903 δὲ
825 853 884 904 αὖ
921 859 949 882 “
973 853 1185 919 Ἀγαθόν
1221 876 1299 917 μοι
1338 852 1409 904 ὅτι
1446 853 1762 909 ἐταπείνωσάς
1804 877 1882 918 με,

82 918 247 951 cxvmqr.
304 940 331 963 “
355 932 482 987 ὅπως
534 933 591 985 ἂν
633 933 770 997 μάθω
819 933 880 985 τὰ
929 934 1215 999 δικαιώματά
1265 935 1404 986 σου.”
1468 935 1886 1005 σωφρονεστέρους

303 1014 398 1082 γὰρ
439 1016 561 1080 ἡμᾶς
605 1018 922 1069 ἀποτελοῦσιν
965 1021 1012 1068 αὶ
1056 1019 1260 1086 θλίψεις,
1293 1019 1368 1068 καὶ
1407 1021 1502 1068 τῶν
1539 1021 1622 1083 τῆς
1659 1018 1887 1088 ῥᾳθυμίας

265 1098 550 1167 θέξέλκουσι
599 1097 804 1166 βρόχων,
854 1102 937 1164 τῆς
986 1100 1220 1154 ἐπιεικείας
1279 1097 1387 1153 τοὺς
1442 1098 1645 1167 τρόπους
1698 1102 1886 1167 ἀγαπᾶν
1909 1129 1956 1154 10

303 1181 655 1244 ἀναπείθουσαι,
689 1182 764 1232 καὶ
798 1180 882 1233 τὸν
912 1183 1067 1246 ἀπηνῆ
1112 1183 1189 1233 καὶ
1229 1179 1452 1245 δυσήνιον
1490 1184 1553 1236 ὡς
1589 1182 1646 1252 ἐξ
1681 1182 1886 1250 ἀνάγκης

303 1264 382 1313 καὶ
425 1262 582 1332 φόβου
621 1267 717 1318 τοῖς
760 1265 844 1329 τῆς
894 1262 1140 1329 ὁσιότητος
1190 1266 1267 1315 καὶ
1311 1263 1516 1329 ὑπακοῆς
1563 1264 1886 1334 ὑποφέρουσαι

304 1344 470 1412 ζυγοῖς.

379 1426 776 1495 Καταδῃωθείσης
810 1425 868 1492 δὴ
903 1427 984 1478 οῦν
1017 1430 1099 1492 τῆς
1134 1428 1410 1495 Σαμαρείας,
1441 1429 1577 1497 φησὶ,
1608 1429 1681 1479 καὶ
1717 1450 1885 1491 κατεμ-

300 1513 567 1576 πιπρῶντος
624 1507 708 1563 τὰς
761 1507 923 1563 πόλεις
977 1515 1060 1561 τοῦ
1111 1509 1434 1573 Βαβυλωνίου,
1485 1507 1572 1561 κᾶν
1621 1512 1657 1560 εὶ
1705 1510 1885 1561 ἕλοιντο
1909 1532 1953 1570 15

298 1594 465 1655 μαθεῖν
505 1588 775 1656 τοτηνικάδε
815 1590 935 1646 τινὲς
974 1591 1025 1644 τί
1057 1590 1112 1643 τὸ
1163 1591 1347 1657 θέλημα
1392 1596 1475 1643 τοῦ
1525 1595 1663 1655 Θεοῦ,
1713 1594 1790 1643 καὶ
1840 1593 1890 1643 τί

301 1676 499 1740 δρῶντες
533 1672 562 1739 ἢ
594 1672 811 1741 λέγοντες
850 1676 934 1739 τῆς
975 1673 1086 1742 παρ’
1131 1675 1273 1726 αὐτοῦ
1312 1674 1554 1743 τεύξονται
1593 1676 1793 1744 φειδοῦς,
1827 1674 1881 1725 ἵν’

77 1766 162 1800 339
177 1765 228 1801 A·
262 1755 393 1825 αὲξω
434 1755 650 1825 φέροιντο
692 1758 776 1821 τῆς
821 1756 978 1823 ὀργῆς,
1025 1757 1108 1808 οὐκ
1159 1756 1306 1820 ἔσται,
1349 1758 1514 1825 φησὶν,
1559 1755 1585 1806 ὁ
1628 1754 1878 1807 διδάσκων.

301 1837 432 1907 λιμὶν
457 1836 550 1906 γὰρ
584 1838 761 1890 ἐποίσω
794 1842 890 1890 τῶν
919 1837 1049 1905 παρὰ
1075 1842 1201 1890 Θεοῦ
1234 1837 1394 1905 λόγων
1420 1838 1588 1901 αὐτοῖς,
1614 1839 1676 1892 ὡς
1708 1837 1884 1902 μηδένα

300 1924 547 1974 παντελῶς
578 1921 816 1988 εὑρεθῆναι
854 1920 1120 1990 προφήτην,
1159 1918 1245 1972 κᾶν
1283 1923 1321 1971 εἱ
1358 1921 1407 1971 ἐκ
1446 1921 1642 1984 δυσμῶν
1678 1920 1884 1987 τρέχοιεν
1904 1945 1953 1970 20

301 2005 363 2056 εἰς
388 2002 470 2066 ἠῶ,
497 2000 585 2054 κᾶν
617 2006 655 2054 εἰ
688 2003 737 2054 ἐκ
774 2004 1073 2070 μεσημβρίας
1111 2004 1185 2055 ἐπὶ
1222 2001 1283 2054 τὰ
1309 2001 1485 2069 βόρεια.
1553 2002 1704 2073 τούτῳ
1728 2025 1881 2069 παρα-

299 2083 510 2149 πλήσιόν
546 2086 649 2136 ἐστι
683 2083 737 2136 τὸ
775 2086 1013 2152 εἰρημένον
1049 2084 1179 2152 παρὰ
1218 2088 1342 2136 Θεοῦ
1380 2083 1499 2151 πρὸς
1535 2084 1617 2135 τὸν
1655 2085 1884 2151 μακάριον

77 2164 235 2240 ξᾶθ](·ἰῦ·
299 2166 518 2233 Ἰεζὲκιήλ
552 2168 693 2218 “Koa
727 2166 813 2232 τὴν
849 2167 1090 2234 γλῶσσάν
1121 2190 1213 2219 σου
1251 2165 1477 2232 συνδήσω
1503 2169 1578 2218 καὶ
1609 2167 1877 2236 άποκωφω-

299 2256 327 2278 “
355 2248 495 2318 θήσῃ,
522 2250 598 2300 καὶ
635 2249 717 2301 οὐκ
751 2249 839 2318 ε”σῃ
873 2250 1028 2304 αὐτοῖς
1065 2254 1128 2304 εἰς
1165 2249 1313 2316 ἄνδρα
1350 2248 1624 2316 ἐλέγχοντα,
1653 2248 1724 2299 ὅτι
1759 2247 1883 2304 οἶκος

299 2337 327 2360 “
352 2331 735 2398 παραπικραίνων
778 2331 952 2383 ἐστίν.”
1036 2336 1079 2384 οὶ
1127 2330 1220 2399 γὰρ
1267 2329 1402 2400 ἅπαξ
1444 2328 1528 2382 τὸν
1576 2329 1705 2396 παρὰ
1756 2334 1881 2383 Θεοῦ
1901 2354 1950 2393 25

300 2414 640 2468 διαπτύσαντες
666 2412 829 2480 λόγον,
855 2413 954 2465 οὐδ’
982 2412 1041 2466 ἂν
1066 2418 1103 2465 εὶ
1128 2411 1308 2467 ἑκόντες
1331 2413 1397 2464 ἔτι
1422 2411 1687 2476 βούλοιντο,
1715 2417 1881 2474 λαβεῖν
2008 2401 2010 2409 ⁸

253 2495 445 2563 ὒέχοιεν
491 2495 549 2547 ἂν
599 2496 795 2551 εἰκότως.
858 2493 1005 2549 ὕδατα
1055 2496 1103 2549 δὲ
1153 2494 1439 2560 σαλευόμενά
1489 2499 1612 2564 φησι
1659 2493 1744 2560 τὴν
1785 2500 1881 2548 τῶν

299 2578 537 2630 Ἰουδαίων
576 2578 835 2646 ἀμέτρητον
877 2578 1079 2645 πληθὺν,
1117 2581 1179 2634 ὡς
1214 2579 1262 2630 ἐν
1296 2577 1514 2645 θορύβοις
1551 2578 1877 2643 γεγενημένην,

346 2787 377 2810 2.
403 2777 462 2810 τοῦ
480 2782 701 2821 assumptum
720 2787 761 2810 ex
778 2775 822 2810 A.
841 2787 910 2810 om.
931 2775 967 2810 F.
987 2774 1079 2810 Edd.
1098 2774 1217 2819 (XII.)
1448 2782 1482 2816 5.
1507 2774 1561 2808 καὶ
1578 2774 1635 2808 alt.
1655 2780 1876 2819 assumptum

298 2834 339 2855 ex
357 2822 448 2857 A.B.
666 2834 698 2868 7.
723 2822 779 2857 ὅτε
799 2822 841 2857 Β.
859 2823 940 2857 ποτέ
960 2822 1052 2857 Edd.
1269 2833 1302 2867 9.
1327 2819 1506 2866 ῥᾳθυμίας]
1525 2820 1687 2864 ἁμαρτίας
1706 2821 1747 2854 B.
1766 2821 1876 2855 invito

298 2868 383 2903 Nik.
399 2869 433 2903 in
455 2869 511 2903 Ps.
530 2869 645 2903 cxviii.
837 2880 889 2904 12.
915 2871 1099 2916 τῷ-ζυγῷ
1119 2869 1206 2904 Nik.
1396 2879 1448 2910 14.
1474 2867 1512 2909 δὴ
1530 2875 1752 2913 assumptum
1770 2879 1811 2901 ex
1829 2868 1874 2902 A.

297 2919 590 2958 κατεμπιπρῶντος
609 2915 651 2950 Β.
670 2917 962 2962 καταπιμπράντος
981 2915 1071 2951 Edd.
1293 2926 1348 2949 21.
1374 2914 1419 2949 εἷς
1438 2920 1657 2959 assumptum
1677 2926 1717 2948 ex
1736 2914 1825 2948 A.B.
1839 2914 1872 2948 b.

300 2961 424 2995 Statim
440 2962 482 2995 ἕω
500 2962 534 2996 b.
1032 2974 1086 2997 22.
1114 2962 1210 2997 Haec
1228 2963 1285 2997 τὸν
1301 2962 1461 3006 μακάριον
1478 2969 1658 3008 assumpta
1674 2973 1714 2996 ex
1732 2960 1823 2995 A.B.
1837 2960 1873 2996 b.

299 3017 353 3052 23.
380 3007 649 3054 ἅποκωφωθείσῃ
668 3008 759 3044 Edd.
