2021 3434
330 209 413 249 462
723 210 771 249 B.
817 209 1087 250 CYRILLI
1127 210 1503 250 ALEXANDR.
1769 224 1805 248 v.
1834 220 1896 247 11.

330 315 415 367 ὧδε
449 317 609 384 ἔχουσι
644 319 925 383 περιπταιέιν
966 319 1084 382 ἡμᾶς
1128 320 1187 372 ὡς
1232 319 1287 387 ἐξ
1327 319 1529 384 ἀνάγκης
1566 323 1700 370 ποιεῖ.
1760 318 1901 383 ὅνπερ

330 398 422 463 γὰρ
464 399 638 464 τρόπον
683 399 839 466 φωτὸς
883 401 1292 464 ἀπεληλασμένου,
1339 401 1437 451 κατ’
1484 400 1609 467 ἰ’χνος
1650 399 1779 452 εὐθὺς
1827 401 1901 449 καὶ

330 478 449 530 κατὰ
495 481 642 534 πόδας
692 479 783 532 εἶσι
833 482 886 532 τὸ
937 482 1120 545 σκότος,
1173 484 1317 536 οὕτως
1374 484 1536 548 ἀρετῆς
1592 481 1903 550 ἀποφοίτησις

330 560 557 625 ἑπομένην
607 562 699 629 ε”χει
760 561 846 627 τὴν
905 566 986 627 τῆς
1037 562 1335 631 φαυλότητος
1384 562 1649 630 εἶσδρομήν.
1725 562 1901 624 οὐκοῦν,

109 658 216 697 Supra
329 643 574 709 ἐπειδήπερ
623 644 915 709 μεμισήκασι
966 644 1050 707 μὲν
1100 653 1126 675 ‘⁶
1143 648 1190 696 ἐν
1240 645 1410 699 πύλαις
1460 645 1728 713 ἐλέγχοντα,
1772 666 1898 695 κατε-
1922 658 1943 696 5

111 713 178 733 ver.
202 711 246 732 10.
521 725 531 741 Ι
748 726 759 742 x
850 728 864 745 x
948 725 958 742 Ι
1078 727 1099 744 H
1222 728 1245 744 „
1298 730 1308 744 9
1560 730 1578 738 Α
1713 726 1726 742 Ι

332 732 358 754 “
383 726 677 794 βδελυξαντο
712 730 760 777 δε
792 751 865 778 και
901 734 1048 792 λογον
1075 750 1220 789 οσιον,
1274 751 1334 781 εις
1359 731 1580 791 πολυειδη
1605 730 1903 777 κατωλισθον

292 808 574 873 οὰμαρτίαν,
626 809 881 874 ἐτράποντό
942 832 992 860 τε
1053 808 1171 875 πρὸς
1219 810 1510 878 πλεονεξίαν,
1560 811 1636 859 καὶ
1696 807 1781 872 τὴν
1833 807 1902 858 ὅτι

330 888 545 952 μάλιστα
593 891 1001 957 κατεστυγημένην
1051 893 1158 960 Θεῷ
1216 892 1609 942 καταδυναστείαν
1670 889 1903 954 ἐπιτηδεύ-

112 990 260 1023 Es.1vifi.
332 994 472 1033 οντες,
503 971 700 1023 ἔτυπτον
737 973 821 1037 μὲν
849 981 874 1003 “
896 978 1113 1039 Πυγμαῖς
1150 972 1403 1036 ταπεινὸν,”
1438 975 1513 1024 καὶ
1552 971 1810 1042 ἐκονὸόλιζον
1845 976 1904 1027 εἰς

335 1052 551 1121 κεφαλὰς
599 1054 801 1118 πτωχῶν,
849 1058 889 1106 οἱ
940 1057 1077 1122 ἁδροί
1123 1079 1214 1106 που
1263 1055 1449 1108 πάντως
1489 1059 1563 1105 καὶ
1606 1059 1699 1105 τῶν
1740 1056 1904 1104 ἄλλων

332 1136 642 1201 ὑπερκείμενοι
687 1137 802 1206 δόξῃ
851 1160 900 1188 τε
952 1140 1026 1188 καὶ
1075 1137 1284 1207 πλούτῳ·
1342 1135 1591 1204 διήρπαζον
1639 1137 1685 1187 δὲ
1732 1140 1904 1203 δωρεᾶς

330 1215 535 1280 ὀνόματι,
561 1220 669 1284 παρ’
699 1220 784 1287 οὐχ
818 1218 1016 1270 ἑκόντων
1053 1219 1289 1287 δεχόμενοι
1321 1218 1378 1270 τὰ
1409 1224 1501 1269 τῶν
1531 1218 1726 1269 ἐνόντων
1752 1219 1904 1272 αὐτοῖς

331 1299 593 1365 τιμιώτερα.
661 1300 790 1364 πλὴν
824 1302 1069 1369 ἀποφαίνει
1103 1302 1359 1368 χρησίμως,
1387 1301 1456 1352 ὅτι
1493 1306 1586 1355 τοῖς
1620 1300 1678 1352 τὰ
1715 1306 1904 1352 τοιαῦτα

332 1384 447 1447 δρᾶν
466 1380 682 1433 εἰωθόσιν
701 1382 921 1447 ἀνόνητος
943 1384 968 1447 ἡ
989 1384 1252 1452 πλεονεξία,
1273 1386 1346 1434 καὶ
1367 1383 1420 1434 τὸ
1441 1388 1652 1451 αἰσχρῶν
1671 1384 1903 1446 ἡττᾶσθαι

287 1471 313 1511 (1
332 1462 591 1526 λημμάτων
625 1468 686 1517 εἷς
719 1465 872 1518 λύπας
902 1468 1159 1534 ἐκτελευτᾷ,
1186 1468 1260 1516 καὶ
1291 1466 1421 1529 δίκην
1455 1465 1545 1533 ε”χει
1571 1465 1624 1516 τὸ
1649 1465 1804 1531 πέρας.
1865 1469 1902 1516 εἱ

331 1545 424 1612 γὰρ
449 1545 563 1611 μήτε
591 1546 727 1597 οἴκων
754 1547 1087 1598 ἀπολαύσουσι
1125 1551 1217 1598 τῶν
1251 1550 1312 1601 ὡς
1347 1550 1394 1598 ἐν
1432 1550 1618 1615 σπουδῇ
1651 1551 1726 1598 καὶ
1765 1552 1903 1617 φιλο-

330 1628 473 1690 τίμως
501 1627 887 1696 ἐξειργασμένων,
914 1632 1010 1697 εἰκῇ
1045 1631 1092 1680 δὲ
1130 1630 1284 1684 αὐτοῖς
1320 1634 1524 1681 πονεῖται
1554 1629 1612 1679 τὰ
1649 1631 1697 1680 ἐν
1730 1631 1903 1696 ἀγροῖς,

330 1709 503 1777 οἴχεται
530 1709 577 1761 δὲ
600 1708 718 1776 πρὸς
743 1710 969 1775 ἀδόκητον
995 1712 1191 1773 ἔκβασιν
1216 1715 1309 1763 τῶν
1334 1711 1644 1777 ἠγαπημένων
1662 1711 1690 1775 ἦ
1709 1710 1902 1780 μέθεξις,

331 1792 384 1842 δι’
407 1789 438 1841 ἃ
457 1791 646 1858 γε’γονεν
671 1793 698 1856 ἡ
721 1794 983 1862 πλεονεξία,
1007 1796 1081 1844 καὶ
1104 1793 1158 1844 τὸ
1183 1793 1539 1862 φιλοχρήματον
1564 1793 1716 1844 εἷσέδυ
1739 1794 1903 1857 ποῖθος,

329 1878 430 1928 πῶς
473 1875 554 1925 οὐκ
599 1878 764 1928 εἰκαῖος
808 1877 882 1925 καὶ
927 1874 1121 1942 ἀκερδὴς
1158 1876 1463 1944 ἀναφανεῖταί
1498 1898 1636 1938 τισιν,
1676 1877 1701 1926 ὁ
1739 1876 1818 1927 ἐπί
1849 1898 1903 1941 γε

329 1960 394 2006 τῶ
420 1959 587 2024 χρῆναι
617 1962 908 2008 πλεονεκτεῖν
935 1957 1135 2024 τρόπος;
1175 1957 1333 2025 σοφὸν
1370 1958 1450 2007 οὖν
1487 1958 1628 2008 ἐκεῖνο
1666 1962 1903 2023 περινοεῖν,

1160 2039 1171 2055 Ι

110 2045 222 2119 {51⁰³}
331 2038 400 2089 ὅτι
438 2037 560 2089 καθα
598 2040 800 2107 φησιν
781 2062 805 2089 ο
843 2043 1199 2105 Παροιμιαστης
1237 2047 1263 2068 “
1287 2041 1539 2138 Κρείσσων
1576 2040 1716 2106 ὀλίγη
1755 2043 1904 2109 λῆψις

170 2112 175 2118 ”
292 2128 342 2169 e‘
347 2119 501 2183 ίμετὰ
563 2121 858 2185 δικαιοσύνης
907 2120 936 2185 ἢ
987 2121 1150 2173 πολλὰ
1207 2121 1473 2187 γεννήματα
1520 2121 1636 2186 μετὰ
1682 2123 1901 2177 ἀδικίας.”

111 2211 181 2242 001·
199 2210 242 2241 iii.
331 2203 716 2270 εἷδωλολατρείαν
747 2202 794 2254 δε
826 2227 899 2254 και
939 2205 964 2254 ὁ
999 2208 1193 2257 Παῦλος
1229 2203 1314 2268 τὴν
1351 2204 1626 2273 πλεονεξίαν
1657 2210 1801 2268 καλει,
1830 2228 1904 2256 και

330 2285 463 2349 μάλα
506 2283 704 2339 εἰκότως·
755 2284 946 2350 ἀθεότης
977 2285 1070 2351 γὰρ
1105 2284 1159 2336 τὸ
1197 2289 1355 2353 χρῆμα
1395 2286 1577 2350 λοιπὸν,
1620 2289 1694 2338 καὶ
1732 2289 1779 2338 ἐν
1814 2287 1902 2357 ’ἴσῳ

330 2367 552 2418 τέθεινται
585 2372 679 2421 τοῖς
717 2367 797 2418 τὸν
833 2367 975 2436 φύσει
1010 2368 1132 2419 Θεὸν
1168 2370 1249 2419 οὐκ
1288 2368 1602 2434 ἐπεγνωκόσιν
1636 2373 1677 2420 οἱ
1710 2369 1792 2421 τὸν
1822 2372 1904 2433 τῆς

112 2462 208 2511 qu·
332 2453 392 2502 εἷς
427 2448 660 2518 ἀδελφοὺς
697 2449 882 2515 ἀγάπης
917 2451 1059 2512 νόμον
1089 2455 1354 2513 πατοῦντες,
1380 2450 1408 2515 ἢ
1435 2453 1508 2501 καὶ
1537 2457 1619 2502 τοῦ
1653 2450 1795 2515 νόμου
1819 2451 1903 2515 τὴν

112 2514 242 2536 mlo·
331 2531 581 2596 πλήρωσιν
608 2531 712 2600 ἔχει.
778 2533 802 2582 ὁ
842 2532 890 2583 δὲ
922 2532 1064 2596 νόμον
1099 2534 1181 2583 οὐκ
1219 2532 1363 2594 εἰδὼς,
1392 2535 1592 2599 ἀρνεῖται
1628 2532 1709 2584 τὸν
1738 2537 1897 2597 Νομο-

380 2696 411 2719 2.
436 2684 719 2729 ἀπεληλασμὲνου
730 2686 774 2719 Α.
786 2685 1043 2730 ἀπεληλαμένον
1057 2686 1146 2720 Edd.
1244 2698 1276 2732 3.
1301 2685 1349 2730 εἴη
1365 2699 1427 2731 pro
1438 2685 1505 2722 εἶσι
1517 2687 1560 2721 A.
1579 2687 1654 2722 ἐστὶ
1667 2699 1684 2721 e
1695 2699 1760 2721 suo
1772 2687 1903 2732 Migne.

333 2741 364 2776 7.
390 2747 426 2766 τε
445 2739 665 2777 assumptum
683 2745 724 2766 ex
744 2733 785 2767 B.
953 2734 985 2767 8.
1012 2733 1280 2778 κατεστυγμένην
1298 2733 1389 2768 Edd.
1408 2741 1486 2768 ante
1504 2734 1637 2778 Migne.
1794 2745 1826 2779 9.
1852 2734 1904 2767 καὶ

331 2778 501 2824 ε’κονδύλ.]
522 2779 732 2822 ἐκονδύλιζον
749 2780 785 2813 δέ
803 2780 846 2814 A.
992 2791 1044 2814 10.
1070 2795 1134 2814 που
1152 2781 1194 2814 Α.
1212 2795 1282 2816 πως
1300 2780 1390 2814 Edd.
1539 2792 1591 2815 12.
1616 2781 1679 2826 οὐχ
1700 2781 1841 2815 ἑκόντων
1858 2780 1902 2814 Β.

332 2825 391 2859 οὐκ
409 2826 553 2871 ἐχόντων
570 2826 613 2859 Α.
631 2826 689 2860 οὐκ
707 2826 853 2860 ἀκόντων
871 2826 960 2861 Edd.
1010 2827 1148 2861 ἐνόντων
1165 2828 1208 2860 Α.
1215 2827 1255 2861 Β.
1275 2827 1396 2862 ἐόντων
1413 2827 1503 2861 Edd.
1662 2838 1713 2872 13.
1730 2827 1841 2861 τοιάδε
1858 2827 1902 2861 Α.

335 2881 388 2913 15.
414 2871 612 2918 λημμάτων]
631 2874 811 2917 χρημάτων
828 2874 871 2907 Α.
926 2872 1033 2928 δίκην]
1054 2873 1163 2917 λύπην
1179 2874 1223 2908 A.
1554 2874 1606 2908 16.
1630 2873 1840 2908 ἀπολαύουσι
1857 2873 1899 2906 A.

336 2928 387 2960 19.
413 2919 451 2951 τὸ
469 2930 538 2952 om.
558 2919 601 2953 A.
793 2931 845 2953 21.
871 2923 1049 2965 παρανοεῖν
1070 2920 1160 2954 Edd.
1351 2932 1405 2955 22.
1432 2921 1538 2956 καθώς
1554 2920 1613 2955 iid.
1663 2922 1825 2964 κρεῖσσον
1840 2919 1899 2953 iid.

332 2962 457 2997 Statim
474 2966 575 3009 μικρὰ
591 2980 685 3010 μερις
703 2978 765 3011 pro
783 2967 881 3012 ὀλιγη
898 2969 1008 3012 λῆψις
1027 2968 1067 3001 A.
1309 2967 1363 3001 26.
1389 2967 1494 3012 φύσει
1512 2973 1731 3011 assumptum
1750 2978 1789 3000 ex
1808 2966 1898 2999 A.B.

330 3010 513 3054 ἐγνωκόσιν
530 3012 573 3045 A.
763 3023 818 3058 27.
843 3017 1023 3050 πατοῦντες
1041 3016 1141 3058 νόμον
1159 3014 1229 3048 inv.
1247 3013 1367 3048 ordine
1385 3017 1428 3048 A.
1476 3014 1536 3058 τὴν
1551 3026 1621 3048 orn.
1640 3014 1683 3047 A.

1927 1073 2021 1100 10¹

1923 1899 1970 1924 20
