2021 3434
130 184 183 232 i'x.
208 202 245 244 7·
596 194 667 234 IN
710 193 945 234 OSEAM.
1006 191 1149 231 TOM.
1184 191 1236 231 V.
1620 192 1702 231 189

226 406 336 449 Ὑπὸ
361 411 434 450 τοῦ
457 410 642 451 Πλήθουε
669 408 754 451 τῶν
780 407 956 450 ἀδικιῶν
984 422 1056 450 σου
1083 407 1324 449 ὲΠλΗθύνθΗ
1351 404 1479 455 μανία
1506 419 1593 448 σου.

202 528 371 590 Πλῆθος
423 528 606 586 ἀδικίαις
654 532 805 600 φησὶν
852 532 988 581 οἱονεὶ
1036 529 1122 594 τὴν
1171 527 1473 595 πολύτροπόν
1524 551 1572 579 τε
1624 529 1697 578 καὶ
1718 549 1739 574 e

125 614 348 677 πολυειδῆ
410 615 662 679 θρησκείαν
723 619 805 664 τοῦ
854 611 1071 679 Ἰσραήλ.
1162 612 1226 662 ἑνὶ
1275 611 1359 675 μὲν
1407 610 1501 676 γὰρ
1553 610 1700 680 λόγῳ,

125 694 438 758 πεπλάνηντο,
477 698 552 746 καὶ
588 694 757 748 πάντες
797 693 921 759 ἦσαν
956 692 1306 760 εἰδωλολάτραι.
1381 691 1510 757 πλὴν
1553 694 1701 759 ἐμερί-

83 784 104 820 5
126 775 256 841 ζοντο
287 776 393 830 τοὺς
423 780 505 842 τῆς
530 776 813 841 πλανήσεως
846 774 1059 843 τρόπους,
1094 775 1238 826 ἄλλοι
1264 798 1313 826 τε
1344 775 1512 828 ἄλλοις
1545 797 1699 840 προσ-

124 860 241 922 ῆγον
274 858 357 912 τὰς
387 858 589 922 τελετὰς,
622 860 698 909 καὶ
730 863 824 912 τοῖς
857 863 1141 924 προσιοῦσιν
1179 860 1416 908 ἐποιοῦντο
1451 856 1534 911 τὰς
1572 861 1696 926 ψευ-

123 942 410 1003 δομαντειάς.
476 945 517 992 οἱ
560 940 644 1005 μὲν
684 940 776 1007 γὰρ
817 945 917 994 ταῖς
955 940 1219 1004 δαμάλεσιν
1255 939 1518 1006 ἐλάτρευον·
1571 943 1613 991 οἱ
1651 939 1699 991 δὲ

121 1025 187 1091 τῷ
220 1021 414 1085 Χαμὼς,
450 1023 628 1094 εἰδώλῳ
669 1021 846 1084 Μωάβ·
889 1022 1031 1089 ἕτεροι
1069 1021 1117 1074 δὲ
1154 1026 1212 1091 τῇ
1244 1022 1506 1091 Ἀστάρτῃ.
1573 1021 1701 1087 ἦσαν

122 1104 182 1166 δὲ,
209 1104 252 1155 οἳ
277 1127 352 1156 και
386 1109 453 1175 τῷ
487 1105 625 1157 Βάαλ
663 1129 738 1156 και
772 1109 830 1173 τῇ
865 1109 1067 1173 στρατιᾷ
1096 1110 1179 1155 τοῦ
1210 1105 1420 1171 οὐρανοῦ.
1481 1104 1699 1174 ταύτῃτοι

57 1202 102 1226 10
122 1185 242 1240 Gens·
295 1188 513 1255 ἐπῃτιᾶτο
557 1187 710 1253 λεγων
760 1186 836 1238 διὰ
894 1190 1054 1256 φωνῆς
1101 1188 1324 1254 Ιερεμιου
1373 1194 1400 1216 “
1419 1185 1536 1239 Ὀτι
1578 1188 1736 1240 κατᾶἱι
1769 1201 1845 1235 132
1866 1201 1915 1236 Α,

121 1269 368 1336 “ἀριθμον
393 1270 580 1323 πόλεών
616 1294 706 1322 σου
728 1269 865 1338 ἦσαν
903 1271 1003 1322 θεοι
1029 1293 1120 1321 σου
1145 1269 1340 1323 Ἰούδα.”
1404 1270 1580 1336 ἑκάστη
1604 1271 1697 1339 γὰρ
1759 1251 1861 1326 311¹?ss

118 1351 255 1406 πόλις
280 1357 373 1403 τῶν
397 1354 504 1420 παρ’
533 1355 686 1408 αὐτοῖς
712 1354 826 1404 ’ίδιον
851 1353 970 1420 ἔχειν
1001 1352 1233 1419 ὡμολόγει
1260 1353 1379 1405 θεόν.
1421 1359 1559 1405 τοῦτο
1585 1354 1697 1406 αὐτὸ

118 1433 282 1494 πλῆθος
316 1432 497 1491 ἀδικίαις
530 1435 739 1503 ὀνομάζει
775 1436 972 1489 δικαίως.
1033 1436 1236 1500 ἀδίκημα
1267 1435 1360 1502 γὰρ
1399 1438 1588 1501 ἀληθῶς
1620 1440 1697 1489 καὶ

119 1518 250 1583 ὕβρις
294 1521 355 1572 εἷς
400 1518 536 1582 Θεὸν,
578 1518 632 1570 τὸ
676 1520 942 1588 ἀποφοιτᾶν
978 1517 1062 1582 μὲν
1104 1520 1259 1580 αὐτοῦ,
1294 1524 1607 1585 προσκεῖσθαι
1646 1521 1695 1572 δὲ

760 1603 773 1619 Χ

53 1608 97 1646 Ι5
118 1599 279 1668 ξύλοις
312 1623 361 1652 τε
399 1603 474 1652 καὶ
506 1602 667 1665 λίθοις,
701 1625 776 1652 και
813 1606 942 1654 “τοῖς
981 1601 1130 1667 ἔργοις
1166 1605 1260 1652 τῶν
1298 1606 1463 1668 χειρῶν
1498 1603 1691 1666 αὐτῶν,”
1754 1615 1912 1649 Ib·i·16·

116 1681 323 1749 καθάπερ
348 1682 622 1751 γέγραπται.
690 1687 852 1752 μαινίσιν
887 1683 935 1735 δὲ
965 1682 1090 1750 λέγει
1119 1682 1205 1748 τὴν
1235 1685 1470 1747 μαντείαν.
1528 1686 1693 1737 οὐκοῦν

115 1764 359 1831 ἐπειδήπερ
394 1765 558 1827 πλῆθος
584 1763 766 1822 ἀδικίαις
799 1768 993 1832 ηὕρηται
1025 1767 1072 1817 ἐν
1106 1766 1189 1817 σοί
1211 1770 1348 1834 φησι,
1371 1766 1589 1836 ταύτῃτοι
1616 1770 1692 1819 καὶ

115 1847 243 1914 παρὰ
291 1850 368 1899 σοὶ
415 1847 713 1910 πεπλήθυνται
762 1851 919 1919 μοινίιι,
963 1847 1206 1900 τουτέστιν
1257 1849 1285 1913 ἡ
1333 1851 1688 1917 ψευδομαντειά,
1708 1865 1735 1905 b

115 1929 315 1981 ἑκάστου
359 1930 477 1981 κατὰ
527 1931 580 1982 τὸ
630 1930 749 1985 εἰκὸς
791 1935 884 1982 τῶν
934 1930 1294 1999 ψευδομάντεων
1342 1932 1458 1982 ἴδιον
1505 1932 1692 2001 ἔχοντος

49 2032 96 2056 20
115 2012 304 2076 τρόπον,
345 2013 452 2064 καθ’
491 2012 544 2065 ὃν
587 2013 870 2079 ἐμαντεύετο.
940 2014 1135 2065 ε”κτοπον
1169 2014 1249 2065 οὖν
1287 2015 1378 2080 ἄρα
1417 2016 1491 2065 καὶ
1530 2014 1688 2082 παρά-

115 2118 257 2158 νομον
292 2098 366 2146 καὶ
405 2096 617 2161 βέβηλον
657 2098 860 2161 ἀληθῶς,
899 2098 974 2147 καὶ
1009 2097 1092 2147 οὐκ
1130 2096 1356 2151 ἀνικάνως
1392 2097 1499 2164 ἕχον
1537 2097 1599 2151 ε’ίς
1637 2121 1691 2164 γε

113 2177 166 2228 τὸ
209 2177 437 2229 δύνασθαι
476 2184 640 2230 λυπεῖν
682 2181 756 2230 καὶ
790 2178 1075 2245 παροτρύναι
1114 2181 1270 2233 δεινῶς
1314 2178 1396 2230 τὸν
1432 2183 1526 2230 τῶν
1564 2179 1692 2231 ὅλων

114 2261 251 2325 Θεὸν,
277 2261 331 2313 τὸ
364 2263 683 2332 ψευδοεπείαις
720 2267 1033 2329 προσκεῖσθαι
1065 2268 1221 2331 φιλεῖν
1258 2267 1351 2314 τῶν
1386 2268 1551 2314 λαλεῖν
1582 2268 1686 2315 εἰω-

113 2342 263 2395 θότων
306 2344 365 2395 τὰ
418 2344 538 2397 ιἀπὸ
582 2347 772 2412 καρδιας
812 2346 978 2409 αὐτῶν,
1018 2343 1140 2396 καθὰ
1181 2368 1453 2412 γεγραπται,
1492 2369 1567 2397 και
1606 2347 1688 2398 οὐκ
1750 2361 1800 2393 Ib
1814 2361 1908 2394 xxiii.

795 2426 819 2443 ‚‚
1752 2406 1801 2437 16.

45 2442 93 2479 25
114 2434 141 2456 “
167 2426 260 2478 ἀπὸ
310 2427 546 2491 στόματος
598 2429 790 2494 Κυρίου
901 2428 1298 2496 παραφυλακτεόν
1342 2428 1398 2492 δὴ
1438 2428 1519 2478 οὖν
1561 2431 1685 2495 Χρι-

113 2513 320 2563 στιανοῖς
350 2508 403 2560 τὸ
436 2509 777 2575 πλημμέλημα.
844 2510 1002 2573 μόνοις
1039 2508 1132 2576 γὰρ
1168 2507 1224 2561 ἂν
1257 2509 1425 2577 πρέποι
1456 2508 1509 2562 τὸ
1535 2510 1687 2563 τοιάδε

115 2596 269 2642 νοσεῖν
295 2596 388 2645 τοῖς
413 2595 506 2642 τῶν
533 2591 763 2656 δαιμόνων
789 2596 1103 2658 θεραπευταῖς.
1703 2619 1724 2646 c

165 2774 194 2798 ῐ.
212 2762 311 2809 Ὑπὸ]
325 2762 411 2797 Ἀπὸ
426 2763 472 2798 D.
488 2763 559 2808 (22.
571 2764 631 2807 al.)
726 2774 759 2808 3.
777 2763 842 2808 γὰρ
853 2768 1074 2807 assumptum
1091 2774 1131 2797 ex
1144 2762 1186 2798 B.
1191 2763 1239 2798 D.
1345 2776 1379 2807 4.
1396 2765 1622 2810 πεπλάνηνται
1637 2765 1686 2802 D.

115 2811 211 2853 5.δέ
229 2822 290 2854 pro
307 2825 343 2844 τε
361 2811 408 2844 D.
704 2822 737 2855 9.
763 2809 826 2857 τῷ]
847 2812 885 2854 τῇ
906 2810 950 2844 D.
1252 2819 1303 2855 15.
1330 2811 1453 2857 αὐτῶν]
1473 2813 1574 2847 αὐτοῦ
1592 2813 1685 2848 Edd.

118 2867 170 2902 17.
196 2871 333 2901 ηυρηται
351 2856 548 2902 1).ευρηται
567 2856 658 2891 Edd.
972 2864 1026 2902 27.
1052 2855 1267 2902 δαιμόνων]
1251 2858 1355 2903 αγίων
1372 2858 1460 2903 (Sic)
1479 2859 1538 2893 iid.
1587 2860 1685 2905 θερα-

112 2903 263 2949 πευταῖς]
286 2908 322 2944 -ὶ-
344 2903 391 2948 εἵη
410 2903 467 2938 δ’
452 2919 491 2937 αν
507 2905 564 2938 οὐκ
581 2903 811 2949 ἀμφίλογον“
796 2918 838 2939 ως
863 2904 893 2937 οἱ
918 2904 976 2947 τῆς
1000 2903 1132 2938 ἐκείνων
1150 2905 1369 2950 μετίσχοντες
1388 2907 1517 2950 πλάνης
1532 2906 1591 2951 τὴν
1606 2907 1686 2951 ἰ’σην

112 2951 222 2986 αὐτοῖς
239 2950 441 2995 ὑπομένουσι
460 2951 549 2996 (sic)
566 2953 707 2985 κόλασιν
724 2951 771 2985 D.
