2021 3434
112 179 167 219 ix.
192 189 230 231 7,
255 180 291 220 8.
607 182 680 222 IN
720 182 913 224 AMOS.
974 181 1123 223 TOM.
1157 181 1234 221 IV.
1607 179 1689 220 537

110 284 158 336 δὲ
196 290 257 339 εἰς
295 286 379 351 τὴν
418 291 507 353 γῆν
541 292 623 353 τῆς
658 290 957 354 ἐπαγγελίας.
1032 291 1106 339 καὶ
1144 287 1324 352 ἀληθὴς
1353 286 1439 351 μὲν
1470 288 1495 336 ὁ
1529 285 1686 350 λόγος.

108 370 150 417 οἱ
189 368 237 418 δέ
276 368 333 432 δὴ
364 371 577 433 μάλιστα
615 376 714 425 ταῖς
754 372 1069 436 καθηκούσαις
1094 372 1310 434 ἀμοιβαῖς
1341 368 1689 436 κατευφραίνειν

107 451 382 516 ὀφείλοντες
412 451 494 502 τὸν
526 453 815 517 τετιμηκότα,
843 457 941 506 ταῖς
972 453 1248 518 ὁλοτρόποις
1272 450 1589 503 ἀποστασίαις
1615 451 1690 499 καὶ

106 536 207 585 ταῖς
245 537 308 587 εἷς
352 533 630 602 φαυλότητα
670 540 994 601 παρατροπαῖς
1031 533 1236 587 ἐκτόπως
1276 531 1535 600 ὑβρίζοντες
1572 530 1690 581 κατὰ

66 634 88 672 5
107 615 319 669 πολλοὺς
355 617 611 679 ἡλίσκοντο
645 616 859 683 τρόπους.
925 617 1093 681 ἥκουσι
1120 616 1167 667 δὲ
1199 615 1288 680 ἤδη
1315 612 1690 683 φρενοβλαβείας

108 700 169 749 εἷς
196 703 334 748 τοῦτο
358 698 526 749 λοιπὸν
562 703 603 749 οἱ
638 699 854 761 τάλανες,
886 702 947 752 ὡς
979 698 1164 750 οἴεσθαί
1192 702 1367 765 σφισιν
1393 697 1545 749 αὐτοῖς
1571 692 1689 760 πρὸς

106 777 161 828 τὸ
187 779 236 828 εὖ
262 777 379 830 εἶναι’
397 803 445 831 τε
471 784 546 831 καὶ
572 780 626 832 τὸ
651 785 712 835 εἰς
738 780 881 849 δόξαν
908 781 1122 846 ἀρκέσειν
1147 779 1201 830 τὸ
1237 780 1286 829 ἐκ
1317 778 1440 845 ῥίζης
1470 777 1689 843 γενέσθαι

106 863 189 922 τῆς
214 861 450 928 (Αβραάμ,
476 865 550 913 καὶ
577 863 647 914 ὅτι
678 863 1089 926 μετεκομίσθησαν
1122 863 1170 911 ἐκ
1202 863 1289 926 γῆς
1324 861 1589 925 Αἰγυπτίων
1627 861 1688 911 εἰς

105 941 191 1006 τὴν
225 946 306 1007 τῆς
348 945 631 1010 ἐπαγγελίας
673 949 779 1010 γῆν.
844 946 918 996 ἵνα
953 946 1106 994 τοίνυν
1144 946 1311 1004 εἰδεῖεν,
1350 944 1412 996 ὡς
1450 943 1687 1004 ἀσυντελῆ

40 1051 87 1075 10
106 1025 223 1090 πρὸς
249 1025 414 1090 ὄνησιν
451 1026 509 1077 τὰ
543 1026 694 1078 τοιάδε
729 1032 823 1078 τῶν
850 1025 1132 1094 αὐχημάτων
1165 1027 1317 1078 αὐτοῖς
1347 1022 1446 1086 εἶεν,
1472 1025 1681 1074 ἀναπεπ-

106 1106 309 1158 τωκόσιν
346 1109 420 1159 ἐπὶ
465 1107 518 1158 τὸ
559 1107 768 1177 ῥᾴθυμον
813 1110 888 1158 καὶ
930 1109 1011 1158 οὐκ
1052 1107 1297 1158 ἐθέλουσιν
1338 1107 1560 1167 εὐσεβεῖν,
1600 1106 1683 1154 ἀν-

106 1190 310 1253 αγκαίως
337 1190 488 1256 φησίν
513 1191 637 1256 Οὐχὶ
663 1192 809 1243 οὕτως
837 1191 954 1252 ὑμᾶς
980 1188 1233 1255 ἡγήσομαι,
1262 1186 1349 1239 κᾶν
1374 1187 1520 1254 ε”χοιτε
1546 1185 1689 1254 τυχὸν

106 1269 160 1321 τὸ
203 1273 252 1321 ἐκ
293 1271 506 1336 πατέρων
545 1271 736 1337 εὐγενὲς,
770 1270 979 1337 καθάπερ
1023 1271 1185 1333 ἀμέλει
1224 1272 1298 1321 καὶ
1337 1269 1443 1323 τοὺς
1480 1268 1688 1320 Αἰθιόπων

106 1355 226 1415 υἱεῖς,
259 1352 301 1403 οἳ
334 1352 463 1420 ῥίζαν
497 1355 579 1405 οὐκ
618 1354 780 1421 ε”χουσι
818 1352 901 1404 τὸν
937 1351 1196 1419 “Αβραοίμ;
1241 1349 1556 1418 ἀπροσκλινὲς
1593 1349 1687 1417 γὰρ

41 1456 86 1494 15
106 1433 159 1485 τὸ
193 1439 315 1486 θεῖον
350 1438 424 1486 καὶ
462 1435 911 1502 ἀπροσωπόληπτον
946 1439 1204 1497 παντελῶς,
1231 1437 1306 1485 καὶ
1344 1432 1574 1500 σαρκικὴν
1605 1435 1687 1484 οὐκ

1708 880 1730 904 a
1755 871 1839 905 348
1856 870 1906 904 A.

106 1514 226 1567 οἶδεν
287 1517 516 1583 εὐγένειαν
569 1517 787 1587 πράξεων
839 1516 1014 1583 ἐρήμην
1065 1519 1270 1582 ἀγαθῶν·
1336 1519 1491 1569 αἰδοῦς
1540 1514 1732 1581 γεμὴνῐ)

106 1599 295 1663 ἀπάσης
329 1600 457 1668 ἀξιοῖ
486 1599 571 1663 τὴν
607 1599 934 1664 πνευματικὴν,
962 1601 1037 1650 καὶ
1073 1597 1191 1666 ιἧπερ
1229 1597 1285 1649 ἂν
1324 1599 1480 1650 ἕποιτο
1519 1597 1572 1648 τὸ
1611 1596 1686 1648 διὰ

106 1686 339 1748 λαμπρῶν
383 1681 666 1749 αὐχημάτων
716 1681 1024 1748 ἀγλαῖζεσθαι
1075 1686 1245 1749 φιλεῖν.
1319 1681 1430 1731 ἀλλ’
1481 1677 1598 1730 εἷναί
1643 1703 1686 1731 τι

105 1763 225 1829 με’γα
263 1767 338 1814 καὶ
375 1764 610 1833 ἐξαίρετον
649 1766 755 1827 ὑμῖν
790 1766 969 1815 κάκεῖνο
1007 1767 1142 1826 δοκεῖ,
1174 1763 1227 1814 τὸ
1261 1764 1311 1814 ἐκ.
1345 1765 1427 1826 τῆς
1459 1761 1686 1828 Αἰγύπτου

39 1874 87 1898 20
106 1848 449 1914 μεταφοιτῆσαι
483 1845 601 1911 πρὸς
636 1846 808 1911 ἑτέραν.
878 1844 975 1897 εἶτα
1004 1869 1048 1896 τι
1081 1851 1249 1906 τοῦτος
1291 1847 1498 1913 φησιν,
1483 1843 1512 1909 ὴ
1547 1845 1686 1895 ποίαν

107 1928 212 1988 ὑμῖν
256 1929 512 1990 εἷσκομίσει
553 1927 639 1992 τὴν
680 1927 875 1992 ὅνησιν;
922 1927 1084 1994 ε’χουσι
1125 1934 1263 1978 τοῦτο
1307 1926 1536 1988 λαβόντες
1573 1926 1683 1992 παρ’

105 2011 216 2073 ἐμοῦ
251 2013 326 2060 καὶ
357 2010 514 2075 ἕτεροι.
577 2010 861 2073 μετεκόμισα
887 2009 980 2076 γὰρ
1007 2009 1103 2065 τους
1135 2009 1219 2073 μὲν
1243 2008 1551 2078 αλλοφύλους,
1580 2031 1685 2059 του-

105 2091 236 2142 τέστι
273 2092 380 2145 τοὺς
419 2092 785 2145 Παλαιστινούς·
827 2094 947 2143 οὕτω
986 2092 1078 2158 γὰρ
1117 2092 1416 2158 ἡρμήνευσαν
1451 2091 1681 2157 “Εβραῖοι·

106 2174 157 2225 ἐκ.
210 2170 572 2228 Καππαδοκίας·
632 2173 726 2228 τους
777 2173 824 2225 δὲ
875 2174 1044 2242 Σύρους,
1094 2174 1274 2227 πάντας
1318 2171 1534 2238 δηλονότι
1577 2171 1684 2226 τοὺς

39 2279 86 2318 25
108 2254 196 2306 ὑπό
230 2278 283 2321 γε
314 2255 400 2320 τὴν
435 2259 700 2318 Δαμασκοῦ
733 2255 985 2316 βασιλείαν
1019 2254 1302 2319 τοτηνικάδε,
1334 2255 1603 2320 μετήγαγον
1634 2257 1723 2309 ἑκο

106 2336 268 2406 βόθρου.

157 2522 186 2545 1.
211 2512 274 2556 γῆν
290 2522 427 2545 erasum
445 2511 480 2544 in
499 2510 542 2543 A.
591 2524 652 2554 μεν
669 2521 738 2544 om.
756 2510 799 2544 A.
923 2519 957 2553 5.
982 2511 1101 2555 ἥκουσι
1119 2510 1162 2544 A.
1181 2510 1261 2554 ἧκον
1279 2510 1370 2544 Edd.
1505 2510 1537 2544 6.
1563 2511 1684 2545 λοιπὸν

106 2569 223 2591 assum
227 2565 328 2602 ptum
348 2570 388 2591 ex
408 2558 450 2591 A.
458 2557 498 2591 Β.
779 2567 810 2601 7.
836 2572 872 2591 τε
889 2569 958 2591 om.
980 2557 1022 2592 B.
1071 2558 1109 2591 τὸ
1128 2557 1321 2592 secundum
1340 2563 1561 2601 assumptum
1578 2569 1618 2591 ex
1636 2558 1680 2591 A.

106 2605 139 2638 8.
164 2606 222 2648 τῆς
227 2571 282 2638 IA.
290 2605 329 2639 Β.
348 2607 407 2638 τοῦ
426 2603 516 2638 Edd.
580 2605 642 2649 γῆς
659 2604 703 2637 A.
727 2604 786 2647 τῆς
811 2603 903 2638 Edd.
970 2604 1096 2638 Statim
1121 2604 1304 2649 Αἷγυπτίας
1330 2603 1420 2638 Edd.
1447 2604 1563 2637 invitis
1589 2604 1632 2637 A.
1638 2604 1681 2638 B.

106 2662 139 2696 9.
165 2651 343 2685 ἀσυντελεῖ
360 2652 403 2684 Α.
658 2661 710 2684 10.
737 2649 789 2684 ἵνα
806 2662 869 2695 pro
886 2665 951 2684 ειεν
967 2651 1012 2684 Α.
1268 2662 1320 2685 12.
1345 2651 1405 2696 ἕχη
1387 2665 1444 2694 ητε
1462 2650 1504 2684 Β.
1555 2649 1682 2685 Statim

104 2698 209 2742 τυχὸν
225 2705 446 2742 assumptum
463 2709 503 2731 ex
523 2697 565 2731 A.
573 2696 613 2730 Β.
806 2708 857 2741 13.
884 2699 954 2732 τοῖς
971 2697 1045 2731 Αἷθ.
1064 2698 1147 2733 υἱοῖς
1164 2698 1208 2731 Α.
1372 2709 1424 2739 14.
1450 2698 1508 2731 τὸν
1524 2697 1568 2730 Α.
1588 2697 1681 2731 Edd.

105 2746 165 2778 τοῦ
184 2744 225 2777 Β.
274 2744 450 2778 ἀποκλινές
468 2743 560 2777 Edd.
715 2752 768 2788 15.
794 2746 847 2776 καὶ
865 2744 960 2787 prius
977 2750 1198 2789 assumptum
1216 2755 1257 2778 ex
1275 2743 1366 2778 A.B.
1545 2753 1597 2788 17.
1624 2746 1682 2788 τῆς

105 2792 326 2835 πνευματικῆς
343 2792 386 2824 Α.
437 2789 569 2824 ἕλοιντο
587 2801 650 2834 pro
667 2789 780 2824 ἕποιτο
797 2791 835 2823 τὸ
853 2790 896 2823 Α.
1121 2802 1174 2835 19.
1200 2789 1372 2836 Αἷγύπτου
1389 2790 1480 2824 Α.Β.
1498 2790 1682 2835 Αἰγυπτίας

108 2837 199 2871 Edd.
436 2848 489 2870 20.
515 2837 632 2881 ἑτέραν
649 2836 734 2871 ἐστι·
757 2848 818 2882 pro
835 2836 961 2881 ἑτεραν.
989 2833 1058 2870 εἶτα
1077 2836 1120 2871 Α.
1357 2848 1411 2871 21.
1438 2837 1619 2881 εἰσκομίζει
1636 2838 1680 2872 Α.

107 2883 225 2927 ὄνησιν
242 2884 284 2917 A.
303 2882 473 2928 ὠφέλειαν
491 2883 582 2917 Edd.
1033 2894 1087 2927 23.
1113 2883 1172 2928 τὴν
1189 2885 1427 2918 Παλαιστινῶν
1446 2884 1524 2927 (Sic)
1544 2885 1587 2918 A.
1604 2885 1682 2919 τοὺς

108 2931 392 2966 Παλαιστιναίους
409 2930 463 2968 b„
492 2928 627 2975 ἡρμὴν.]
652 2934 687 2971 -ὶ-
709 2930 739 2963 οἶ
759 2929 847 2963 Edd.
868 2929 983 2963 invitis
1003 2930 1091 2964 A.B.
1446 2941 1500 2973 24.
1526 2931 1681 2975 δηλονότι

109 2989 178 3011 om.
198 2978 241 3011 A.

166 3047 257 3075 vor..
283 3048 310 3075 1.
862 3048 885 3089 3
909 3050 928 3073 z
