2021 3434
91 222 131 262 ii.
156 234 193 276 5.
549 225 622 265 IN
665 225 903 266 OSEAM.
965 224 1115 265 TOM.
1159 224 1218 265 ΙΙ.
1613 224 1657 261 5]

1732 333 1770 362 l's
1800 330 1866 359 xxi.

91 340 119 362 “
144 335 256 384 Ἐπὶ
293 333 349 385 σὲ
381 336 634 404 ε’περῥίφην
667 339 716 387 ἐκ
748 336 940 404 μήτρας·
998 335 1091 388 ἀπὸ
1123 334 1333 402 γαστρὸς
1368 333 1542 400 μητρός
1577 356 1666 395 μου
1732 385 1779 406 Η.

93 421 119 444 “
146 414 266 469 Θεός
303 439 394 479 μου
428 416 469 468 εἶ
498 418 605 469 σύ.”
668 417 831 484 ὥσπερ
869 419 916 469 δὲ
957 421 1042 470 υἱοὶ
1074 417 1232 486 φωτὸς
1263 419 1338 468 καὶ
1377 418 1462 467 υἱοὶ
1497 415 1705 481 ἡμέραςθ

92 499 253 548 νοοῖντ’
282 497 339 548 ἂν
372 499 570 563 εἰκότως,
612 504 653 551 οἱ
688 504 749 554 ὡς
782 503 829 551 ἐν
861 503 983 569 φωτὶ
1021 504 1095 551 καὶ
1135 500 1282 567 ἡμέρᾳ
1318 496 1668 559 πολιτευόμενοι

91 584 320 646 λαμπρῶς
354 604 404 632 τε
434 585 508 633 καὶ
540 583 854 650 εὐσχημόνως·
895 585 1014 634 οὕτω
1042 580 1128 633 κᾶν
1155 586 1191 632 εἱ
1219 582 1432 647 λέγοιντο
1455 580 1671 646 πορνείας

50 661 227 712 5τέκνα
265 662 398 726 τινὲς,
441 663 548 718 τοὺς
589 667 651 719 ὡς
690 666 738 715 ἐν
782 666 974 734 πορνείᾳ
1011 666 1085 715 καὶ
1130 667 1187 730 τῇ
1227 664 1336 713 λίαν
1372 659 1671 729 ἐκτοπωτάτῃ

1 620 6 722 3

91 741 182 810 ζωῇ
221 743 405 809 νοήσεις
438 746 597 808 πάλιν,
637 746 715 800 οὓς
753 747 1078 812 κατοικτείρειν
1123 746 1205 795 οὐκ
1249 745 1383 813 ἀξιοῖ,
1427 745 1548 796 Διότι
1588 768 1670 795 πε-

90 827 310 896 πὸρνευκεν
370 854 391 889 η
454 831 586 897 μήτηρ
650 828 803 886 αὐτῶν,
871 828 1136 901 scarajo-zum
1197 853 1218 887 η
1276 829 1464 877 τεκοῦσα,
1532 826 1665 876 αὐτοὶ.

90 907 355 976 κατῄσχυνε
394 909 441 960 δὲ
482 908 648 974 ἑαυτὴν
683 908 914 974 δηλονότι,
954 913 1028 961 καὶ
1063 908 1122 960 τὰ
1159 909 1216 978 ἐξ
1251 910 1390 971 αὐτῆς
1425 908 1668 974 ἀναφύντα

90 991 238 1041 τέκνα.
303 989 464 1057 ὥσπερ
507 992 598 1057 γάρ
641 993 770 1042 ἐστιν
816 994 864 1042 ἐν
907 991 1150 1059 αὐχήμασι
1195 996 1289 1044 τοῖς
1334 994 1393 1042 εὶς
1437 988 1604 1055 ἀρετὴν
1642 991 1667 1038 ὁ

26 1094 72 1118 10
91 1073 275 1125 δίκαιος·
317 1074 462 1127 οὕτως
485 1075 533 1124 ἐν
557 1074 759 1142 αἰσχύνῃ
786 1078 860 1125 καὶ
883 1076 1083 1142 ἐντροπῇ
1108 1078 1200 1128 πᾶς
1225 1071 1484 1135 δυσσεβής.

91 1252 192 1297 ΕῙΠΕ
220 1258 612 1313 ΓάρἈΚολουθέιοω
638 1258 776 1301 (miso)
803 1260 887 1300 τὼν
918 1260 1111 1316 ἐραστῶν
1145 1275 1223 1307 μου
1250 1258 1335 1299 τῶν
1364 1258 1571 1299 διδόντων
1599 1272 1669 1304 μοι
1688 1274 1707 1296 a
1742 1263 1796 1296 36
1819 1262 1868 1295 A.

154 1340 250 1380 τοὺς
284 1341 437 1396 ἄρτους
475 1357 552 1390 μου
589 1342 655 1381 καὶ
688 1341 734 1383 τὸ
774 1342 889 1398 ὕδωρ
926 1358 1004 1390 μου
1044 1342 1111 1382 καὶ
1149 1342 1199 1382 τὰ
1240 1340 1382 1389 ἱμάτιά
1416 1356 1494 1388 μου
1523 1340 1589 1379 καὶ
1618 1338 1666 1380 τὰ

153 1425 300 1466 ὀθόνιά
329 1441 407 1474 μου
435 1426 501 1466 καὶ
527 1426 575 1467 τὸ
602 1427 747 1467 ἔλαιόν
774 1442 852 1474 μου
881 1427 947 1467 καὶ
974 1428 1111 1468 Πάντα
1138 1428 1217 1468 ὅσα
1246 1442 1315 1474 μοι
1344 1426 1532 1466 καθήκει.

161 1530 384 1602 Ἐρασ-τέις
428 1533 569 1596 αὐτῆς
620 1530 738 1582 εἷναί
776 1537 898 1600 φησι
943 1531 1050 1586 τοὺς
1094 1531 1384 1599 ἀκαθάρτους
1435 1532 1668 1594 δαίμονας,

26 1636 39 1660 ¹
50 1633 69 1671 5
89 1616 192 1681 περὶ
222 1615 300 1668 οὓς
334 1613 390 1665 ἂν
416 1615 603 1681 λε’γοιτο
634 1617 707 1665 καὶ
742 1617 766 1665 ὁ
801 1619 883 1679 τῆς
916 1616 1131 1682 πορνείας
1165 1617 1450 1678 πεποιῆσθαι
1478 1613 1664 1679 τρόπος.

89 1697 254 1764 τὸγὰρ
279 1703 379 1752 ταῖς
398 1699 580 1748 ἐκείνων
608 1696 806 1748 ἕπεσθαι
833 1698 1053 1763 γνώμαις,
1079 1700 1154 1748 καὶ
1180 1697 1238 1748 τὰ
1263 1698 1417 1750 αὐτοῖς
1444 1699 1669 1746 δοκοῦντα

88 1785 316 1845 πληροῦν,
349 1785 487 1831 τοῦτο
523 1778 654 1842 οἶμαί
680 1781 783 1830 ἐστι
814 1778 867 1831 τὸ
903 1781 1200 1845 ἀσελγαίνειν
1233 1781 1279 1830 ἐν
1310 1779 1567 1844 ἁμαρτίαις,
1594 1779 1669 1827 καὶ
1687 1786 1712 1826 b

89 1865 300 1924 διαβιοῦν
342 1866 565 1929 αἰσχρῶς,
611 1864 685 1912 καὶ
735 1864 816 1925 τῆς
866 1861 1071 1929 ἐσχάτης
1122 1861 1419 1931 φαυλότητος
1461 1860 1662 1922 ἀναπίμ-

89 1948 324 1995 πλασθαι·
367 1944 511 2008 μόνον
547 1944 593 1995 δὲ
629 1945 732 2012 οὐχὶ
766 1946 841 1994 καὶ
868 1946 915 1995 ἐν
937 1946 1115 1995 ὠδῖσιν
1140 1944 1259 2012 ἔχειν
1285 1948 1379 1995 πᾶν
1406 1940 1523 1996 εἶδος
1548 1943 1664 1992 ἀκα-

25 2042 72 2066 20
91 2027 305 2093 θαρσίας.
373 2024 534 2093 ὥσπερ
565 2026 657 2092 γὰρ
697 2029 738 2077 οἱ
768 2026 850 2077 τὸν
890 2031 1012 2078 θεῖον
1038 2028 1278 2081 ὠδίνοντες
1303 2025 1472 2095 φόβον,
1499 2027 1662 2074 ἀνακε-

92 2108 298 2175 κράγασι
324 2108 442 2175 πρὸς
469 2108 605 2170 Θεόν,
634 2117 660 2138 “
682 2108 776 2160 Διά
799 2108 881 2160 τὸν
908 2107 1064 2177 φόβον
1089 2132 1194 2171 σου,
1224 2108 1385 2174 Κύριε,
1414 2109 1462 2158 ἐν
1494 2108 1668 2172 γαστρὶ
1728 2125 1780 2155 Es.
1798 2124 1885 2154 xxvi.

93 2197 119 2220 ‘⁶
145 2190 378 2256 ἐλάβομεν
410 2193 484 2241 καὶ
517 2191 810 2255 ὠδινήσαμεν
845 2193 921 2241 καὶ
959 2191 1184 2255 ἐτέκομεν,
1219 2196 1401 2252 πνεῦμα
1434 2188 1668 2254 σωτηρίου

92 2281 118 2302 “
144 2296 235 2325 σου
262 2273 523 2338 ε’κυήσαμεν
555 2275 628 2325 ἐπὶ
662 2277 743 2338 τῆς
771 2273 901 2340 γῆς·”
942 2275 1062 2325 οὕτω
1089 2277 1163 2324 καὶ
1195 2278 1295 2326 ταῖς
1320 2277 1413 2322 τῶν
1440 2271 1670 2334 δαιμόνων

92 2357 350 2420 ἐπιθυμίαις
394 2356 574 2410 ἀνέντες
619 2354 701 2407 τὸν
742 2361 851 2406 νοῦν
892 2356 1084 2420 ἁπάσης
1122 2354 1253 2408 εὐθὺς
1294 2353 1514 2413 ἀσεβείας
1565 2353 1665 2403 ἐπί-

27 2454 74 2490 25
93 2461 269 2502 μεστον
318 2437 520 2505 ἔχουσιν,
569 2442 610 2489 οἱ
667 2443 761 2489 τῶν
816 2440 949 2489 θείων
997 2440 1342 2506 ἀποφοιτῶντες
1392 2434 1545 2498 νόμων
1594 2437 1667 2496 καὶ

94 2520 284 2583 ἁπάσης
326 2519 623 2587 φαυλότητος
661 2520 962 2583 ἐπιτηδευταί.
1027 2520 1208 2586 ἔροιο-ταὶ
1257 2517 1313 2581 δὴ
1356 2517 1436 2567 οὖν
1475 2517 1674 2582 πονηροί
1688 2542 1708 2566 c

93 2625 141 2652 τε
184 2604 258 2652 καὶ
299 2601 527 2667 ἀλιτήριοι
567 2606 660 2652 τῶν
694 2605 755 2655 εἷς
795 2601 1016 2661 ἀσέβειαν
1057 2597 1426 2651 ἀπονενευκότων
1465 2602 1507 2649 οὶ
1545 2600 1666 2649 ἀπο-

94 2682 266 2734 στάται
314 2684 541 2747 δαίμονες,
594 2681 660 2736 οἷς
710 2683 752 2733 εἴ
796 2706 864 2736 τις
912 2681 1066 2733 ἕλοιτο
1114 2680 1366 2749 προσέχειν
1422 2683 1483 2734 ὡς
1538 2684 1671 2743 θεοῖς,

96 2766 389 2830 δυσσεβήσει
423 2769 592 2820 δεινῶς.
661 2765 908 2829 ἀνατίθησι
946 2763 1038 2831 γὰρ
1073 2765 1226 2817 αὐτοῖς
1260 2765 1334 2814 καὶ
1374 2761 1437 2814 ὧν
1479 2761 1536 2813 ἂν
1574 2762 1670 2830 ε”χοι

147 2898 177 2920 2.
199 2886 262 2920 υἱοὶ
279 2884 410 2930 φωτὸς]
430 2885 497 2920 εἶσὶ
516 2884 603 2929 (sic)
622 2884 736 2929 φωτὸς
754 2882 844 2917 Edd.
1112 2893 1144 2925 5.
1170 2881 1324 2928 πορνείᾳ]
1344 2884 1486 2929 πορνείῳ
1504 2884 1592 2928 (Sic)
1610 2883 1670 2918 iid.

102 2944 154 2966 11.
181 2931 420 2977 ἀκολουθήσω]
441 2933 497 2966 Sic
518 2932 559 2965 B.
578 2931 719 2975 (Alex.)
736 2930 945 2975 πορεύσομαι
965 2929 1054 2964 Edd.
1073 2929 1194 2974 (Vat.)
1436 2941 1487 2976 15.
1511 2930 1551 2965 ἂν
1568 2938 1600 2964 et
1619 2933 1670 2964 καὶ

98 2986 277 3023 assumpta
294 2991 334 3013 ex
356 2979 394 3013 B.
459 2977 671 3013 πεποιεῑσθαι
692 2977 781 3011 Edd.
929 2987 980 3022 17.
1004 2977 1038 3012 ἐν
1052 2982 1272 3021 assumptum
1291 2989 1330 3011 ex
1352 2977 1392 3011 B.
1538 2989 1590 3022 25·
1619 2978 1669 3011 καὶ

98 3033 317 3072 assumptum
337 3038 376 3060 ex
398 3026 437 3060 B.
595 3025 648 3058 28.
677 3025 718 3060 ὡς
737 3024 879 3059 accessit
897 3036 936 3057 ex
958 3024 998 3058 B.

840 3091 912 3118 112
