2021 3434
23 2218 29 2341 ἱ

16 2361 29 2429 <j

27 2462 31 2543 ἴ

30 2598 32 2620 ι

29 2653 34 2762 ἱ

33 2821 36 2894 ἱ

34 2908 37 2939 Ι

136 224 260 278 vii.4.
497 229 572 270 IN
624 229 1007 271 MICHAEAM.
1069 230 1344 272 TOM.111.
1624 232 1705 272 717

136 338 211 385 καὶ
252 337 522 405 ὀμοψυχίαν
567 340 650 390 οὐκ
689 340 885 393 ἐκείνοις·
932 339 1107 399 πόθεν;
1160 339 1290 390 ἀλλὰ
1333 343 1427 393 τοῖς
1468 337 1526 388 τὰ
1567 339 1707 388 αὑτοῦ

135 418 338 477 σέβουσι
383 421 688 483 διανέμοντος,
730 424 803 472 καὶ
853 421 920 475 οἷς
964 420 1022 472 ἂν
1065 423 1252 475 εἰκότως
1298 420 1353 471 τὸ
1402 423 1484 484 τῆς
1528 418 1708 486 εἰρήνης

135 500 379 566 ἐνιζήσειεν
412 502 606 567 ἀγαθὸν,
632 503 717 567 τὴν
747 506 828 566 τῆς
862 504 1080 567 ἀληθείας
1116 508 1289 566 τιμῶσι
1315 503 1525 565 δύναμιν,
1554 504 1627 552 καί
1653 500 1707 552 τὸ

137 584 509 646 κατατέμνεσθαί
542 608 621 636 ποι
653 584 769 651 πρὸς
807 585 1028 639 ἐκτόπους
1066 586 1406 645 εἰκαιοβουλίας
1433 585 1514 634 οὐκ
1540 584 1703 650 ἀνεχο-
1726 609 1748 635 e

96 685 118 723 5
136 664 298 727 μένοις,
341 666 704 734 καταθαυμάζειν
748 666 796 718 δὲ
840 665 984 731 μόνον
1027 670 1109 730 τῆς
1159 667 1379 731 ἀληθείας
1424 664 1478 716 τὸ
1528 664 1708 719 κάλλος

135 747 496 800 ἐσπουδακόσιν.

139 911 245 953 Οὐαὶ
272 913 367 954 οὐαὶ
397 913 438 955 αἱ
469 915 709 958 ἐκδικήσειε
735 931 809 958 σου
837 917 1000 967 ἥκοισιν,
1027 919 1097 956 νῦν
1122 914 1293 956 ἔσονται
1321 913 1525 962 κλαυθμοί
1553 913 1709 954 αὐτῶν.

209 1010 418 1065 Ἀκούεις
481 1012 606 1065 ὅπως
668 1015 743 1063 καὶ
798 1011 879 1065 τὰς
929 1017 1023 1063 τῶν
1074 1010 1368 1077 θρηνούντων
1415 1012 1710 1072 ἀπομιμεῖται

137 1090 316 1158 φωνὰς,
359 1094 412 1143 οὐ
449 1095 822 1160 προσδοκώντων
860 1094 926 1144 ε”τι
963 1093 1047 1147 τὰς
1085 1091 1349 1161 συμφορὰς,
1389 1092 1498 1141 ἀλλ’
1528 1090 1626 1141 οἷον
1664 1093 1712 1142 ἐν

71 1192 118 1217 10
137 1173 294 1227 αὐταῖς
345 1175 432 1239 ἤδη
482 1176 816 1242 γεγενημένων,
866 1177 940 1226 καὶ
991 1174 1249 1226 κλαιόντων
1300 1177 1710 1240 γυναικοπρεπῶς;

136 1257 272 1316 ἥκωσι
300 1256 393 1323 γὰρ
420 1264 468 1309 αἱ
496 1254 739 1318 ἑκὸικήσεις
766 1282 841 1308 σου
868 1260 1004 1325 φησὶ,
1031 1256 1287 1317 τουτέστιν,
1313 1255 1554 1321 ἐνέστηκεν
1580 1255 1605 1305 ὁ
1631 1257 1713 1319 τῆς
1731 1262 1759 1303 d

136 1339 264 1403 δίκης
289 1338 458 1404 καιρὸς,
485 1341 533 1390 ἐν
566 1341 732 1406 χερσὶν
759 1340 783 1389 ὁ
806 1338 1028 1402 πόλεμος,
1055 1340 1129 1389 ἐπὶ
1156 1338 1316 1403 θύραις
1341 1340 1365 1388 ὁ
1392 1336 1550 1391 πόνος.
1607 1337 1708 1388 ε’πι-

136 1420 293 1484 φέρων
319 1419 412 1487 γὰρ
439 1420 509 1472 ὅτι
529 1423 617 1472 Νῧν
644 1420 810 1472 ἔσονται
840 1419 1059 1488 κλαυθμοῖ
1088 1419 1241 1478 αὐτῶν,
1270 1420 1469 1486 δέδειχεν
1494 1420 1714 1485 ἐναργῶς,

136 1502 206 1553 ὅτι
243 1501 307 1566 μὴ
346 1507 408 1556 εἰς
440 1501 620 1569 μακρὰς
656 1502 923 1568 ὑπερθέσεις
959 1501 1020 1553 τὰ
1061 1505 1144 1565 τῆς
1185 1502 1471 1570 προφητείας
1516 1500 1713 1568 ἔρχεται,

71 1607 116 1644 15
137 1590 279 1635 κεῖται
311 1584 358 1635 δὲ
393 1584 555 1652 ὥσπερ
586 1587 633 1635 ἐν
659 1586 942 1652 ὀφθαλμοῖς.
1003 1583 1120 1648 μετὰ
1159 1583 1251 1650 γάρ
1288 1607 1360 1635 τοι
1398 1583 1481 1634 τὸν
1505 1581 1714 1646 Ἰωοῖθαμ

138 1665 271 1721 εὐθὺς
314 1667 504 1733 γέγονεν
547 1668 571 1717 ὁ
607 1665 777 1735 ’Άχαζ
809 1665 1011 1733 πονηρὸς
1057 1669 1132 1717 καὶ
1172 1665 1459 1729 ἀποστάτης,
1505 1666 1580 1715 καὶ
1621 1669 1715 1714 τῶν

139 1750 265 1800 ἰδίων
287 1749 459 1800 τέκνων
484 1747 714 1819 σφαγεὺς,
736 1746 766 1799 ἃ
787 1754 883 1803 τοῖς
908 1753 1002 1800 τῶν
1028 1749 1276 1812 δαιμονίων
1303 1748 1498 1799 ἀνετίθει
1522 1750 1712 1808 βωμοῖς.

724 1838 750 1860 ις
782 1832 792 1847 ’

770 1854 818 1881 εν
838 1831 985 1900 ἡμέρᾳ
1004 1834 1088 1900 μιᾷ
1113 1829 1276 1881 ἑκατὸν
1302 1829 1449 1880 ε’ίκοσι
1474 1827 1711 1897 χιλιάδες”
1771 1832 1880 1907 ἓξὲξ·
1900 1875 1920 1907 6

137 1918 232 1965 τῶν
257 1915 306 1965 ἐκ
332 1917 489 1983 φυλῆς
513 1913 667 1965 Ἰούδα
694 1915 769 1964 καὶ
796 1914 1032 1977 Βενιαμίν.
1079 1912 1234 1963 ἰστέον
1261 1911 1321 1974 δὲ,
1350 1911 1420 1962 ὅτι
1443 1911 1541 1962 κατ’
1569 1912 1711 1961 ἐκεῖνο
1729 1933 1751 1960 e

138 1832 208 1883 ἐπ’
226 1832 366 1882 αὑτοῦ
391 1831 696 1883 πεπτώκασιν

69 2024 118 2048 20
138 2002 221 2047 τοῦ
253 2001 413 2063 καιροῦ
444 1997 520 2047 καὶ
550 1996 687 2049 αὐτὸς
719 1995 915 2047 ἐκτέτικε
950 1995 1077 2048 δίκας
1112 1995 1136 2044 ὁ
1161 1993 1378 2060 Ἰσραήλ.
1438 1991 1587 2044 Φακεὲ
1620 1992 1712 2059 γὰρ

138 2078 493 2141 βασιλεύοντος,
535 2077 679 2143 ἀνέβη
718 2076 1124 2145 Θεγλαφαλασάρ
1166 2075 1395 2137 βασιλεὺς
1437 2074 1713 2139 Ἀσσυρίων

138 2160 257 2212 κατὰ
299 2163 381 2225 τῆς
421 2161 697 2227 Σαμαρείας,
736 2162 813 2210 καὶ
853 2159 1084 2212 πλείστας
1122 2157 1206 2222 μὲν
1251 2156 1369 2210 ὅσας
1413 2157 1554 2220 αὐτῆς
1592 2155 1715 2207 ὠλό-

138 2247 306 2308 θρευσε
343 2242 520 2306 πόλεις,
549 2241 643 2293 εἷλε
679 2240 728 2293 δὲ
766 2244 841 2293 καὶ
879 2240 963 2305 τὴν
988 2238 1268 2304 Δαμασκὸν,
1295 2241 1370 2290 καὶ
1409 2237 1549 2289 αὐτὸν
1572 2238 1714 2290 ἀπέκ-

138 2347 254 2376 τεινε
287 2325 370 2376 τὸν
401 2324 675 2388 ‘Panum-obv,
714 2324 838 2375 ὥστε
876 2324 983 2374 καθ’
1013 2323 1092 2373 ἕνα
1126 2320 1285 2388 καιρὸν
1322 2319 1595 2385 συμβέβηκε
1633 2323 1714 2371 δα-

71 2429 119 2467 25
138 2410 401 2471 πανηθῆναι
437 2407 522 2471 μὲν
559 2406 642 2458 τὸν
674 2406 856 2458 Ἰούδαν
898 2408 972 2456 καὶ
1015 2407 1097 2454 τὸν
1134 2405 1354 2465 Βενιαμὶν
1398 2401 1488 2454 ὑπὸ
1529 2406 1624 2452 τῶν
1664 2404 1713 2453 ἐν

141 2491 380 2559 Σαμαρείᾳ
411 2490 519 2541 δέκα
548 2494 730 2559 φυλῶν,
757 2487 922 2541 αὐτοὺς
948 2485 996 2538 δὲ
1028 2485 1134 2540 τοὺς
1160 2487 1207 2536 ἐν
1234 2484 1473 2553 Σαμαρείᾳ
1497 2488 1660 2536 παθεῖν
1687 2483 1712 2535 ὃ

140 2572 420 2639 δεδράκασιν
449 2572 539 2623 ὑπὸ
562 2577 645 2623 τοῦ
673 2571 996 2632 Βαβυλωνίου.
1041 2569 1152 2636 ὁρᾷς
1186 2568 1279 2629 οὖν,
1307 2567 1433 2621 ὅπως
1462 2567 1711 2634 μονονουχὶ
1728 2592 1750 2618 a
1777 2584 1865 2618 459
1883 2583 1933 2618 A.

190 2714 221 2737 Ι.
245 2703 367 2738 πόθεν·
359 2702 387 2748 ;]
409 2702 466 2737 Sic
484 2703 629 2737 correxi.
646 2702 749 2737 ποθὲν
765 2702 809 2735 A.
823 2701 913 2735 Edd.
963 2701 1004 2734 τὰ
1022 2699 1065 2732 Α.
1084 2701 1143 2732 τοῦ
1161 2697 1253 2732 Edd.
1373 2710 1407 2740 4.
1425 2699 1495 2732 τοῖς
1512 2709 1575 2742 pro
1591 2712 1649 2732 ποι
1666 2698 1711 2733 A.

140 2750 388 2788 εἶκαιοβυυλιάν
403 2750 595 2784 Aubertus.
769 2757 802 2793 5.
828 2749 930 2791 μόνον
946 2747 989 2780 Α.
1007 2747 1140 2789 μᾶλλον
1159 2744 1249 2778 Edd.
1425 2753 1457 2789 7.
1477 2744 1552 2778 οὐαὶ
1569 2745 1713 2779 accessit

140 2809 182 2830 ex
198 2797 242 2831 A
248 2796 290 2830 B.
304 2797 419 2839 (Alex.
434 2797 518 2830 XII.
525 2798 536 2839 )
588 2796 713 2830 Statim
730 2810 763 2828 αι
781 2799 1003 2838 assumptum
1020 2804 1062 2826 ex
1080 2793 1123 2825 A.
1143 2791 1261 2825 deest
1253 2803 1290 2825 1n
1308 2791 1346 2825 F.
1361 2790 1452 2825 Edd.
1471 2790 1546 2835 (36,
1561 2801 1618 2836 95,
1635 2802 1711 2836 130,

143 2844 220 2888 185,
233 2843 333 2888 311.)
381 2843 533 2888 ἔσονται]
554 2849 586 2881 -1-
605 2858 644 2888 γε
662 2843 706 2876 Α.
813 2841 845 2875 8.
871 2837 1101 2883 ἀπομιμεῖται]
1121 2838 1257 2882 ἀφεῖται
1274 2838 1318 2871 A.
1426 2848 1480 2872 10.
1506 2836 1637 2883 αὗταις]
1655 2838 1713 2873 Slc

140 2902 275 2924 correm
287 2902 327 2924 ex
340 2890 383 2924 A.
394 2890 506 2925 αὐτοῖς
520 2890 611 2924 Edd.
660 2889 829 2923 κλαόντων
842 2887 885 2921 A.
899 2887 1173 2931 γυναικοπρεπῶς
1186 2884 1386 2918 κλαιόντων
1379 2895 1517 2918 luverso
1530 2883 1652 2918 Ordine
1667 2884 1710 2919 B.

144 2936 198 2971 16.
225 2938 243 2970 ὁ
261 2936 379 2970 deest
371 2949 408 2971 m
426 2937 519 2971 Edd.
649 2947 704 2970 20.
722 2937 781 2969 τοῦ
799 2945 867 2968 om.
887 2933 930 2967 B.
1058 2943 1113 2966 21.
1131 2930 1405 2972 βασιλεύσαντος
1424 2931 1466 2965 Β.
1585 2941 1641 2976 23.
1659 2931 1714 2965 καὶ

141 2983 238 3028 prius
255 2990 476 3028 assumptum
494 2995 535 3018 ex
554 2983 596 3017 B.
766 2992 821 3023 24·
839 2979 1002 3023 ῥαασσὼν
1019 2979 1062 3013 Α.
1079 2977 1231 3013 ςΡαασὼν
1248 2977 1339 3012 Edd.
1507 2985 1562 3023 ²5·
1579 2978 1638 3012 τὸν
1654 2978 1713 3012 alt.

141 3036 364 3075 assumptum
380 3042 421 3065 ex
439 3032 482 3064 A.
