2021 3434
150 200 207 240 iii.
232 215 272 256 3,
293 217 333 255 4.
760 214 831 256 IN
877 217 1119 262 IONAM.
1641 234 1726 275 587

146 308 281 360 θείων
307 316 618 380 κηρυγμάτων
643 322 837 375 ἐποιεῖτο
874 325 1037 393 λόγον.
1106 334 1263 395 θαῦμα
1289 334 1348 384 δέ
1371 358 1461 387 που
1486 337 1673 394 πάντως
1699 342 1724 391 ὁ

145 393 405 461 Προφήτης
437 397 506 462 ἧν,
546 401 662 467 ἀνὴρ
688 405 924 472 Ἑβραῖος,
954 413 1030 461 καὶ
1069 412 1126 481 ἐξ
1156 416 1432 482 ἀλλοδαπῆς
1470 420 1605 483 ἥκων,
1644 424 1721 473 καὶ

142 472 293 524 οὐδενί
324 500 416 529 που
450 481 572 550 τάχα
601 489 695 535 τῶν
720 488 868 540 ἐκεῖσε
893 493 1249 560 διεγνωσμένος,
1279 497 1353 549 διὰ
1389 500 1539 563 με’σου
1575 504 1712 564 βαδί-

140 551 229 618 ζων
255 563 336 607 τοῦ
366 560 553 626 ἄστεος,
583 567 908 636 ἀνακεκραγώς
946 595 995 624 τε
1032 578 1105 625 καὶ
1132 577 1402 643 λε’γωνὶΈτι
1431 586 1537 653 τρεῖς
1564 585 1716 654 ἡμέραι

97 654 118 692 5
141 642 217 687 καὶ
246 647 385 691 Νινευὶ
411 650 859 716 κάτω-τραφήσεται.
920 656 1119 707 ἐνταῦθά
1142 682 1220 721 μοι
1245 660 1391 712 πάλιν
1417 665 1559 716 ἐκεῖνο
1586 668 1716 732 ἄθρει

135 739 183 767 τε
210 722 285 770 καὶ
309 727 636 779 κατασκέπτου
662 737 859 787 λεπτῶς.
920 737 944 785 ὁ
969 737 1054 800 μὲν
1080 738 1172 805 γὰρ
1198 747 1292 793 τῶν
1318 743 1443 795 ὅλων
1460 746 1581 801 Θεὸς
1607 752 1709 800 δια-

133 800 374 865 κηρύττειν
411 806 592 860 ἐκέλευε
630 816 734 879 περὶ
773 818 854 878 τῆς
894 819 1060 870 Νινευί
1093 828 1119 850 “
1140 820 1254 873 ”Οτι
1289 826 1434 891 ἀνέβη
1471 828 1499 891 ή
1531 831 1873 897 κραυγὴὴῖυρηι
1889 855 1910 886 i.

134 887 160 909 “
185 885 266 945 τῆς
305 887 466 942 κακίας
504 892 645 956 αὐτῆς
683 894 800 961 πρὸς
837 898 938 961 με’·”
998 902 1023 951 ὁ
1056 903 1112 953 δέ
1135 926 1188 969 γε
1214 907 1473 975 Προφήτης
1512 911 1560 960 ἐν
1594 913 1708 980 αὐτῇ
1771 905 1797 927 2'

128 965 332 1027 γεγονώς
360 967 460 1020 ’Ἔτι
497 977 602 1041 τρεῖς
636 976 784 1044 ἡμέραι
820 980 934 1041 ἐβόα
975 987 1051 1034 καὶ
1087 991 1226 1037 Νινευὶ
1262 992 1704 1060 καταστραφήσ-ετιιι.

63 1062 110 1087 10
128 1044 176 1093 τί
204 1045 284 1096 οὖν
321 1050 542 1114 ἐροῦμεν;
584 1059 847 1124 ψευδοεπεῖ,
885 1065 960 1113 καὶ
999 1065 1234 1131 λελάληκε
1271 1068 1329 1119 τὰ
1364 1070 1456 1122 ἀπὸ
1500 1076 1702 1140 καρδίας,
1764 1088 1857 1139 Ηίςζ·
1890 1134 1910 1166 6

124 1127 199 1176 καὶ
233 1130 333 1197 οὐχὶ
375 1133 431 1196 δὴ
468 1140 658 1198 μᾶλλον
685 1140 744 1191 τὰ
775 1142 869 1194 ἀπὸ
905 1144 1143 1209 στόματος
1172 1152 1364 1217 Κυρίου,
1395 1153 1515 1204 κατά
1540 1178 1697 1221 τινας,
1763 1143 1882 1165 ΧΧΠΗ
1913 1159 1920 1168 ’

123 1208 175 1257 οὐ
213 1211 350 1263 τοῦτο’
391 1220 562 1282 φαμεν,
592 1221 734 1273 ἐκεῖνο
777 1223 827 1275 δὲ
860 1232 1066 1289 μᾶλλον,
1107 1230 1177 1281 ὅτι
1216 1234 1502 1297 σημαίνουσι
1540 1237 1624 1300 μὲν
1659 1244 1700 1291 οἱ

119 1295 359 1360 προφῆται
390 1299 623 1355 πολλάκις
654 1307 736 1368 τῆς
772 1307 947 1360 ἑαυτῶν
982 1312 1255 1378 ἀποστολῆς
1286 1316 1367 1367 τὸν
1397 1317 1590 1384 τρόπον·
1645 1323 1698 1372 οὐ

118 1372 296 1429 πάντας
337 1377 385 1429 δὲ
423 1380 611 1438 πάντως
651 1389 714 1440 εἷς
751 1389 871 1452 ἡμᾶς
903 1391 1008 1446 τοὺς
1046 1394 1175 1461 παρὰ
1209 1400 1334 1448 Θεοῦ
1376 1398 1494 1465 πρὸς
1532 1402 1697 1458 αὐτοὺς

54 1474 99 1514 15
117 1457 367 1520 γεγονότας
393 1462 641 1530 ἐκφέρουσι
668 1467 857 1535 λόγους,
884 1474 988 1524 οὕτε
1012 1473 1106 1539 μὴν
1132 1477 1238 1531 τοὺς
1263 1480 1373 1546 παρ’
1400 1482 1552 1532 αὐτῶν
1576 1483 1695 1551 πρὸς

117 1537 255 1589 Θεόν·
298 1539 368 1592 ὅτι
417 1543 503 1606 μὲν
546 1547 640 1614 γὰρ
690 1550 808 1618 πρὸς
858 1554 999 1606 αὐτὸν
1047 1559 1312 1624 λελάληκεν
1362 1563 1386 1613 ὁ
1438 1566 1693 1632 Δεσπότης

114 1625 141 1647 “
159 1620 421 1688 Ἀνάστηθι
461 1629 536 1679 καὶ
577 1632 827 1697 πορεύθητι
864 1639 926 1690 εἷς
954 1641 1113 1690 Νινευῖ
1145 1643 1221 1692 καὶ
1254 1641 1457 1713 κήρυξον
1491 1647 1538 1698 ἐν
1573 1649 1689 1718 αὐτῇ
1751 1662 1858 1737 {upra
1873 1664 1894 1696 i.

114 1707 140 1730 “
166 1701 235 1753 ὅτι
274 1705 417 1771 ἀνέβη
453 1710 480 1773 ἡ
515 1713 694 1779 κραυγὴ
729 1719 811 1779 τῆς
846 1720 1006 1774 κακίας
1040 1723 1182 1786 αὐτῆς
1219 1724 1337 1790 πρὸς
1374 1726 1476 1790 με’,”
1517 1735 1687 1798 σαφῶς
1772 1729 1779 1737 ’

110 1783 377 1849 ἠκούσαμεν
399 1791 447 1841 ἐν
472 1792 636 1860 ἀρχαῖς
672 1796 803 1852 εὐθὺς
838 1803 920 1864 τῆς
955 1804 1258 1873 προφητείας·
1302 1807 1372 1858 ὅτι
1399 1808 1447 1860 δὲ
1473 1811 1610 1866 αὐτός
1641 1836 1724 1864 τιο

43 1890 91 1917 20
109 1867 346 1933 λελάληκε
379 1871 498 1939 πρὸς
525 1874 663 1940 Θεὸν,
699 1880 781 1930 οὐκ
817 1882 1097 1948 ἐγνώκαμεν.
1156 1887 1285 1952 πλὴν
1319 1889 1576 1957 εὑρήσομεν
1607 1895 1683 1945 λε’-

106 1970 253 2013 γοντα
291 1950 396 2003 ((ςΩ
442 1956 596 2022 Κύριε,
632 1960 719 2028 οὐχ
754 1963 879 2014 οὗτοι
914 1969 955 2016 οἱ
991 1966 1128 2033 λόγοι
1171 1993 1273 2033 μου,
1314 1972 1378 2022 ε”τι
1420 1973 1552 2029 ὄντος
1589 2001 1680 2040 μου
1741 1983 1888 2057 {nfraiw

107 2037 136 2059 ‘⁶
161 2033 209 2082 ἐν
232 2037 290 2100 τῇ
321 2040 383 2102 γῇ
408 2056 515 2100 μου·
565 2039 641 2091 διὰ
666 2048 803 2095 τοῦτο
828 2046 1115 2116 προέφθασα
1147 2058 1228 2103 τοῦ
1257 2058 1421 2121 φυγεῖν
1447 2059 1508 2110 εἷς
1539 2062 1674 2125 Θαρ-

104 2118 135 2141 “
164 2119 275 2177 σεῖς,
316 2116 431 2169 διότι
469 2119 615 2186 ε”γνων
654 2123 724 2175 ὅτι
763 2125 827 2177 σὺ
861 2128 1069 2194 ἐλεήμων
1102 2135 1177 2183 καὶ
1215 2136 1507 2202 οἷκτιρμων.”
1566 2141 1678 2210 ὁρᾷς

103 2192 172 2245 ὅτι
216 2196 274 2246 τά
323 2205 529 2253 πλεῖστα
580 2206 849 2272 σεσίγηται,
896 2214 972 2262 καὶ
1022 2213 1292 2279 λεληθότως
1333 2218 1504 2284 εἴρηται
1546 2223 1676 2289 παρὰ

35 2291 81 2328 25
104 2280 227 2329 Θεοῦ
266 2283 341 2331 καὶ
371 2281 488 2349 πρὸς
515 2284 640 2337 Θεὸν
674 2289 841 2352 ὁμοίως
876 2292 950 2343 διὰ
979 2297 1060 2358 τῆς
1083 2302 1166 2347 τοῦ
1194 2299 1454 2366 Προφήτου
1480 2306 1668 2371 φωνῆς,

0 2365 2 2369 ’
101 2360 264 2412 οὐκοῦν
289 2363 550 2417 ἀκόλουθον
572 2373 671 2423 ταῖς
701 2376 794 2422 τῶν
819 2374 965 2439 ἁγίων
992 2380 1168 2444 φωναῖς
1193 2380 1560 2449 ἐπιψηφίζεσθαι
1586 2386 1672 2452 τὴν

100 2441 335 2507 ἀλήθειαν,
376 2449 763 2514 ψευδοεπήσουσι
793 2454 885 2522 γὰρ
926 2456 1096 2520 ἥκιστά
1137 2483 1206 2525 γε,
1241 2460 1295 2513 τὸ
1335 2467 1418 2528 τῆς
1450 2467 1670 2532 ἀληθείας

96 2524 451 2590 πλουτήσαντες
476 2538 673 2596 πνεῦμα.

143 2677 172 2701 1.
198 2667 304 2702 ἐποιεῖ
320 2669 410 2706 Edd.
428 2674 517 2707 ποιεῖ
534 2676 682 2710 correxit
700 2676 833 2722 Migne.
882 2695 947 2715 που
967 2693 1036 2717 om.
1056 2683 1098 2717 Β.
1249 2694 1283 2730 5.
1309 2686 1591 2737 ἐνταῦθα--ἶίθρει
1607 2694 1662 2740 τε]

92 2711 232 2748 ἐνταῦθα
249 2715 284 2748 δὲ
302 2716 395 2761 ἄθρει
412 2733 468 2762 μοι
485 2721 588 2755 πάλιν
605 2721 710 2756 ἐκεῖνο
728 2724 818 2759 Edd.
1030 2741 1063 2773 9.
1089 2732 1178 2775 τρεῖς
1194 2730 1312 2777 ἡμέραι
1331 2734 1430 2780 ἐβόα]
1450 2738 1558 2781 φησὶν
1574 2743 1663 2785 τρεῖς

91 2757 208 2803 ἡμέραι
225 2761 283 2796 iid.
408 2776 461 2799 12.
486 2767 547 2809 μέν
564 2776 785 2815 assumptum
802 2783 843 2805 ex
863 2773 904 2806 B.
1029 2777 1151 2821 13-16.
1180 2777 1276 2813 Haec
1295 2780 1333 2813 οὐ
1349 2782 1474 2819 πάντας
1493 2785 1662 2833 δὲ-πρὸς

91 2807 176 2840 esda
192 2816 411 2846 accesserunt
428 2823 469 2846 ex
490 2813 531 2848 B.
701 2828 753 2862 ¹9·
779 2817 867 2864 ἀρχῇ
888 2819 977 2855 Edd.
1147 2835 1271 2871 21-23.
1298 2827 1588 2879 ἔτι-οἰκτίρμων]
1607 2836 1661 2870 καὶ

89 2852 129 2886 τὰ
146 2854 222 2898 ἑξῆς
239 2855 298 2890 iid.

810 3081 925 3119 41¹2
