2021 3434
258 556 280 583 Θ

255 621 276 653 4

72 1201 155 1235 236
172 1200 222 1235 A.
252 1211 273 1235 a

241 1804 268 1846 b

247 2553 268 2579 C

295 167 380 206 350
696 170 744 210 B.
787 168 1058 210 CYRILLI
1098 170 1478 212 ALEXANDR.
1688 169 1746 210 iii.
1767 167 1863 220 4-6.

296 275 595 343 ἐπέθρωσκον
642 278 749 345 γὰρ,
797 282 859 334 ὡς
909 281 1044 349 ἔφην,
1096 286 1191 333 τοῖς
1241 281 1484 349 λειψάνοις
1532 286 1615 331 τοῦ
1653 278 1869 345 Ἰσραὴλ,

298 358 444 407 καίτοι
473 359 707 423 πλείστην
733 360 853 426 ὅσην
876 361 1164 417 ἀνατλάντος
1190 364 1524 429 ταλαιπωρίαν·
1567 362 1751 412 δέδοντο
1776 359 1868 426 γὰρ

296 443 391 493 τοῖς
418 442 752 502 Βαβυλωνίοις.

301 605 374 646 Καὶ
400 606 438 647 τί
464 607 557 655 ἐμοὶ
589 609 656 649 καὶ
687 606 780 657 ὑμῖν
805 609 941 667 Τύρος
969 612 1036 651 καί
1062 610 1215 662 Σιδὼν,
1243 611 1311 652 καὶ
1347 614 1461 654 Πᾶσα
1501 609 1702 652 Γαλιλαία
1739 610 1868 650 ἀλλο-

363 690 537 744 φύλων;
587 691 642 739 μὴ
693 691 972 741 ἀνταπόδομα
1021 692 1138 743 ὑμεῖς
1187 694 1495 736 ἀνταποδίδοτὲ
1541 710 1638 746 μοι;
1692 694 1715 733 ἢ
1764 699 1907 741 uva-5

364 770 574 814 σικακεῖτε
609 772 725 823 ὑμεῖς
757 776 817 817 ἐπ’
850 776 970 829 ὲμοί;
1008 778 1144 819 ὀὲἐως
1182 778 1250 819 καί
1285 779 1448 834 ταχέως
1485 775 1783 819 ἀνταποδώσω
1818 776 1866 817 τὸ

364 857 640 906 ἀνταπόδομα
700 859 818 908 ὑμῶν
879 859 939 903 εἰς
995 862 1071 902 τὰς
1131 862 1323 918 κεφαλὰς
1383 862 1514 913 ὑμῶν,
1562 861 1646 903 ἀνθ’
1701 859 1761 901 ὧν
1816 859 1865 902 τὸ

363 940 559 998 ἀρΓύριόν
601 958 680 990 μου
724 944 793 984 καὶ
834 944 881 986 τὸ
922 944 1088 1001 χρυσίον
1129 961 1207 995 μου
1250 946 1437 997 ἐλάβετε,
1475 947 1542 987 καὶ
1578 946 1629 987 τὰ
1666 944 1866 986 ἐπίλεκτά

362 1040 441 1072 μου
473 1027 542 1066 καὶ
574 1027 625 1068 τὰ
660 1028 768 1069 Καλὰ
803 1027 1074 1077 εἰσΗνέι-κατε
1107 1028 1166 1071 εἰς
1199 1030 1298 1072 τοὺς
1331 1030 1458 1071 ναοὺς
1490 1029 1620 1078 ὑμῶν·
1661 1029 1730 1069 καὶ
1765 1028 1864 1069 τοὺς

360 1106 475 1150 υἱοὺς
498 1109 640 1152 Ἰούδα
679 1113 746 1153 καὶ
777 1114 874 1154 τοὺς
909 1112 1022 1154 υἱοὺς
1046 1113 1221 1170 Ἰσραὴλ
1258 1114 1472 1156 ἀπέδοσθε
1508 1110 1595 1155 τοῖς
1635 1109 1740 1153 υἱοῖς
1777 1111 1864 1153 τῶν
1888 1123 1935 1148 10

352 1192 592 1247 Ἑλλήνων,
623 1197 743 1238 ὅπως
775 1197 964 1241 {echome
997 1199 1150 1240 αὐτοὺς
1180 1199 1226 1239 ὲκ
1258 1199 1344 1240 τῶν
1375 1198 1506 1256 ὁρίων
1539 1197 1692 1239 αὐτῶν.

353 1295 529 1352 ’Έθνος
569 1298 652 1360 μὲν
694 1301 774 1351 οὖν
813 1299 938 1353 ἅπαν
979 1301 1097 1353 κατὰ
1139 1308 1221 1354 τοῦ
1261 1301 1463 1369 Ἰσραὴλ
1507 1300 1864 1367 συναγήγερται,

291 1382 559 1443 Μωαβῖται,
582 1382 842 1446 Ἰδουμαῖοι,
869 1383 1161 1448 Ἰεβουσαῖοι,
1186 1387 1483 1449 Ἀμμανῖται,
1510 1387 1584 1435 καὶ
1616 1388 1657 1435 οἱ
1692 1384 1862 1436 λοιποί.

291 1460 518 1530 κατάρξαι
559 1463 607 1514 δὲ
645 1463 772 1528 οἶμαι
808 1469 987 1531 βουλῆς
1028 1469 1103 1518 καὶ
1137 1467 1484 1535 ἐγχειρημάτων
1517 1464 1865 1531 Δαμασκηνοὺς

290 1545 365 1594 καὶ
407 1546 604 1611 Τυρίους
647 1549 722 1598 καὶ
762 1547 867 1602 τοὺς
911 1548 1222 1612 καλουμένους
1261 1551 1554 1614 Φυλιστιεὶμ,
1592 1550 1667 1600 καὶ
1703 1548 1863 1616 με’χρις
1884 1572 1931 1612 15

288 1627 428 1690 αὐτῆς
470 1630 552 1691 τῆς
597 1628 703 1691 Γέθ,
748 1629 846 1694 ἥτις
896 1636 1104 1682 καλεῖται
1148 1635 1223 1682 καὶ
1273 1631 1563 1701 ἀλλοφύλων.
1629 1630 1864 1697 τοιγάρτοι

286 1710 362 1759 καὶ
398 1708 515 1777 πρὸς
559 1711 723 1765 αὐτοὺς
767 1713 792 1763 ὁ
835 1718 929 1764 τῶν
969 1712 1094 1764 ὅλων
1138 1711 1259 1768 Θεός
1305 1719 1394 1766 Καὶ
1435 1716 1480 1766 τί
1517 1714 1609 1782 ἐμοὶ
1652 1718 1729 1765 καὶ
1767 1716 1864 1781 ὑμῖν

337 1790 351 1808 l
523 1796 536 1811 x
679 1793 691 1809 x
834 1802 845 1815 χ
944 1797 967 1807 Ν
1277 1798 1288 1812 κ
1383 1800 1392 1812 ³
1546 1795 1559 1813 l
1801 1795 1813 1812 Ι

287 1802 416 1860 Topos·
460 1816 537 1844 και
585 1790 719 1846 {Am
770 1819 846 1846 και
898 1819 1037 1847 ποια-α
1081 1807 1319 1848 Γαλιλαια.
1370 1807 1676 1866 αλλοφυλων;
1727 1817 1865 1849 ποιας

286 1873 392 1942 γὰρ,
425 1878 560 1944 φησὶ,
593 1874 676 1930 τὰς
712 1876 930 1944 ἀφορμὰς
967 1880 1048 1942 τῆς
1086 1877 1361 1945 ἀγριότητος
1399 1878 1594 1946 ἔχοντες,
1624 1883 1864 1928 ταλαιπω-

285 1962 457 2023 ροῦντα
498 1957 580 2009 τὸν
617 1958 832 2024 Ἰσραὴλ,
879 1962 954 2011 καὶ
998 1965 1096 2014 ταῖς
1143 1962 1192 2011 ἐκ
1236 1960 1554 2022 Βαβυλωνίων
1595 1963 1863 2028 συμφοραῖς
1883 1985 1932 2012 20

285 2039 340 2089 οὐ
388 2040 584 2106 μετρίως
638 2041 1012 2109 κατηχθισμένον
1066 2043 1268 2096 ἀνοσίως
1317 2042 1641 2112 ἐπιφορτίζετε,
1689 2044 1864 2108 πικρῶς

285 2122 599 2183 ἐπιβαίνοντες
632 2124 706 2173 καὶ
739 2121 835 2174 οἷον
867 2123 944 2186 ἐμὲ
983 2128 1213 2189 γελῶντες
1247 2122 1329 2175 τὸν
1355 2124 1568 2191 σώζοντα
1600 2122 1724 2191 τάχα
1756 2146 1862 2187 που,

286 2206 361 2255 καὶ
402 2203 692 2268 ἀμυνόμενοι,
733 2208 808 2256 καὶ
849 2204 908 2256 τὰ
952 2208 1133 2274 ἐχθρῶν
1174 2209 1236 2259 εἷς
1281 2204 1357 2270 ἐμὲ
1400 2210 1663 2270 τολμῶντες
1696 2204 1862 2272 λέγειν,

285 2291 477 2350 μᾶλλον
521 2287 563 2338 δ’
604 2286 691 2352 ἤδη
735 2289 810 2338 καὶ
852 2290 1056 2354 δρᾶσαι;
1099 2289 1264 2339 οὐκοῦν
1302 2288 1385 2339 οὐκ
1422 2292 1483 2342 εὶς
1520 2286 1704 2354 μακρὰν
1740 2288 1859 2339 ἀπο-

286 2367 509 2438 λήψεσθε
546 2370 591 2421 τὶ
628 2366 938 2439 ἀνταπόδομα.
1002 2370 1101 2439 ἥξει
1140 2369 1188 2422 δὲ
1227 2371 1332 2433 ὑμῖν
1371 2375 1430 2426 εἰς
1470 2371 1684 2440 κεφαλήν·
1733 2370 1861 2425 δίκας
1881 2390 1928 2429 25

287 2449 380 2517 γὰρ
421 2452 648 2502 άποτιεῖτε
689 2453 788 2515 ἐμοὶ
832 2455 898 2522 τῷ
940 2451 1339 2523 διακριθησομένῳ
1386 2451 1504 2519 πρὸς
1548 2454 1665 2515 ὑμᾶς
1711 2453 1760 2503 ἐν
1802 2456 1860 2521 τῇ

288 2532 470 2584 κοιλάδι
511 2539 593 2584 τοῦ
636 2534 894 2602 Ἰωσαφάτ.
957 2536 1150 2600 ἐγκαλεῖ
1187 2535 1235 2586 δὲ
1279 2536 1432 2590 αὐτοῖς
1475 2537 1537 2589 ὡς
1580 2533 1861 2601 διηρπακόσι

336 2673 365 2696 1.
392 2662 605 2707 ἐπέθρωσκεν
622 2663 714 2698 Edd.
889 2675 920 2699 2.
947 2664 1097 2699 δέδονται
1113 2664 1174 2700 iid.
1339 2677 1372 2708 4.
1398 2664 1467 2711 καὶ]
1485 2668 1522 2706 -Ι-
1537 2679 1576 2711 γε
1595 2665 1632 2699 F.
1652 2664 1743 2700 Edd.
1762 2664 1858 2710 (Co.)

286 2708 362 2752 ὑμῖν
390 2709 520 2744 habent
549 2711 645 2745 D.F.
674 2711 750 2756 (22.
774 2710 838 2756 al.)
869 2711 929 2745 sed
956 2712 1000 2746 cs.
1026 2712 1116 2746 infra
1138 2712 1210 2756 25¹8⁸
1233 2723 1263 2746 c.
1291 2711 1418 2758 Glaph.
1444 2712 1511 2746 226
1536 2723 1566 2746 c.
1593 2712 1628 2746 in
1653 2712 1714 2746 Es.
1736 2713 1804 2757 326
1823 2712 1858 2748 d.

287 2765 320 2799 5.
347 2755 382 2800 ἦ]
404 2757 431 2790 εἰ
453 2757 492 2791 B.
647 2757 680 2791 6.
708 2758 805 2792 Haec
822 2759 914 2802 ὑμεῖς
932 2758 981 2792 ἐπ’
1000 2759 1073 2802 ἐμοί
1089 2771 1146 2792 orn
1166 2759 1201 2793 F.
1222 2758 1313 2793 Edd.
1507 2768 1538 2804 7.
1563 2759 1621 2794 τὰς
1638 2765 1858 2804 assumptum

287 2802 384 2856 ex'F.
403 2803 446 2837 cf.
464 2804 554 2838 infra
572 2804 690 2863 258xd.
709 2805 756 2840 εἷς
772 2806 831 2840 τὰς
848 2819 877 2838 κ.
897 2805 988 2862 ιΞμῶν
1005 2817 1074 2839 om.
1096 2806 1136 2840 B.
1150 2805 1239 2850 (86.)
1287 2804 1362 2840 ἀνθ’
1377 2804 1438 2851 ὧν]
1456 2809 1491 2864 ᾖ·
1509 2806 1574 2862 γὰρ
1591 2805 1631 2839 Β.
1727 2817 1759 2851 9.
1785 2805 1857 2840 εἷο--

287 2850 652 2943 ἓῖιςξζῆὲἓέιῃςῖς
668 2852 1140 2943 ῖέἑιὲξιῗροῗέἒχὴξῗὲἕᾱ.
1473 2852 1854 2944 ξζθᾝῖλῗὲέῇῗέἕᾶῑ

289 2940 341 2974 16.
369 2941 431 2974 Γέτ
447 2942 504 2976 iid.
660 2955 715 2980 21.
741 2945 991 2990 κατηχθημένον
1006 2945 1065 2981 iid.
1219 2958 1237 2981 2
1241 2958 1273 2992 3.
1300 2946 1498 2991 ἀμυνόμενοι
1517 2946 1559 2981 Β.
1576 2946 1779 2990 ἀμυνόμενον
1794 2944 1853 2979 iid-

288 2997 342 3028 ²4·
369 2988 428 3021 οὐκ
445 2989 587 3024 accessit
605 3002 644 3024 ex
666 2991 707 3025 B.
