2021 3434
116 179 200 222 viii.
224 196 263 237 9,
291 195 354 224 10.
604 185 677 226 IN
718 187 913 229 AMOS.
974 188 1125 229 TOM.
1158 188 1236 228 IV.
1612 189 1695 228 519

118 296 144 319 ‘⁶
169 291 312 356 ὀργῆς
356 292 384 356 ἡ
430 293 637 361 σήμερον
681 297 841 364 ἡμέρα,
886 297 955 349 ὅτι
999 299 1096 363 ἥκει
1137 300 1165 364 ἡ
1204 300 1313 350 ὠδὶν
1355 302 1411 366 τῇ
1456 297 1736 366 τικτούσῃ,ε

0 390 2 451 ᾗ
116 378 144 400 “
169 372 309 440 ἰσχὺν
348 374 395 425 δὲ
434 377 515 427 οὐκ
549 377 642 445 ἔχει
680 384 762 429 τοῦ
799 382 984 433 τεκεῖν.”
1049 382 1213 432 οὐκοῦν
1239 381 1398 450 ἡμέραν
1423 378 1563 442 ὀδύνης
1588 379 1694 433 τοὺς

0 487 2 528 4
117 455 179 508 ὡς
205 454 262 523 ἐξ
284 457 443 510 ὠδῖνος
468 458 638 513 πόνους
663 462 739 511 καὶ
771 463 1060 527 βαρυθυμίας
1088 464 1225 531 φησί.
1293 462 1517 529 γεγόνασι
1542 462 1696 513 τοίνυν

115 536 164 585 ἐν
201 536 335 609 ἡμέρα
373 536 527 603 ὀθόνης,
555 542 820 593 ἀπολέσθαι
852 544 1269 610 προσδοκήσαντες
1295 549 1336 596 οἱ
1363 547 1410 596 ἐν
1435 549 1530 597 τοῖς
1555 546 1696 610 Ἱερο-

76 634 98 673 5
117 617 360 682 σολύμοις,
388 624 431 672 οἱ
467 622 582 684 μετὰ
617 630 699 675 τοῦ
725 625 937 693 Ἐφραὶμ
968 626 1210 692 γεγονότες
1244 625 1363 678 κατά
1388 650 1441 693 γε
1469 629 1589 696 φημὶ
1614 625 1696 677 τὸν

115 702 197 763 τῆς
224 703 606 770 εἷδωλολατρείας
630 704 817 770 τρόπον.

193 785 285 833 Καὶ
328 788 458 835 ταυτὶ
501 785 585 849 μὲν
628 787 746 854 ἔφην
791 790 852 842 ὡς
896 789 1076 840 ἐοικότα
1117 812 1166 840 τε
1211 792 1285 841 καὶ
1323 789 1563 857 πρέποντα
1600 795 1696 844 τοῖς

115 865 384 928 τοτηνικάδε
416 867 790 934 παροτρύνουσιν
822 870 894 937 ἐφ’
922 871 1097 925 ἑαυτοῖς
1122 870 1204 922 τὸν
1229 876 1323 923 τῶν
1349 872 1475 923 ὅλων
1501 869 1695 923 Δεσπό-

115 969 215 1011 την.
281 949 550 1017 ἐφαρμόσαι
590 952 636 1000 δ’
670 950 728 1001 ἄν
767 974 835 1004 τις
873 951 1006 1002 οὐδὲν
1044 953 1184 1017 ἧττον
1225 953 1342 1004 αὐτὰ
1388 956 1462 1004 καὶ
1499 958 1595 1006 τοῖς
1633 956 1696 1007 εἷς

51 1053 98 1079 10
116 1028 255 1080 αὐτὸν
293 1031 670 1096 δεδυσσεβηκόσι
707 1032 789 1084 τὸν
817 1034 1141 1099 Ἐμμανουὴλ,
1172 1034 1290 1086 κατὰ
1327 1035 1410 1086 τὸν
1447 1038 1529 1099 τῆς
1565 1036 1733 1086 ε’ναν-εῑ
1761 1050 1843 1085 337
1863 1049 1916 1084 A.

116 1109 402 1177 θρωπήσεως
440 1112 622 1179 χρόνον.
687 1115 815 1165 αὐτοὶ
848 1114 939 1182 γάρ
973 1120 1092 1166 εἰσιν
1119 1123 1145 1145 “
1168 1119 1209 1167 οὶ
1241 1118 1529 1183 ἐκτρίβοντες
1555 1120 1616 1170 εἷς
1641 1116 1694 1167 τὸ
1756 1115 1873 1199 {gfff}

117 1199 144 1222 ‘⁶
167 1192 290 1257 πρωῒ
349 1193 566 1258 πένητα,”
615 1196 868 1260 τουτέστιν,
921 1201 964 1248 οἱ
1020 1199 1457 1266 ἀποσπουδάζοντες
1506 1197 1591 1262 μὲν
1640 1197 1695 1249 τὸ

114 1272 315 1337 ἐννόμως
349 1275 541 1327 ἑλέσθαι
573 1282 725 1337 βιοῦν,
762 1277 834 1345 ἐφ’
878 1280 1017 1349 ἑτέρῳ
1059 1280 1106 1331 δὲ
1145 1281 1291 1332 οὐδενὶ
1327 1280 1566 1347 προϊόντες
1603 1305 1696 1333 που

115 1354 251 1423 τάχα,
277 1355 305 1421 ἢ
341 1356 394 1408 τὸ
428 1363 735 1427 καταφθεῖραι
767 1359 822 1411 τὸ
853 1363 1042 1424 δίκαιον,
1067 1364 1142 1413 καὶ
1169 1362 1224 1414 δι’
1252 1363 1436 1418 οὐδενὸς
1461 1369 1696 1416 ποιεῖσθαι

51 1456 97 1494 15
115 1442 297 1502 τολμᾶν
340 1439 394 1490 τὸ
439 1446 538 1494 ταῖς
579 1443 720 1496 θείαις
763 1444 973 1498 ἐντολαῖς
1017 1445 1066 1495 εὖ
1105 1443 1238 1507 μάλα
1277 1447 1581 1513 διωρισμένον
1620 1448 1695 1498 καὶ

114 1526 406 1572 πλεονεκτεῖν
440 1522 652 1590 ἀσχέτως
684 1524 762 1578 οὓς
796 1523 854 1575 ἂν
877 1525 1060 1577 ἕλοιντο
1086 1531 1179 1577 τῶν
1205 1528 1571 1594 ἀσθενεστέρων.
1615 1529 1696 1579 αὐ-

114 1603 186 1652 τοὶ
230 1604 272 1652 δ’
313 1601 371 1653 ἂν
404 1602 491 1654 εἶεν
529 1608 569 1656 οἱ
610 1613 636 1635 “
656 1607 874 1672 λέγοντες
915 1608 1041 1659 Πότε
1082 1609 1370 1660 διελεύσεται
1413 1612 1438 1661 ὁ
1476 1610 1582 1675 μὴν,
1621 1614 1696 1661 καὶ
1756 1617 1887 1699 {gfff}

116 1692 144 1714 ‘⁶
167 1684 535 1750 ἐμπολήσαιμεν·
579 1690 654 1738 καὶ
689 1687 747 1739 τὰ
782 1688 1012 1751 σάββατα
1045 1692 1120 1741 καὶ
1155 1691 1399 1760 ἀνοίξομεν
1432 1691 1740 1758 θησαυροὺςὶ)
1817 1684 1824 1692 ’
1864 1685 1871 1692 ι

117 1773 145 1795 “
169 1773 251 1817 τοῦ
288 1770 483 1831 ποιῆσαι
520 1770 684 1836 μικρὸν
722 1771 891 1837 μέτρον
930 1774 1003 1823 καὶ
1042 1778 1125 1823 τοῦ
1163 1779 1424 1838 μεγαλῦναι
1463 1773 1698 1837 στάθμιον

49 1867 99 1892 20
117 1855 144 1877 ‘⁶
170 1850 245 1899 καὶ
270 1852 464 1912 ποιῆσαι
491 1851 629 1917 ζυγὸν
654 1852 858 1904 ἅδικον.”
924 1853 994 1904 ὅτι
1029 1854 1122 1921 γὰρ
1153 1856 1526 1923 ἐρασιχρήματοί
1546 1879 1596 1907 τε
1623 1858 1698 1908 καὶ

116 1934 457 1999 αἰσχροκερδεῖς
483 1931 608 1996 ἦσαν
642 1935 764 2001 ἄγαν
794 1938 835 1986 οἱ
874 1941 1164 2002 γραμματεῖς
1188 1960 1237 1987 τε
1265 1939 1340 1988 καὶ
1364 1942 1405 1989 οἱ
1433 1942 1698 2005 Φαρισαῖοι,

116 2012 235 2063 κατὰ
272 2013 483 2068 πολλοὺς
517 2014 574 2066 ἂν
612 2018 830 2081 εἰδείημεν
867 2016 1082 2083 τρόπους,
1108 2024 1204 2073 τοῖς
1236 2020 1553 2086 εὐαγγελικοῖς
1579 2044 1699 2087 συγ-

116 2094 366 2161 γράμμασι
399 2096 481 2147 τὸν
516 2103 624 2148 νοῦν
650 2100 967 2165 ἐπερείδοντες.
1032 2101 1243 2163 ἀμείνους
1268 2101 1352 2165 μὲν
1377 2101 1469 2169 γὰρ
1497 2104 1698 2170 ὁρᾶσθαι

115 2177 378 2242 λημμάτων
421 2183 647 2247 αἰσχρῶν,
686 2186 760 2232 καὶ
803 2184 1102 2249 φιλοκερδίας
1152 2183 1342 2248 ἁπάσης
1387 2184 1698 2253 ἀπηλλάχθαι

50 2279 97 2318 25
118 2263 273 2328 φιλεῖν
309 2263 391 2324 τῆς
430 2260 547 2311 κατὰ
575 2261 698 2312 Θεὸν
729 2264 965 2317 ἐπιεικείας
996 2263 1103 2318 τους
1129 2265 1333 2331 ἐραστὰς
1357 2266 1699 2326 συνεβούλευεν

117 2343 142 2392 ὁ
167 2341 393 2408 Χριστὸς,
419 2344 679 2409 προῦτρεπε
712 2344 760 2395 δὲ
799 2346 873 2396 καὶ
905 2347 977 2397 ἐπὶ
1005 2346 1058 2397 τὸ
1084 2346 1149 2397 ε”τι
1173 2346 1324 2413 μεῖζον
1353 2347 1477 2411 ἱέναι,
1503 2351 1577 2400 καὶ
1603 2354 1699 2403 τοῖς

117 2424 344 2485 δεομένοις
378 2426 594 2491 ἐπαρκεῖν
632 2427 707 2476 καὶ
747 2427 972 2489 διανέμειν
1010 2427 1067 2478 τὰ
1107 2428 1233 2480 ὅντα.
1299 2429 1430 2480 ἀλλὰ
1468 2432 1515 2481 τί
1547 2435 1698 2499 φησὶν

118 2506 142 2555 ὃ
171 2506 562 2571 Εὐαγγελιστής;
605 2514 631 2536 “
650 2504 864 2558 ἸΗκουον
891 2507 939 2559 δὲ
965 2515 1114 2560 ταῦτα
1140 2512 1214 2560 καὶ
1241 2514 1282 2561 οἱ
1308 2518 1595 2576 γραμματεῖς
1621 2515 1697 2564 καὶ
1758 2515 1788 2545 S.
1805 2517 1885 2547 Luc.

1671 2594 1695 2610 ³,
1757 2560 1878 2600 xvi.14.

117 2593 145 2615 “
171 2589 212 2637 οἱ
252 2590 501 2652 Φαρισαῖοι
541 2588 824 2656 φιλάργυροι
855 2590 995 2653 ὅντες,
1023 2593 1098 2641 καὶ
1133 2591 1485 2660 ἐξεμυκτήριζον
1516 2593 1667 2647 αὐτόν.
1715 2616 1737 2643 c

166 2721 198 2744 2.
224 2711 340 2747 ὠδῖνος
357 2712 434 2746 τοὺς
452 2712 488 2755 ἐξ
505 2711 623 2756 ὀδύνης
639 2713 709 2747 inv.
725 2713 845 2748 ordine·-
865 2714 906 2747 Β.
926 2715 969 2750 ὡς
986 2722 1205 2759 assumptum
1224 2729 1265 2750 ex
1283 2717 1326 2751 A.
1468 2732 1501 2761 4.
1528 2718 1697 2754 ἀπολέσαι

119 2756 210 2792 Edd.
260 2759 329 2793 τοῖς
347 2758 442 2792 deest
461 2759 495 2792 in
516 2759 605 2793 Edd.
794 2770 827 2805 5.
852 2762 935 2804 μετὰ
953 2761 1028 2806 τοῦ]
1048 2763 1118 2805 μετ’
1137 2763 1238 2797 αὐτοῦ
1255 2763 1313 2798 iid.
1531 2777 1563 2810 9.
1589 2767 1696 2811 ἐφαρ·

117 2805 234 2847 μόσειε
252 2804 310 2838 iid.
512 2817 563 2848 14.
590 2807 622 2839 τί
639 2818 701 2850 pro
718 2806 736 2850 ἢ
755 2807 798 2840 A.
848 2809 886 2840 τὸ
904 2807 1017 2853 prius]
1037 2811 1083 2854 τῷ
1104 2809 1236 2853 Nl'lgne.
1286 2812 1324 2844 τὸ
1343 2811 1400 2845 alt.
1420 2812 1510 2845 A.B.
1529 2814 1586 2845 τὸν
1605 2813 1695 2848 Edd.

118 2850 161 2884 δι’
180 2862 248 2884 om.
268 2851 311 2885 A.
412 2852 534 2886 18—20.
562 2852 815 2897 ἐμπολήσαιμεν
833 2854 1100 2898 (ἐμπολήσωμεν
1117 2856 1181 2901 Α.)
1199 2857 1252 2890 καὶ
1269 2857 1458 2903 τὰ-ζυγὸν
1474 2859 1588 2892 ἄδικον
1606 2859 1696 2895 Α.Β.

119 2898 160 2930 τὰ
178 2899 253 2942 ἑξῆς
271 2897 363 2932 Edd.
534 2910 584 2943 19.
611 2901 649 2933 τὸ
667 2912 729 2944 pro
747 2903 805 2934 τοῦ
824 2902 882 2934 alt.
903 2901 997 2945 (hic)
1016 2902 1058 2935 A.
1220 2915 1275 2938 21.
1302 2919 1335 2938 τε
1355 2913 1576 2949 assumptum
1594 2918 1635 2940 ex
1653 2907 1697 2941 A.

121 2944 176 2978 26.
204 2944 447 2989 προυτρέπεται
466 2945 524 2989 (Σ
544 2947 736 2990 προῦτρεπέ
751 2947 806 2991 τε)
826 2959 888 2992 pro
905 2950 1094 2992 προῦτρεπε
1113 2950 1147 2983 δέ
1166 2950 1210 2985 Α.
1448 2953 1502 2987 28.
1533 2955 1635 2987 ταῦτα
1654 2954 1698 2988 Α.

121 2992 223 3025 αὐτοῦ
243 2992 284 3026 Β.
303 2993 385 3026 αὐτὰ
405 2991 496 3027 Edd.
548 2992 673 3027 Statim
691 2995 743 3028 καὶ
761 2997 983 3040 assumptum
1001 3007 1042 3030 ex
1061 2997 1104 3030 A.
