2021 3434
112 236 153 275 ii.
180 248 246 285 21,
271 249 335 277 22.
569 235 644 275 IN
686 233 923 276 OSEAM.
983 233 1131 274 TOM.
1172 232 1233 272 ΙΙ.
1638 228 1692 267 79

112 345 204 413 γὰρ
228 351 328 401 ταῖς
354 347 570 415 νεφέλαις
597 351 802 398 καθεῖναι
840 345 922 396 τὸν
958 342 1104 407 ὑετὸν,
1129 341 1215 407 τὴν
1243 344 1306 395 εἷς
1337 344 1446 391 νοῦν
1483 337 1558 388 καὶ
1582 357 1694 401 καρ-

113 429 216 480 δίαν
247 428 551 495 παροὶκλησίν
590 435 724 498 φημι,
799 427 929 492 πλὴν
967 426 1037 478 ὅτι
1075 426 1151 477 καὶ
1187 422 1303 486 αὐτὴ
1341 426 1434 473 τῶν
1472 417 1695 485 ἀγγέλων

112 511 140 575 ἡ
168 509 313 579 φύσις
340 510 472 562 οὐδὲν
505 510 590 575 μὲν
623 511 739 562 ἰ’διον
773 511 882 578 ἔχει,
911 513 1109 562 πλουτεῖ
1140 507 1186 559 δὲ
1219 505 1374 558 πάντα
1401 501 1531 569 παρὰ
1557 504 1694 561 Θεοῦ,

113 593 350 660 δεδίδαχεν
389 592 531 644 εἰπών
572 592 885 661 ἐπακούσομαι
935 591 995 660 Tc}
1042 595 1210 659 οὐρανῷ,
1257 585 1484 646 τουτέστι,
1533 581 1695 647 πλήρη

73 678 207 725 5τῶν
247 675 357 741 παρ’
403 677 514 739 ἐμοῦ
558 674 744 739 ποιήσω
790 674 872 725 τὸν
912 671 1121 740 οὐρανὸν,
1165 671 1266 736 ἤτοι
1316 666 1424 721 τοὺς
1467 665 1602 718 ὄντας
1647 665 1695 714 ἐν

113 757 307 825 οὐρανῷ,
334 756 528 822 λογικὰς
556 755 775 821 δηλονότι
799 758 874 808 καὶ
901 757 1037 821 ἁγίας
1063 753 1289 816 δυνάμεις,
1317 750 1441 801 ὥστε
1465 749 1693 799 δύνασθαι
1711 768 1732 794 e

113 840 190 889 καὶ
219 837 360 893 αὐτὰς
391 843 683 906 παρακαλεῖν
719 837 825 893 τοὺς
865 836 1159 903 ἠλεημένους,
1185 836 1260 885 καὶ
1294 833 1399 884 τότε
1425 830 1481 895 δὴ
1507 829 1696 881 πάντως

115 921 412 972 ἐπακούσεται
446 924 467 982 ἦ
498 921 557 987 γῆ
591 923 657 973 τὶν
693 925 807 973 σῖτον
845 925 921 973 καὶ
956 921 1021 971 τον
1057 918 1152 970 οἶνον
1184 922 1261 969 καὶ
1301 916 1346 967 το
1388 914 1547 965 ἔλαιον·
1594 912 1698 961 ἀντὶ

113 1009 207 1066 τοῦ,
242 1003 696 1072 καρποφορήσουσιν
729 1008 769 1055 οἱ
805 1005 877 1055 ἐπὶ
918 1005 999 1066 τῆς
1042 1004 1132 1067 γῆς
1165 999 1335 1051 ἐλπίδα
1369 996 1455 1061 τὴν
1492 996 1565 1046 ἐπὶ
1604 991 1697 1060 ζωῇ

51 1106 96 1131 10
114 1087 188 1135 καὶ
224 1085 494 1154 εὐφροσύνῃ
526 1088 600 1136 καὶ
636 1085 889 1152 ἱλαρότητι.
953 1086 1029 1135 καὶ
1061 1083 1176 1150 ζωῆς
1209 1080 1294 1144 μὲν
1327 1079 1472 1132 τύπος
1498 1079 1522 1128 ὁ
1549 1081 1695 1138 σῖτος,

113 1164 235 1221 οἶνος
259 1167 408 1232 γεμὴν
433 1167 741 1236 εὐφροσύνης,
763 1167 1039 1233 ἱλαρότητος
1065 1164 1113 1215 δὲ
1139 1166 1214 1215 καὶ
1240 1162 1417 1231 εὐεξίας
1441 1158 1496 1211 τὸ
1522 1159 1694 1210 ἔλαιον·

113 1248 264 1300 ἔνεστι
299 1249 393 1316 γὰρ
427 1250 483 1314 δὴ
518 1256 614 1304 τοῖς
651 1249 1016 1301 πεπιστευκόσιν
1059 1249 1191 1300 ἐλπὶς
1228 1243 1395 1310 ἀγαθὴ,
1435 1242 1608 1303 βεβαία
1645 1263 1732 1292 ‘rea
1775 1259 1831 1293 56
1853 1258 1902 1292 A.

114 1334 188 1381 καὶ
232 1332 547 1398 ἐρηρεισμένη.
616 1334 691 1383 καὶ
734 1334 974 1400 ἀποφοιτᾷ
1016 1329 1101 1394 μέν
1143 1351 1212 1382 τις
1254 1330 1337 1390 τῆς
1381 1322 1694 1394 φαυλότητος,

112 1413 287 1482 ἐφίεται
315 1412 362 1463 δὲ
386 1413 561 1469 παντὸς
586 1415 781 1480 ἀγαθοῦ,
808 1416 882 1464 καὶ
917 1417 1013 1467 τοῖς
1047 1417 1129 1462 τοῦ
1158 1412 1376 1475 Σωτῆρος
1403 1405 1556 1473 ζυγοῖς
1583 1408 1696 1458 ὑπο-

52 1510 95 1548 15
115 1493 240 1563 φέρει
265 1495 348 1545 τὸν
373 1496 559 1564 αὐχένα,
585 1501 708 1565 καλῇ
729 1498 804 1547 καὶ
824 1492 1142 1564 ἀναμφιβόλῳ
1160 1495 1234 1544 καὶ
1251 1494 1419 1555 ἀληθεῖ
1432 1487 1488 1553 δὴ
1507 1487 1696 1542 πάντως

113 1577 266 1628 ἐλπίδι
291 1577 573 1646 τρεφόμενος
596 1582 678 1643 τῆς
704 1583 765 1632 εἰς
787 1577 840 1629 τὸ
860 1577 1042 1642 μέλλον
1063 1576 1192 1643 ζωῆς,
1214 1576 1289 1625 καὶ
1315 1574 1390 1624 ἵνα
1409 1577 1506 1627 τοῖς·
1527 1572 1695 1627 ἄλλοις

115 1660 263 1724 ἁγίοις
292 1659 470 1728 ἀναμὶξ
495 1661 811 1728 εὐφραίνηται,
837 1663 913 1710 καὶ
948 1656 1243 1725 ἱλαρωτάτην
1269 1656 1352 1724 ε”χῃ
1378 1654 1463 1719 τὴν
1487 1655 1693 1721 καρδίαν.

113 1741 204 1810 ἔφη
229 1741 322 1811 γάρ
347 1766 440 1794 που
463 1744 569 1810 περὶ
594 1748 688 1794 τῶν
713 1743 859 1808 ἁγίων
886 1743 910 1792 ὀ
936 1740 1185 1809 προφήτης
1210 1737 1434 1800 Ἡσαΐας,
1461 1736 1531 1787 ὅτι
1557 1744 1583 1766 “
1601 1740 1696 1787 Καὶ

115 1831 142 1852 “
165 1826 434 1892 εὐφροσύνη
461 1825 642 1879 αἰώνιος
674 1824 786 1891 ὑπὲρ
821 1827 1033 1893 κεφαλῆς
1060 1824 1225 1874 αὐτῶν·
1259 1823 1332 1872 ἐπὶ
1359 1819 1452 1886 γὰρ
1484 1822 1696 1887 κεφαλῆς

50 1928 97 1952 20
117 1914 143 1936 ‘⁶
169 1908 322 1958 αὐτῶν
348 1907 522 1961 α’ίνεσις
548 1910 622 1958 καὶ
649 1907 943 1973 ἀγαλλίαμα,
972 1907 1046 1956 καὶ
1072 1902 1342 1973 εὐφροσύνη
1367 1900 1695 1970 καταλήψεται
1714 1909 1739 1949 b
1757 1911 1847 1985 ng
1870 1964 1906 1985 ω

117 1996 143 2020 “
168 1989 348 2052 αὐτοὺς,
379 1991 557 2057 ἀπέδρα
591 1989 731 2054 ὀδύνη
769 1990 845 2040 καὶ
879 1989 1008 2052 λύπη
1043 1989 1118 2038 καὶ
1151 1983 1463 2051 στεναγμός·”
1530 1984 1697 2034 οὐκοῦν
1851 1978 1858 1984 ’
1909 1977 1917 1986 ’

116 2073 165 2122 ἐν
188 2072 341 2124 ἐλπίδι
368 2071 484 2137 ζωῆς
510 2095 559 2123 τε
585 2075 660 2123 καὶ
687 2071 979 2138 ἱλαρότητος,
1004 2072 1078 2122 καὶ
1104 2070 1260 2133 μέντοι
1286 2070 1361 2119 καὶ
1387 2065 1696 2136 εὐφροσύνης,

116 2158 216 2208 ταῖς
241 2154 418 2205 ἄνωθεν
447 2156 824 2221 παρακλήσεσιν,
851 2154 952 2219 ἤτοι
983 2158 1077 2206 τοῖς
1110 2156 1290 2216 νοητοῖς
1324 2152 1468 2203 ὑετοῖς
1495 2147 1691 2199 ὑπακού-

118 2260 245 2288 σεται
270 2235 458 2291 πάντως
483 2240 505 2298 ἦ
529 2236 602 2302 γῆ,
622 2235 882 2298 τουτέστιν,
906 2239 948 2286 οὶ
973 2234 1059 2299 τὴν
1079 2237 1170 2300 γῆν
1196 2236 1425 2286 οἰκοῦντες
1446 2231 1696 2297 ἅνθρωποι.

52 2339 97 2375 25
119 2317 188 2368 ὅτι
219 2317 266 2368 δὲ
301 2320 377 2369 καὶ
412 2322 474 2373 εὶς
509 2317 656 2385 δόξαν
689 2318 821 2370 ἔσται
856 2322 1073 2385 Χριστοῦ
1106 2319 1188 2380 τῆς
1225 2320 1320 2366 τῶν
1359 2314 1505 2378 ἁγίων
1531 2312 1648 2379 ζωῆς
1674 2313 1699 2363 ὁ

119 2400 311 2467 καρπός·
355 2399 483 2455 “Εἷς
523 2401 616 2468 γὰρ
659 2400 771 2468 ὑπὲρ
810 2399 1001 2452 πάντων
1046 2401 1291 2459 ἀπέθανεν,
1334 2397 1410 2447 ἵνα
1451 2399 1493 2446 οἱ
1535 2395 1698 2461 ζῶντες
1758 2399 1870 2484 ἰθιέτ.

119 2489 147 2511 “
172 2482 333 2546 μηκέτι
371 2483 547 2536 ἑαυτοῖς
586 2483 746 2549 ζῶσιν,
792 2482 924 2533 ἀλλὰ
962 2484 1028 2552 τῷ
1072 2480 1185 2546 ὑπὲρ
1225 2480 1378 2530 αὐτῶν
1416 2475 1698 2528 ἀποθανόντι
1717 2500 1738 2526 c
1850 2467 1858 2475 '

121 2572 148 2594 ‘⁶
173 2565 248 2615 καὶ
276 2564 541 2630 ἐγερθέντι·”
577 2566 912 2629 διαμεμήνυκεν
945 2563 1086 2615 εἰπών
1127 2568 1203 2613 καὶ
1244 2559 1363 2612 αὐτα
1397 2558 1698 2611 ἐπακούσεται

118 2652 178 2716 τῷ
222 2647 434 2714 Ἰεσραελ·
488 2647 612 2714 αὐτῷ
655 2646 762 2712 γὰρ,
806 2648 868 2700 ὡς
905 2645 1037 2714 ἔφην,
1083 2642 1529 2710 καρποφορήσομεν,
1574 2643 1701 2712 αὐτῷ

53 2755 101 2791 30
119 2726 205 2792 τὴν
230 2729 349 2779 ἰδίαν
373 2729 699 2796 ἐποφείλοντες
725 2727 861 2793 ζωήν.
929 2727 1103 2793 εἴρηται
1141 2725 1188 2776 δὲ
1223 2723 1516 2786 πλειστάκις,
1544 2723 1615 2775 ὅτι
1645 2725 1700 2776 τὸ

167 2857 200 2888 4.
228 2844 346 2878 Habet
363 2844 420 2877 hic
437 2841 666 2885 ἐπακούσομαι
685 2842 731 2875 D.
780 2840 892 2886 πλήρη
913 2841 958 2875 D.
975 2842 1156 2884 πληρωτὴν
1174 2838 1264 2873 Edd.
1420 2851 1472 2874 12.
1499 2839 1539 2883 δὴ
1557 2851 1627 2873 om.
1650 2838 1698 2873 D.

124 2902 176 2936 13.
200 2893 259 2936 τῆς
275 2903 344 2925 om.
361 2891 407 2925 D.
508 2900 561 2934 15.
587 2889 811 2934 ἀναμφιλόγῳ
830 2888 877 2922 D.
977 2887 1029 2921 16.
1056 2890 1094 2931 τῇ
1114 2887 1160 2922 εἷς
1176 2888 1214 2920 τὸ
1231 2886 1360 2930 μέλλον
1378 2887 1441 2931 ζωῇ
1458 2886 1499 2920 Β.
1514 2886 1631 2919 invitis
1650 2886 1697 2919 D.

122 2938 214 2973 Edd.
399 2937 451 2971 18.
475 2938 528 2971 καὶ
546 2939 768 2978 assumptum
786 2947 827 2968 ex
843 2935 889 2968 D.
1074 2946 1125 2976 19.
1155 2934 1250 2968 Haec
1268 2933 1322 2967 ἐπὶ
1338 2935 1404 2978 γὰρ
1422 2935 1573 2978 κεφαλῆς
1590 2933 1699 2966 αὐτῶν

121 2990 341 3019 accesserunt
358 2996 399 3018 ex
419 2984 464 3017 D.
516 2983 642 3017 Statim
659 2983 771 3017 ἄνεσις
790 2981 832 3015 Β.
955 2992 1008 3015 22.
1035 2980 1070 3014 ἐν
1086 2987 1309 3026 assumptum
1326 2993 1367 3014 ex
1387 2981 1433 3014 D.
1563 2990 1618 3022 25.
1645 2980 1698 3013 καὶ

122 3041 341 3076 assumptum
359 3043 399 3065 ex
420 3030 511 3065 B.D.
634 3029 687 3063 26.
714 3027 796 3073 γὰρ]
817 3032 852 3068 -1-
868 3028 920 3062 xa}
940 3028 985 3061 D.
1036 3027 1075 3061 ἵν’
1094 3028 1139 3062 D.
1279 3028 1332 3061 28.
1359 3027 1585 3062 ὑπακούσεται
1604 3026 1650 3060 D.
