2021 3434
340 187 424 228 430
729 189 778 228 Β.
822 188 1101 228 CYRILLI
1152 187 1531 228 ALEXANDR.
1706 185 1761 225 iii.
1785 197 1909 239 9-11.

341 299 403 350 ὡς
434 297 555 346 ἑλεῖν
586 295 670 359 μὲν
708 300 769 350 εἷς
807 300 976 348 δοῦλον
1010 296 1092 348 τὸν
1116 299 1342 360 Ἰωακεῖμ,
1370 298 1736 361 δασμολογῆσαι
1762 293 1810 346 δὲ
1837 295 1910 344 καὶ

341 378 494 441 αὐτὸν,
537 381 611 429 καὶ
655 382 818 429 πᾶσαν
861 380 1026 433 ἁπλῶς
1069 381 1368 447 καταδῃῶσαι
1411 378 1495 443 τὴν
1532 377 1685 430 πόλιν.
1747 378 1822 427 καὶ
1859 376 1912 426 οὐ

341 461 475 528 μέχρι
519 460 695 512 τούτων
736 462 970 529 ἐπεμέτρει
1009 461 1150 515 Θεὸς
1170 466 1263 515 τοῖς
1309 460 1477 512 ἀνόσια
1521 457 1790 527 πεπραχόσι
1827 457 1913 521 τὴν

341 541 610 608 συμφορὰν,
656 543 922 609 προσετίθει
973 544 1027 594 δέ
1067 567 1111 593 τι
1152 545 1226 594 καὶ
1271 543 1424 609 ἕτερον
1471 542 1702 609 δυσαχθές
1746 563 1795 591 τε
1839 541 1912 590 καὶ

342 624 707 692 φορτικώτατον.
775 625 867 676 ἀπὸ
899 625 1059 690 πάσης
1097 624 1189 691 γὰρ
1227 628 1306 689 τῆς
1344 625 1615 691 περιοικίδας·
1641 626 1728 689 γῆς
1759 645 1808 674 τε
1839 624 1912 672 καὶ
1933 635 1954 672 5

341 707 512 773 χώρας,
566 705 659 757 ἀπό
709 730 759 758 τε
810 707 986 774 Σύρων,
1036 710 1170 776 φημὶ,
1224 709 1408 773 Τυρίων
1454 730 1501 757 τε
1549 708 1623 757 καὶ
1665 705 1913 772 Ἀζωτίων,

123 808 208 842 283
222 805 274 840 A.
304 787 611 852 αἸδουμαίων
651 793 726 839 καὶ
775 793 1048 850 Μωαβιτῶν
1097 788 1332 857 λῃστρικὰ
1379 788 1747 857 συγκροτήματα
1797 786 1915 838 κατὰ

342 870 512 925 τόπους
545 872 760 922 ἐκθέοντα
794 869 879 935 τὴν
913 877 1006 923 τῶν
1040 873 1275 923 Ἰουδαίων
1313 870 1636 936 κατεληίζοντο
1674 873 1778 936 γῆν.
1838 870 1915 935 γε’-

123 979 139 999 2
158 968 234 1017 Par..
343 975 549 1019 γραπται
583 952 675 1018 γὰρ
708 955 852 1007 οὕτως
884 955 931 1004 ἐν
966 959 1061 1008 τοῖς
1086 954 1515 1020 Παραλειπομένοις
1543 960 1568 982 “
1588 954 1708 1004 Τότε
1738 952 1915 1021 ἤρξατο

123 1021 282 1094 {xxu.4,
344 1036 425 1099 (ίὴ
466 1038 526 1100 γῆ
569 1041 940 1102 φορολογεῖσθαι
979 1042 1060 1087 τοῦ
1098 1039 1254 1087 δοῦναι
1294 1035 1347 1087 τὸ
1389 1035 1610 1102 ἀργύριον
1646 1037 1721 1087 ἐπὶ
1758 1036 1916 1099 στόμα
1938 1060 1984 1086 10

344 1124 370 1146 “
398 1117 585 1184 Φαραὼ,
623 1120 696 1168 καὶ
738 1118 933 1172 ἕκαστος
968 1117 1086 1169 κατὰ
1129 1118 1322 1181 δύναμιν
1353 1119 1571 1185 ἀπῃτεῖτο
1610 1116 1664 1168 τὸ
1696 1117 1916 1184 ἀργύριον

342 1208 369 1230 “
396 1203 470 1251 καὶ
505 1200 558 1251 τὸ
593 1202 790 1268 χρυσίον
823 1201 951 1267 παρὰ
985 1207 1066 1253 τοῦ
1105 1204 1185 1265 τῆς
1224 1204 1310 1267 γῆς
1343 1200 1593 1262 βασιλέως,
1621 1202 1778 1250 δοῦναι
1804 1199 1916 1250 αὐτὸ

342 1290 369 1312 “
396 1282 570 1349 Φαραὼ
603 1283 791 1351 Νεχαώ.
859 1284 1003 1335 ε’ίκοσι
1037 1287 1111 1335 καὶ
1145 1284 1280 1336 πέντε
1315 1285 1429 1334 ἐτῶν
1455 1283 1511 1347 ἧν
1535 1285 1748 1346 Ἰωακεὶμ
1779 1285 1826 1334 ἐν
1851 1286 1918 1352 τῷ

344 1372 371 1394 “
395 1366 666 1426 βασιλεύειν
692 1365 844 1429 αὐτὸν,
871 1369 945 1417 καὶ
976 1365 1133 1417 ἕνδεκα
1160 1366 1238 1429 ἔτη
1264 1367 1574 1427 ἐβασίλευσεν
1600 1367 1647 1416 ἐν
1671 1367 1912 1431 Ἰερουσα-

343 1454 371 1476 “
396 1446 508 1511 λὴμ,
536 1449 609 1498 καὶ
637 1447 783 1510 ὄνομα
806 1451 888 1512 τῆς
915 1447 1088 1515 μητρὸς
1114 1449 1253 1499 αὐτοῦ
1282 1447 1475 1515 Ζεχώρα
1502 1448 1710 1513 θυγάτηρ
1738 1449 1917 1514 Νηρίου
1939 1469 1984 1509 15

299 1544 326 1584 b
346 1536 372 1558 ‘⁶
397 1532 446 1580 ἐκ
479 1529 646 1594 Ῥαμὰ,
684 1532 759 1581 καὶ
797 1532 986 1594 ἐποίησε
1017 1530 1071 1582 τὸ
1105 1530 1309 1597 πονηρὸν
1343 1532 1548 1581 ἐναντίον
1589 1531 1761 1597 Κυρίου
1799 1530 1918 1581 κατὰ

345 1619 373 1640 “
399 1611 552 1663 πάντα
593 1612 686 1663 ὅσα
722 1614 949 1678 ἐποίησαν
987 1617 1028 1664 οἱ
1066 1614 1258 1679 πατέρες
1296 1613 1450 1663 αὑτοῦ.
1518 1614 1565 1664 ἐν
1600 1618 1699 1666 ταῖς
1732 1613 1918 1679 ἡμέραις

345 1702 371 1725 “
398 1696 537 1746 αὐτοῦ
567 1693 684 1759 ἧλθε
719 1696 1150 1763 Ναβουχοδονόσορ
1180 1694 1407 1757 βασιλεὺς
1435 1699 1721 1756 Βαβυλῶνος
1747 1700 1807 1749 εἰς
1833 1695 1918 1760 τὴν

344 1784 370 1806 “
396 1780 500 1843 γῆν,
525 1781 600 1828 καὶ
625 1776 682 1842 ἧν
708 1779 832 1848 αὐτῷ
858 1778 1089 1829 δουλεύων
1114 1776 1251 1832 αὐτὸς
1285 1778 1362 1840 ε”τη
1389 1779 1494 1843 τρία
1523 1779 1597 1828 καὶ
1629 1777 1811 1842 ἀπέστη
1837 1779 1915 1830 ἀπ’

343 1868 372 1891 “
398 1864 551 1914 αὐτοῦ.
608 1864 681 1913 καὶ
714 1861 964 1913 ἀπέστειλε
1001 1862 1171 1929 Κύριος
1205 1863 1273 1913 ἐπ’
1300 1860 1464 1915 αὐτοὺς
1497 1860 1603 1914 τοὺς
1628 1862 1914 1925 Χαλδαίους,
1938 1883 1984 1907 20

344 1951 370 1974 “
397 1947 472 1995 καὶ
504 1943 740 2012 λῃστήρια
785 1945 949 2011 Σύρων
990 1948 1064 1996 καὶ
1104 1944 1340 2013 λῃστήρια
1382 1948 1655 2005 Μωαβιτῶν
1691 1948 1766 1996 καὶ
1810 1949 1919 1996 υἱῶν

343 2034 370 2056 “
396 2026 595 2090 Ἀμμὼν
622 2029 696 2078 καὶ
721 2030 804 2091 τῆς
831 2027 1132 2094 Σαμαρειάς.”

417 2112 565 2161 Ταυτὶ
599 2108 655 2174 δὴ
694 2109 850 2162 πάντα
883 2111 1062 2174 συνέβη
1096 2114 1260 2161 παθεῖν
1297 2108 1574 2178 ἐξυβρικότα
1607 2108 1688 2160 τὸν
1718 2109 1919 2177 Ἰσραὴλ

344 2195 406 2246 εἷς
444 2191 528 2256 τὴν
566 2197 648 2243 τοῦ
683 2196 806 2243 Θεοῦ
840 2192 1001 2261 δόξαν,
1030 2194 1105 2243 καὶ
1137 2192 1338 2244 ἀνοσίως
1362 2193 1743 2259 κατεφθαρμένον
1766 2193 1839 2244 ἐπὶ
1864 2192 1918 2243 τὸ

941 2283 967 2304 66

126 2283 219 2316 Hier.
234 2284 256 2316 i·
343 2274 606 2336 βούλεσθαι
632 2279 913 2341 προσκυνεῖν
983 2280 1076 2328 τοῖς
1104 2275 1254 2341 ἔργοις
1279 2278 1373 2324 τῶν
1399 2278 1564 2341 χειρῶν
1589 2275 1769 2338 αὐτοῦ,”
1798 2276 1918 2327 καθὰ
1937 2296 1983 2335 25

344 2357 617 2423 γέγραπται.

394 2498 423 2521 1.
449 2486 599 2531 Ἰωακεὶμ
618 2487 659 2521 Β.
672 2486 846 2531 Ἐλιακεὶμ
865 2486 955 2520 Edd.
1008 2485 1132 2520 Statim
1150 2485 1679 2531 δασμολογήσας-καταδῃώσας
1696 2485 1739 2518 Α.

345 2535 460 2569 νόσιον
479 2533 569 2568 Edd.
781 2547 814 2575 4.
822 2502 1025 2576 μπροσετίθη
1044 2533 1100 2567 iid.
1150 2548 1184 2566 τε
1203 2533 1322 2566 deest
1315 2545 1351 2566 ln
1368 2531 1446 2566 iisd.
1657 2543 1690 2576 9.
1716 2529 1798 2576 γαρ]
1819 2532 1854 2565 δέ
1872 2532 1916 2565 A.

348 2591 400 2615 10.
430 2580 556 2615 Haec‘
542 2596 560 2624 η
578 2582 619 2625 ’γῆ
639 2580 787 2614 desunt
781 2593 815 2614 ln
835 2580 925 2614 Edd.
974 2581 1142 2624 ἐπίσταμα
1160 2592 1245 2633 pro
1240 2580 1293 2613 ἐπὶ
1311 2580 1421 2622 στόμα
1439 2579 1480 2612 A.
1567 2589 1579 2612 1
1591 2589 1618 2612 Ι.
1644 2579 1762 2622 ἀπῃτει
1750 2578 1854 2622 (sic)
1874 2580 1917 2612 A.

349 2639 401 2661 12.
425 2629 598 2667 βασιλέως
615 2625 1434 2671 0111.Α.Ι3.ἦνἸωακειμ
1451 2626 1517 2659 hoc
1530 2624 1651 2659 ordlne
1670 2625 1711 2658 B.
1729 2623 1768 2668 ἦν
1785 2637 1855 2658 om.
1874 2625 1918 2659 A.

349 2684 401 2719 1.5
431 2675 526 2708 Haec
543 2675 594 2708 καὶ
612 2673 851 2719 ὅνομα-ῥαμὰ
869 2673 1019 2708 desunt
1012 2686 1047 2707 m
1067 2673 1156 2707 Edd.
1174 2673 1263 2717 ῥαβὰ
1280 2685 1342 2718 pro
1359 2672 1449 2716 ῥαμὰ
1464 2673 1507 2706 Α.
1639 2671 1691 2705 16.
1718 2672 1857 2706 ἐνώπιον
1873 2672 1916 2706 A.

346 2720 541 2766 (19,108.)
641 2721 881 2761 18.βασιλεὺς
900 2722 1100 2779 Βαβυλῶνος
1118 2721 1267 2754 desunt
1260 2732 1295 2754 ln
1315 2719 1405 2753 Edd.
1506 2730 1557 2764 19.
1583 2719 1671 2764 αὐτῷ
1689 2717 1858 2752 δουλεύων
1873 2718 1917 2752 Α.

347 2767 512 2802 δουλεύων
530 2769 617 2814 αὐτῷ
636 2767 726 2802 Edd.
778 2768 901 2802 Statim
920 2768 1017 2804 αὐτὸς
1033 2773 1252 2812 assumptum
1271 2779 1311 2800 ex
1329 2768 1372 2801 Α.
1425 2766 1520 2800 Haec
1544 2766 1597 2799 καὶ
1621 2765 1751 2809 ἀπέστη
1769 2765 1823 2799 ἀπ’
1845 2763 1916 2810 [ἀπ’

347 2825 415 2847 om.
437 2814 477 2848 B.
482 2814 496 2860 ]
516 2817 617 2848 αὐτοῦ
634 2822 813 2859 assumpta
831 2827 871 2848 ex
890 2815 932 2848 A.
940 2815 981 2848 B.
1487 2823 1542 2846 20.
1569 2812 1618 2846 ἐπ’
1639 2814 1681 2846 A.
1699 2812 1745 2847 εἷς
1763 2812 1805 2846 Β.
1825 2811 1916 2846 Edd.

350 2871 402 2894 21.
421 2861 587 2905 λῃστήρια
605 2862 717 2905 Σύρων
735 2861 777 2895 Β.
791 2861 975 2906 λῃστηρίας
992 2861 1096 2905 εὑρὼν
1113 2860 1200 2905 (Sic)
1215 2861 1257 2894 A.
1276 2859 1443 2904 λῃστήρια
1459 2859 1574 2903 Τύρων
1593 2859 1683 2893 Edd.
1733 2859 1918 2903 λῃστηρίας

348 2907 427 2949 (sic)
445 2909 568 2942 iterum
587 2909 629 2942 A.
830 2920 884 2942 22.
909 2907 973 2952 Ἀμ
976 2909 1020 2942 ὼν
1035 2907 1125 2941 Edd.
1176 2908 1229 2941 καὶ
1246 2909 1288 2941 A.
1308 2907 1389 2941 κατὰ
1408 2907 1451 2940 Β.
1470 2905 1563 2940 Edd.
1763 2916 1816 2949 23.
1842 2906 1916 2950 ἐξυ-

345 2954 537 2998 βρικόττι]”
522 2970 566 2990 ως
582 2956 659 3000 ὑβρ.
679 2954 769 2988 Edd.
788 2955 846 2988 inv
849 2956 904 2989 itis
923 2957 965 2989 A.
951 2924 1012 2989 Β.
1203 2965 1257 2997 24.
1284 2954 1337 2988 ἐπι
1355 2956 1400 2999 τῷ
1419 2954 1462 2987 A.
1675 2962 1729 2997 25.
1753 2952 1854 2985 αὐτοῦ
1871 2952 1914 2985 Α.

347 2999 454 3033 αὐτῶν
473 3000 513 3033 Β.
532 3001 622 3036 Edd.
674 3001 798 3036 Statim
816 3002 898 3036 καθὰ
916 3016 1101 3047 γεγραπται
1121 3007 1301 3046 assumpta
1318 3013 1358 3034 ex
1377 3000 1466 3034 A.B.
