2021 3434
110 161 194 202 viii.
221 175 314 218 1—3.
566 163 639 204 IN
679 163 873 204 AMOS.
933 162 1085 203 TOM.
1127 161 1213 201 III.
1601 158 1683 197 509

113 267 276 337 ἱξεύειν
301 269 541 332 εἰωθότων,
568 276 661 325 τοῖς
692 271 927 337 ἀγελαίοις
963 271 1078 334 ὁμοῦ
1113 272 1187 320 καὶ
1219 267 1272 319 τὸ
1304 266 1564 318 ἀπόλεκτον
1590 268 1683 315 τῶν

112 353 160 401 ἐν
198 352 436 421 Σαμαρείᾳ
470 354 615 419 γένος,
651 355 772 420 φημὶ
810 352 866 416 δὴ
904 352 958 403 τὸ
996 357 1089 403 τῶν
1127 349 1367 416 ἀλαζόνων
1399 349 1473 399 καὶ
1511 349 1558 398 ἐν
1593 345 1684 414 ἴσῳ

112 438 303 496 πτηνοῖς
343 435 468 503 ὑψοῦ
500 434 726 502 φέρεσθαι
759 432 1151 499 μεμελετηκότων,
1187 433 1536 497 αἰνιγματωδῶς
1570 426 1681 478 ὑπέ-

112 515 231 583 δειξε
266 520 359 566 τῶν
393 515 639 583 ὁραμάτων
681 517 708 580 ἡ
747 515 950 580 δύναμις.
1017 515 1167 581 αγγος
1210 513 1303 580 γὰρ
1341 511 1398 576 ἦν
1438 511 1594 580 ἱξευτοῧ
1632 507 1686 560 τὸ

71 613 92 651 5
114 598 363 663 ὁρώμενον.
429 598 666 664 τοιγάρτοι
704 600 854 666 φησὶν
888 599 912 648 ὁ
948 602 1041 648 τῶν
1075 596 1200 647 ὅλων
1236 593 1372 657 Θεὸς,
1403 593 1474 644 ὅτι
1512 594 1600 653 ἥκει
1641 593 1726 645 rba
1754 611 1832 645 331
1853 610 1902 643 A.

114 678 253 750 πέρας
280 681 350 731 ἐπὶ
384 681 452 732 τὶν
485 682 594 731 λαόν
628 704 713 748 μου
738 678 931 749 Ἰσραὴλ,
957 681 1033 729 καὶ
1067 681 1129 732 ὡς
1169 682 1244 729 οὐκ
1283 676 1339 727 ἂν
1379 676 1437 727 ἔτι
1473 672 1689 743 παρέλθοι

113 760 172 812 τὰ
205 763 357 812 αὐτῶν
391 761 680 828 ἐγκλήματα·
721 759 1198 827 κατεμπρησθήσεται
1237 758 1285 810 δὲ
1324 757 1395 808 ὅτι
1438 757 1512 807 καὶ
1552 754 1690 809 αὐτὸς

115 844 139 894 ὁ
183 842 302 906 ναὸς,
345 845 370 895 ὁ
410 841 496 907 τὴν
538 846 722 910 χρυσῆν
773 842 891 910 ἔχων
942 841 1145 905 δάμαλιν
1188 842 1236 891 ἐν
1283 837 1481 902 Βαιθὴλ,
1527 840 1684 899 διαμε-

114 925 312 989 μήνυκεν
346 925 486 977 εἰπὼν
534 925 603 976 ὅτι
646 924 840 993 ὁλολύξει
883 923 943 975 τα
988 922 1276 992 φατνώματα
1316 922 1387 971 τοῦ
1432 921 1529 971 ναοῧ
1567 920 1604 970 ἐν
1642 924 1691 992 τῇ

50 1032 96 1056 ιο
115 1007 249 1078 ἡμέρα
285 1009 429 1080 ἐκείνῃ.
494 1007 783 1076 φατνώματα
822 1004 869 1056 δὲ
900 1005 1052 1071 λέγειν
1086 1003 1214 1055 ε’ίωθε
1246 1001 1332 1067 τὴν
1370 999 1562 1069 ὀροφὴν,
1590 999 1691 1063 ἤτοι

115 1089 173 1140 τὰ
209 1091 311 1156 περὶ
350 1088 506 1154 αὐτὴν,
548 1094 647 1143 ταῖς
689 1093 782 1138 τῶν
824 1086 1050 1138 τεκτόνων
1088 1085 1339 1138 ἐπιεικείαις
1383 1082 1604 1150 εὐτέχνως
1643 1082 1692 1133 εὖ

114 1171 246 1235 μάλα
283 1171 618 1234 πεποικιλμένα
659 1168 778 1221 κατὰ
820 1168 874 1220 τὸ
916 1172 964 1220 ἐν
1007 1171 1072 1237 τῷ
1114 1166 1294 1237 ᾅσματι
1331 1170 1424 1217 τῶν
1462 1163 1735 1234 ᾀσμάτωνὶ)

116 1261 143 1284 “
167 1255 314 1305 Δοκοῖ
351 1254 483 1317 ἡμῶν
520 1252 685 1319 κέδροι,
712 1251 1003 1320 φατνώματα
1040 1251 1170 1315 ἡμῶν
1208 1246 1536 1315 κυπάρισσοι.”
1595 1252 1692 1298 ὀλο-
1753 1255 1885 1329 'Cinam

115 1335 234 1405 λόξει
271 1334 319 1386 δὲ
356 1334 415 1386 τα
447 1334 735 1404 φατνώματα
770 1340 937 1403 φησιν·
978 1335 1052 1384 καὶ
1079 1333 1180 1400 οὐχὶ
1210 1330 1295 1396 τὴν
1320 1331 1543 1397 ἔναρθρον
1570 1329 1694 1379 ἱέντα
1780 1319 1805 1339 ”

52 1438 97 1477 15
117 1417 292 1488 φωνὴν,
318 1417 403 1482 τὴν
442 1419 504 1471 ὡς
538 1419 585 1468 ἐν
623 1415 814 1471 κτύποις
850 1415 898 1467 δὲ
936 1420 1126 1479 μᾶλλον
1159 1415 1236 1465 καὶ
1269 1411 1376 1467 τοὺς
1413 1414 1462 1463 ἐν
1490 1415 1556 1480 τῷ
1587 1414 1690 1462 δια-

116 1503 323 1551 κλᾶσθαι
367 1499 610 1567 τρισμούς.
676 1497 830 1563 ἐπειδὴ
873 1497 921 1549 δὲ
963 1500 1038 1548 καὶ
1083 1496 1225 1552 πολὺς
1269 1496 1415 1557 ἔσται,
1462 1497 1627 1563 φησιν,
1675 1500 1693 1546 ὁ

117 1606 367 1638 πεπτωκως
418 1584 455 1634 ἐν
504 1606 638 1634 παντι
690 1583 826 1651 τόπω,
875 1577 1091 1651 ε’πιρῥιψω
1140 1580 1318 1639 σιωπήν.
1383 1576 1558 1630 παντὸς
1601 1575 1695 1643 γὰρ

117 1662 263 1716 τόπου
301 1663 469 1716 λοιπὸν
500 1668 562 1718 εἷς
597 1664 788 1731 ἐρημίαν
822 1662 1136 1729 ἐνηνεγμένου,
1162 1684 1235 1712 και
1261 1661 1342 1712 οὐκ
1375 1659 1562 1727 ἔχοντος
1588 1681 1695 1712 τους

119 1747 373 1812 οἰκήτορας,
413 1746 574 1810 πολλή
615 1769 682 1800 τις
725 1745 858 1796 ἐσται
898 1745 926 1809 ἡ
968 1768 1125 1806 oneum),
1166 1743 1311 1809 ἠγουν
1349 1742 1537 1809 ἡσυχία,
1574 1739 1696 1791 καθὰ

53 1853 102 1878 20
120 1851 193 1879 και
232 1829 279 1878 ἐν
315 1833 414 1882 ταῖς
451 1827 634 1894 ἐρήμοις
670 1829 744 1878 καὶ
780 1828 971 1887 ἀβάτοις
1009 1829 1126 1890 γαῖς.
1195 1823 1489 1892 ἀμηχανήσει
1524 1821 1579 1886 δὴ
1614 1822 1696 1873 οὖν

119 1911 216 1962 κατ’
253 1909 414 1962 οὐδένα
449 1908 625 1976 τρόπον
659 1910 684 1960 ὁ
717 1913 811 1960 τῶν
852 1908 977 1959 ὅλων
1022 1907 1156 1969 Θεὸς,
1195 1910 1232 1957 εὶ
1273 1905 1504 1957 παιδεύειν
1541 1904 1734 1956 ἕλοιτοο

119 1991 225 2048 τοὺς
251 1991 586 2058 ἡμαρτηκότας,
615 1992 722 2042 ἀλλ’
751 1991 884 2042 ε”σται
915 1989 1065 2043 πολὺς
1100 1990 1174 2040 καὶ
1209 1988 1431 2055 διάφορος
1463 1987 1587 2056 αὐτῷ
1614 1989 1696 2050 τῆς

120 2076 267 2129 αἰκίας
294 2076 319 2125 ὁ
344 2073 529 2140 τρόπος,
556 2075 631 2124 καὶ
664 2073 996 2137 ἀντιστήσεται
1029 2071 1113 2135 μὲν
1147 2072 1292 2124 οὐδεὶς
1324 2074 1506 2123 ποιναῖς
1538 2068 1698 2118 ἐνιέντι

120 2156 202 2208 τὸν
233 2156 598 2224 παροτρύνοντα,
625 2156 921 2224 διαφεύξεται
955 2153 1102 2220 γεμὴν
1140 2154 1165 2203 ὁ
1203 2157 1302 2207 ταῖς
1341 2152 1699 2217 μεταγνώσεσιν

56 2258 103 2296 25
123 2239 454 2303 ἀποσειόμενος
493 2237 577 2303 τὴν
621 2236 778 2304 ὀργὴν,
823 2239 1078 2301 μετατιθεὶς
1119 2236 1191 2305 ἐφ’
1237 2236 1384 2304 ἑαυτῷ
1428 2234 1546 2300 πρὸς
1587 2234 1699 2299 ἡμε-

121 2322 295 2389 ρότητα
318 2319 528 2390 χρηστὸν
555 2319 666 2372 ὅντα
693 2322 765 2370 καὶ
794 2319 1153 2388 φιλοικτίρμονα
1176 2316 1258 2369 τὸν
1283 2315 1557 2380 Δεσπότην.

171 2482 203 2519 7.
229 2471 567 2517 κατεμπρησθὴσεται
586 2472 628 2505 Β.
647 2485 776 2515 καταπρ
781 2471 849 2504 A.
870 2469 960 2504 Edd.
1162 2469 1194 2502 8.
1221 2469 1301 2504 νεὼς
1318 2469 1361 2502 Α.
1563 2478 1615 2502 11.
1640 2468 1700 2512 τὴν

123 2533 187 2566 pro
203 2520 243 2554 τὰ
260 2535 336 2564 περι
353 2520 397 2553 A.
447 2519 635 2554 ἐπιεικείαις
652 2517 814 2563 εὐτέχνως
833 2519 875 2550 A.
893 2516 984 2550 Edd.
1004 2515 1186 2560 εὐτεχνίαις
1203 2514 1365 2560 εντέχνως
1384 2514 1426 2548 Β.
1561 2525 1613 2548 12.
1639 2529 1699 2548 πε-

123 2566 337 2608 ποικιλμένον
354 2567 397 2599 A.
839 2575 891 2609 13.
917 2562 1075 2605 ὀλολύξει
1094 2563 1136 2596 .A.
1156 2561 1331 2604 ὁλολυζειν
1350 2562 1391 2595 Β.
1411 2559 1589 2603 ὀλολύξειν
1608 2561 1698 2595 Edd.

128 2626 180 2656 14.
206 2614 258 2646 καὶ
275 2618 495 2656 assumptum
513 2624 555 2646 ex
572 2615 616 2646 A.
622 2611 663 2646 B.
887 2611 939 2644 16.
964 2608 1127 2653 τρισμούς
1144 2609 1188 2642 A.
1194 2609 1233 2642 B.
1252 2607 1412 2653 τριμμούς
1431 2606 1521 2641 Edd.
1573 2608 1699 2642 Statim

124 2661 197 2695 ἐπεὶ
215 2660 258 2694 Α.
308 2661 326 2692 ὁ
344 2671 413 2693 orn.
434 2659 475 2692 Β.
690 2669 741 2702 Ι.9
767 2656 786 2700 ἡ
804 2663 1023 2701 assumptum
1041 2668 1083 2689 ex
1096 2656 1140 2689 A.
1362 2666 1416 2688 22.
1442 2654 1548 2689 πολὺς
1566 2666 1634 2688 om.
1654 2655 1698 2688 A.

127 2719 182 2749 24.
208 2708 266 2741 τὸν
281 2704 529 2750 παροτρύνοντα
550 2704 588 2738 Β.
607 2710 640 2738 et
658 2704 839 2748 (omittens
857 2703 933 2747 τὸν)
952 2703 994 2736 A.
1014 2705 1059 2747 τῷ
1084 2701 1343 2746 παροτρυνθέντι
1368 2700 1458 2735 Edd.
1508 2701 1702 2746 (ιγνώσεσιν

127 2754 207 2797 (Sic)
226 2754 269 2786 A.
405 2752 459 2786 26.
485 2753 617 2809 χρηστὲ
619 2767 635 2784 ν
652 2751 730 2784 ὅντα
749 2762 817 2783 om.
838 2750 880 2783 A.
928 2751 987 2783 τὸν
1003 2755 1223 2805 assumptum
1240 2760 1281 2781 ex
1300 2748 1342 2781 A.
1350 2748 1390 2782 B.
1441 2747 1635 2794 Δεσπότην]
1659 2753 1695 2789 -1-

127 2816 153 2835 ω
170 2814 289 2846 πρεπει
307 2799 390 2843 δόξα
408 2799 453 2834 εἷς
470 2798 546 2834 τοὺς
563 2798 682 2833 αἰῶνας
699 2800 764 2832 τῶν
781 2797 918 2831 αἰώνων.
958 2795 1074 2840 Ἀμήν.
1216 2796 1324 2839 Τόμος
1340 2795 1453 2840 τρίτος
1469 2795 1513 2829 A.
