2021 3434
325 186 409 226 336
715 187 765 227 B.
810 187 1083 228 CYRILLI
1121 188 1501 230 ALEXANDR.
1671 187 1712 228 ii.
1738 187 1804 237 28,
1829 199 1894 241 29.

323 297 522 362 Χριστῷ
537 295 780 362 μαρτύρια,
798 318 873 346 και
897 295 957 347 τὰ
975 295 1030 347 δι’
1048 294 1112 347 ὡν
1130 296 1187 362 ἧν
1206 295 1323 351 εἶκος
1349 297 1540 360 ἑτοίμως
1566 295 1751 346 εἰσιέναι
1778 293 1896 361 πρὸς

278 381 304 420 b
324 377 576 426 εὐπείθειαν
613 378 1036 441 ἀναπεπεισμενους
1071 379 1120 429 εὖ
1157 378 1288 442 μάλα
1324 377 1431 432 τοὺς
1469 377 1798 444 ἀκροωμένους,
1836 377 1898 430 ὠς

322 457 538 522 ἐνέστηκε
581 458 748 510 λοιπὸν
789 461 813 510 ὁ
853 463 935 523 τῆς
973 461 1178 515 εὐδοκίας
1221 483 1390 527 καιρος,
1426 483 1500 511 και
1537 458 1596 509 τὰ
1633 457 1783 509 παλαι
1821 456 1896 507 διὰ

323 539 467 602 νόμου
518 542 593 591 καὶ
640 546 900 609 προφητῶν
940 543 1013 593 ἐπὶ
1059 545 1257 612 Χριστῷ
1305 538 1731 608 προαπηγγελμένα
1779 537 1897 603 πρὸς

321 620 463 687 πέρας
505 622 602 686 ἥκει
643 624 822 677 λοιπόν.
897 625 1060 675 οὐκοῦν
1101 623 1432 692 προεφήτευον,
1480 621 1645 690 ἁπάσῃ
1688 621 1896 688 γλώσσῃ
1916 642 1937 680 5

321 709 591 767 λαλοῦντες,
641 711 1090 775 προαναφωνοῦντος
1134 710 1257 757 Θεοῦ
1307 705 1382 756 διὰ
1433 708 1592 774 φωνῆς
1636 704 1782 769 ἁγίων
1822 704 1896 753 καὶ

99 794 236 868 ἑίἓθξη·
320 793 473 841 τοῦτο.
548 789 808 856 γέγραπται
856 790 948 857 γάρ
998 789 1155 842 ““Ort
1204 793 1252 841 ἐν
1300 793 1675 856 ἑτερογλώσσοις
1725 789 1800 838 καὶ
1849 789 1897 837 ἐν

102 889 199 939 ΕΞ..Ν
321 877 349 899 “
373 872 583 938 χείλεσιν
626 872 792 939 ἑτέρων
836 872 1041 937 λαλήσω
1085 877 1151 942 τῷ
1184 876 1287 942 λαῷ
1325 873 1474 942 τούτῳ
1513 873 1587 922 καὶ
1625 868 1718 922 οὐδ’
1751 870 1897 923 οὕτως

99 941 266 964 xxvm'u‘
321 962 347 984 ‘⁶
371 955 713 1008 πιστεύσωσι.”
766 956 903 1008 τοῦτό
936 981 1006 1009 τοι
1038 959 1192 1010 συνεὶς
1229 959 1302 1008 καὶ
1336 957 1360 1006 ὁ
1396 955 1647 1008 θεσπέσιος
1687 957 1895 1015 Παῦλος,

97 1045 220 1119 ζεῦξ’
319 1040 381 1091 εἷς
415 1042 610 1102 σημεῖον
645 1039 866 1090 δεδόσθαι
897 1044 992 1094 τοῖς
1018 1038 1256 1093 Ἰουδαίοις
1280 1038 1459 1107 ε”φασκε
1485 1036 1570 1102 τὴν
1595 1041 1889 1102 πολυγλωσ-
1918 1059 1964 1085 10

280 1145 301 1172 c
319 1121 445 1171 σίαν.
498 1120 568 1171 ὅτι
594 1119 640 1171 δὲ
666 1121 987 1175 καταπτάντος
1012 1121 1069 1190 ἐξ
1090 1122 1297 1188 οὐρανῶν
1321 1126 1404 1172 τοῦ
1429 1120 1594 1184 εΑγίου
1622 1118 1894 1181 Πνεύματος

317 1204 492 1253 πολλοὶ
533 1203 641 1253 λίαν
682 1203 808 1268 ἦσαν
855 1208 897 1255 οἱ
936 1206 1003 1274 τῷ
1046 1206 1129 1268 τῆς
1172 1204 1460 1273 προφητείας
1500 1199 1894 1264 ἀναμεστούμενοι

97 1300 149 1331 Ib.
171 1310 234 1342 29-
317 1283 562 1347 πνεύματι,
617 1289 845 1354 σαφηνιεΐ
894 1286 1095 1354 γράφων
1151 1287 1175 1336 ὁ
1233 1289 1426 1338 Παῦλος
1488 1292 1514 1313 “
1542 1285 1794 1351 Προφῆται
1847 1281 1895 1333 δὲ

99 1353 149 1383 δι’
318 1372 346 1395 “
373 1365 454 1417 δύο
497 1365 525 1431 ἢ
567 1373 686 1434 τρεῖς
732 1369 1032 1419 λαλείτωσαν
1073 1369 1148 1418 καὶ
1186 1368 1328 1418 ἄλλοι
1373 1366 1749 1432 διακρινέτωσαν.
1815 1364 1895 1416 ἐὰν

319 1455 345 1477 “
370 1447 418 1498 δὲ
457 1448 593 1519 ἄλλῳ
632 1451 948 1518 ἀποκαλυφθῆ
982 1452 1104 1519 φησὶ
1134 1450 1391 1519 καθημένῳ,
1419 1451 1443 1500 ὁ
1479 1452 1664 1513 πρῶτος
1689 1445 1887 1513 σιγάτω.
1919 1464 1962 1503 15

318 1538 345 1561 “
372 1531 574 1582 δύνασθε
609 1530 702 1598 γὰρ
735 1531 904 1586 πάντες
940 1533 1044 1583 καθ’
1090 1532 1169 1583 ἕνα
1207 1530 1561 1600 προφητεύειν.”
1622 1529 1773 1581 πάλαι
1810 1527 1894 1592 μὲν

318 1611 410 1678 γὰρ
452 1612 526 1663 διὰ
570 1612 760 1677 πολλὴν
812 1614 1101 1679 δυστροπιάν
1143 1613 1519 1680 παρακρούοντος
1559 1616 1643 1662 τοῦ
1679 1610 1894 1678 Ἰσραὴλ,

97 1694 217 1769 ᾒῖξοῗῐ
318 1694 498 1762 ἔφασκε
525 1694 645 1749 Θεός
670 1702 698 1725 “
716 1694 838 1746 Ἰδοὺ
865 1694 956 1762 ἐγὼ
983 1694 1123 1759 λιμὸν
1149 1694 1309 1761 ἐπάγω
1336 1696 1408 1746 ἐπὶ
1434 1693 1519 1758 τὴν
1544 1697 1646 1759 γῆν,
1673 1694 1726 1744 οὐ
1752 1693 1893 1757 λιμὸν

102 1790 150 1812 ¹²·
318 1783 345 1805 ‘⁶
370 1777 525 1843 ἄρτου,
553 1777 655 1829 οὐδὲ
688 1778 836 1846 δίψαν
875 1780 1053 1832 ὕδατος·
1096 1777 1226 1829 ἀλλὰ
1251 1776 1392 1841 λιμὸν
1416 1782 1498 1828 τοῦ
1525 1778 1722 1827 ἀκοῦσαι
1746 1776 1893 1843 λόγον

317 1865 344 1888 “
372 1860 562 1926 Κυρίου,
605 1861 680 1910 καὶ
722 1858 815 1911 ἀπὸ
857 1861 1102 1911 ἀνατολῶν
1145 1860 1228 1913 ἕως
1271 1861 1464 1922 δυσμῶν
1504 1860 1961 1925 περιδραμοῦνταιεο

316 1948 343 1970 “
369 1940 606 2008 ζητοῦντες
655 1940 736 1992 τὸν
780 1942 928 2007 λόγον
970 1942 1157 2007 Κυρίου,
1198 1943 1273 1992 καὶ
1319 1942 1372 1992 οὐ
1423 1939 1487 2005 μὴ
1529 1941 1744 2006 εὕρωσι.”
1816 1942 1892 1992 καὶ

178 2038 186 2042 ,
397 2024 407 2038 ,
596 2023 610 2038 x
801 2023 814 2038 2
947 2025 956 2040 ‚
1117 2023 1128 2040 Ι
1331 2025 1345 2041 x
1427 2022 1439 2038 x
1597 2027 1618 2037 Α
1715 2022 1727 2037 f

94 2026 198 2102 3222}-
316 2046 433 2090 προς
473 2046 526 2088 γε
564 2047 645 2075 τον
687 2047 914 2091 μακαριον
963 2023 1166 2089 Ιεζεκιηλ
1206 2028 1345 2075 “Koa
1388 2047 1474 2087 την
1515 2029 1754 2089 γλωσσαν
1799 2046 1892 2074 σου

270 2113 343 2154 <1⁶⁶
368 2105 595 2170 συνδήσω
631 2107 704 2156 καὶ
743 2104 1124 2174 ἀποκωφωθήσῃ,
1150 2107 1224 2156 καὶ
1251 2106 1333 2156 οὐκ
1365 2105 1452 2174 ἔσῃ
1481 2106 1633 2159 αὐτοῖς
1658 2108 1720 2159 εἷς
1745 2104 1891 2172 ἄνδρα

364 2297 392 2320 1.
418 2284 600 2331 μαρτύρια]
620 2284 789 2329 μυστήρια
805 2285 864 2320 iid.
882 2286 1160 2330 repugnantibus
1178 2286 1354 2321 omnibus.
1404 2286 1443 2330 ἧν
1467 2287 1553 2323 εἰκὸς
1576 2286 1643 2321 hoe
1665 2286 1785 2321 ordine
1804 2287 1888 2323 B.c.

316 2332 358 2366 In
377 2332 411 2367 d
427 2333 599 2367 scholium
617 2345 728 2366 unum
747 2333 854 2367 deest.
904 2334 1042 2376 ἑτοίμως
1066 2334 1205 2369 εἰσιέναι
1224 2334 1321 2378 (ἰέναι
1340 2334 1398 2378 Β.)
1415 2335 1501 2378 πρὸς
1517 2335 1592 2368 εὐπ.
1611 2334 1652 2368 B.
1665 2345 1694 2368 c.
1712 2335 1797 2378 πρὸς
1813 2335 1887 2370 εὐπ.

313 2381 452 2423 ἑτοίμως
470 2380 552 2414 ἷεναι
570 2379 661 2413 Edd.
868 2391 900 2424 3.
928 2379 1022 2414 Haec
1040 2381 1093 2414 διὰ
1112 2380 1214 2424 νόμου
1233 2381 1285 2414 καὶ
1301 2382 1487 2434 προφητῶν
1503 2387 1722 2415 accesserunt
1739 2393 1780 2415 ex
1799 2381 1840 2416 B.
1856 2394 1886 2416 c.

314 2440 346 2469 4.
372 2426 659 2479 προηγγελμένα’
643 2427 697 2461 επὶ
715 2429 852 2480 Χριστῷ
870 2438 932 2471 pro
950 2427 1004 2461 ἐπὶ
1022 2433 1084 2469 Χρ.
1102 2442 1227 2472 προαπ.
1243 2427 1334 2462 Edd.
1348 2429 1465 2462 invitis
1480 2428 1522 2462 Β.
1537 2439 1567 2462 c.
1615 2427 1716 2473 πρὸς]
1734 2429 1780 2464 εἷς
1795 2427 1886 2463 Edd.

313 2473 430 2507 insitis
444 2474 583 2507 nostris.
725 2486 759 2518 5.
784 2473 841 2518 ἧκε
859 2473 916 2507 iid.
936 2473 1053 2508 invitis
1071 2474 1180 2509 libris.
1304 2475 1337 2509 6.
1363 2477 1580 2521 προαναφων.
1599 2477 1687 2508 Θεοῦ
1704 2475 1757 2509 διὰ
1774 2476 1888 2520 φωνῆς

313 2520 368 2565 ἁγ.
387 2520 427 2554 Β.
442 2532 471 2554 c.
491 2521 544 2554 διὰ
561 2519 707 2565 φωνῆς
692 2536 746 2566 ay.
767 2523 854 2554 Θεοῦ
871 2523 1194 2566 προαναφωνοῦντος
1212 2521 1304 2556 Edd.
1541 2531 1573 2567 7.
1598 2522 1649 2556 ὅτι
1667 2528 1886 2566 assumptum

313 2578 354 2600 ex
375 2567 415 2600 B.
431 2579 461 2601 c.
578 2568 611 2601 8.
637 2567 759 2611 ἑτερων
776 2567 818 2601 Β.
837 2568 1006 2611 ἑτέροιςο.
1022 2568 1112 2602 Edd.
1162 2583 1267 2604 ουτως
1284 2581 1313 2603 c.
1333 2568 1424 2603 Edd.
1443 2569 1487 2604 ὣς
1505 2568 1546 2603 Β.
1689 2580 1722 2614 9.
1747 2568 1887 2604 πιστεύ-

314 2628 424 2647 σωσιν
457 2626 486 2648 c.
520 2613 746 2648 πιστεύσουσι
777 2615 818 2648 Β.
847 2613 1091 2658 πεισθήσονται
1119 2615 1210 2649 Edd.
1284 2631 1396 2651 συνεις
1421 2617 1473 2649 καὶ
1498 2617 1516 2649 ὁ
1542 2615 1725 2651 θεσπέσιος
1750 2617 1887 2651 Παῦλος

316 2659 357 2694 Β.
370 2672 399 2694 c.
420 2661 472 2694 καὶ
489 2663 627 2696 Παῦλος
645 2675 756 2696 συνεις
773 2661 864 2695 Edd.
1117 2673 1169 2696 10.
1194 2661 1367 2698 Ἰουδαίοις
1383 2663 1544 2697 δεδόσθαι
1560 2674 1624 2707 pro
1641 2663 1801 2697 δεδόσθαι
1817 2664 1887 2698 τοῖς

312 2705 412 2741 Ἰουδ.
439 2707 499 2741 iid.
525 2707 642 2742 invitis
667 2708 807 2741 nostris.
869 2710 1000 2753 ἔφασκε
1027 2708 1067 2742 Β.
1093 2709 1183 2754 φησὶ
1209 2709 1300 2744 Edd.
1327 2709 1381 2765 ἐφ’
1400 2711 1544 2753 ἑκάστην
1561 2709 1649 2754 (Sic)
1669 2721 1730 2754 pro
1755 2710 1886 2765 ἔφασκε

314 2753 373 2796 τὴν
390 2765 689 2788 c.1
700 2766 727 2788 Ι.
754 2755 895 2800 οὐρανοῦ
915 2755 1005 2789 Edd.
1244 2767 1296 2791 12.
1321 2759 1367 2802 τῷ
1384 2757 1442 2800 τῆς
1457 2755 1699 2801 προφητείας’
1679 2755 1884 2800 αναμεστού-

313 2813 405 2842 μενοι
421 2799 598 2851 πνεύματι]
619 2803 658 2844 τῇ
677 2802 789 2847 χάριτι
806 2803 863 2846 τῆς
879 2802 1123 2860 προφητείας’
1104 2818 1366 2847 αναμεσουμενοι
1384 2803 1767 2848 11ᾶ.14,15.καὶ
1783 2802 1884 2836 ἄλλοι

315 2846 506 2900 -σιγάτω]
526 2850 597 2881 εἶτα
614 2847 673 2882 iid.
870 2849 922 2883 16.
948 2850 1069 2884 πάντες
1086 2849 1194 2883 καθ’”’
1174 2865 1230 2883 ενα
1247 2850 1313 2884 hoc
1331 2850 1451 2884 ordine
1470 2850 1511 2884 Β.
1696 2859 1748 2894 17.
1773 2864 1882 2893 προσ-

314 2891 490 2934 κρούοντος
508 2893 566 2927 ild.
807 2896 858 2929 18.
888 2895 985 2930 Haec
1001 2896 1040 2930 οὐ
1057 2897 1186 2938 λιμὸν’
1171 2897 1286 2942 (ίρτου,
1305 2897 1380 2931 οὐδὲ
1399 2897 1505 2942 δίψαν
1522 2896 1651 2933 υδατος
1676 2896 1767 2931 ἀλλὰ
1783 2896 1882 2939 λιμὸν

313 2946 531 2973 accesserunt
548 2952 588 2974 ex
608 2940 650 2975 B.
806 2953 859 2976 20.
885 2942 1181 2989 περιδραμοῦνται]
1200 2946 1479 2990 περιτραποῦνται
1500 2943 1540 2978 Β.
1750 2941 1883 2977 Haec

312 2997 351 3027 γε
369 2985 426 3018 τὸν
442 2987 602 3031 μακάριον
618 2995 837 3023 accesserunt
853 3001 893 3023 ex
914 2989 952 3023 Β
