2021 3434
166 222 235 263 vii.
256 236 319 272 10,
342 237 403 264 11.
533 226 606 266 IN
646 227 1029 268 MICHAEAM.
1090 228 1241 269 TOM.
1274 229 1357 270 ΙΙΙ.
1647 233 1726 271 723

162 355 311 396 μασιν
354 336 661 403 ἐπιμετρήσας
706 336 922 396 κόλασιν,
967 340 1251 406 κατοικτείρῃ
1299 339 1480 401 λοιπὸν,
1525 341 1599 390 καὶ
1643 339 1728 403 τὴν

162 413 313 466 πάλαι
351 418 687 483 ἐσκοτισμένην
723 423 780 486 τῇ
818 422 898 483 τῆς
937 419 1120 483 πλάνης
1159 420 1304 488 ἀχλύϊ
1338 420 1558 489 ἀποφήνῃ
1596 428 1721 484 λαμ.-
1745 432 1770 472 b

161 496 299 562 πράν,
326 498 400 548 διά
437 522 490 564 γε
527 505 609 550 τοῦ
646 506 819 565 γνῶναι
856 502 938 552 τὸν
968 504 1121 565 ἀληθῆ
1160 505 1234 552 καὶ
1273 503 1413 570 φύσει
1441 502 1564 552 Θεὸν
1593 503 1731 552 οἱονεί

161 600 261 632 πως
299 581 348 630 ἐν
377 583 499 648 φωτὶ
537 582 612 632 καὶ
650 581 791 646 αὐτὴν
826 584 1045 648 γενέσθαι
1075 583 1457 649 παρασκευάσας·
1499 588 1728 634 καταθαυ-

121 670 143 708 5
162 659 351 725 μάζοιτό
388 685 452 720 τε,
481 665 649 731 φησὶν,
680 663 875 727 εἰκότως,
903 665 1196 719 καταδεικνῦς
1227 664 1345 716 ε”π’
1324 689 1422 729 εμοι
1447 669 1528 729 τῆς
1566 666 1727 715 ἑαυτοῦ

162 743 457 808 δικαιοσύνης
481 744 535 794 τὸ
562 745 812 810 εἰλικρινές.
879 745 1039 812 ὥσπερ
1065 745 1158 812 γὰρ
1186 748 1266 797 οὐκ
1294 747 1383 815 ἔξω
1409 748 1534 810 δικης
1559 755 1720 811 πλημ-

160 830 404 885 μελοῦσαν
449 826 677 927 ἐκόλαζεν,
729 829 874 882 οὕτως
934 852 982 879 εν
1033 829 1123 879 ’ίσω
1171 829 1416 892 ποιήσεται
1476 830 1621 899 λόγω,
1673 830 1727 880 τὸ

160 910 411 958 παθοῦσαν
439 908 528 972 ἠδη
560 931 634 959 και
671 910 1136 972 μεταγινώσκουσαν,
1171 934 1245 961 και
1284 912 1529 979 φροντίδος
1567 913 1728 981 ἀξιοῦν

161 989 236 1038 καὶ
261 993 583 1056 κατοικτείρειν
609 990 828 1055 κειμένην.

96 1091 143 1115 10
235 1072 422 1122 Οὐκοῦν
460 1071 633 1138 ἀγαθὸς
671 1074 696 1123 ὃ
732 1077 826 1123 τῶν
861 1073 1051 1124 πάντων
1083 1072 1348 1137 Δεσπότης,
1381 1076 1457 1124 καὶ
1494 1079 1588 1128 τοῖς
1626 1075 1723 1125 ε’πι-

159 1154 452 1224 στρέφουσιν
499 1161 561 1211 eis-
611 1156 752 1208 αὐτὸν
800 1156 997 1220 διανέμει
1046 1157 1131 1220 μὲν
1178 1159 1408 1222 ἀμελλητὶ
1451 1158 1533 1209 τὸν
1583 1157 1726 1222 ἐ’λεον,

159 1239 479 1307 κατευφραίνει
518 1238 565 1289 δὲ
604 1241 678 1290 καὶ
718 1237 910 1307 σφόδρα
943 1239 1185 1292 πλουσίως
1223 1244 1318 1293 τοῖς
1359 1240 1415 1309 ἐξ
1447 1240 1765 1307 ἡμερότητοςΟ

159 1321 366 1385 ἀγαθοῖς,
393 1322 529 1374 ἀνιεὶς
555 1320 883 1385 ἀμνησικάκως
906 1319 965 1370 τὰ
989 1319 1138 1371 πάλαι
1165 1322 1513 1386 διεπταισμένα.

163 1531 236 1572 Καὶ
262 1532 415 1583 ὄψεται
442 1532 464 1573 ἡ
492 1531 618 1588 ἐχθρά
653 1547 731 1580 μου
760 1532 827 1572 καὶ
853 1530 1143 1589 Περιβαλεῖτοιι
1170 1531 1379 1588 αἰσχύνΗν,
1407 1534 1584 1580 λε’ῑουσοι
1618 1535 1723 1592 Πρὸς
1748 1549 1793 1572 10

94 1618 140 1657 15
227 1615 278 1663 μὲ
323 1616 409 1656 Ποῦ
462 1615 608 1672 Κύριος
650 1617 672 1657 ὀ
718 1615 829 1657 Θεὸς
873 1632 972 1667 σου,
1022 1614 1060 1656 οἰ
1108 1615 1324 1671 ὀφθαλμοί
1367 1632 1446 1664 μου
1489 1618 1724 1667 ἐπόψονται

227 1695 369 1737 αὐτήν·
409 1700 479 1737 νῦν
516 1697 634 1739 ἔσται
671 1695 730 1737 εἰς
775 1699 1058 1746 καταΠάΤΗμοι
1100 1699 1159 1738 ὡς
1198 1698 1333 1738 ΠΗλός
1376 1698 1419 1738 ἐν
1462 1698 1551 1740 ταῖς
1593 1697 1721 1741 ὁδοῖς·

228 1780 389 1836 ἡμέρας
415 1780 601 1837 ἀλοιφῇς
626 1779 801 1822 Πλίνθου
828 1780 1045 1831 ἑξάλειψίε
1073 1796 1145 1822 σου
1173 1781 1195 1821 ᾗ
1226 1781 1361 1837 ἡμέρα
1388 1781 1541 1822 ὲκείνΗ.
1746 1796 1787 1819 11

223 1905 371 1957 ‘'th
396 1905 481 1970 μὲν
506 1906 607 1971 ἥλω
638 1911 732 1957 τῶν
757 1908 992 1958 Ἰουδαίων
1016 1907 1044 1971 ἡ
1068 1906 1211 1975 χώρα,
1246 1909 1321 1957 καὶ
1357 1908 1637 1973 δορίληπτος
1663 1913 1724 1963 εἷς
1743 1915 1769 1955 d

160 1996 428 2053 Βαβυλῶνα
454 1996 528 2043 καὶ
555 1992 751 2058 Μήδους
777 1992 1070 2057 ἀπεκομίσθη
1097 1992 1215 2044 κατὰ
1251 1991 1434 2059 καιροὺς
1460 1994 1484 2043 ὁ
1509 1994 1723 2059 Ἰσραὴλ,

92 2095 140 2120 20
159 2075 241 2125 οὐκ
280 2074 412 2129 ἰδίαις
450 2074 674 2138 δυνάμεσι
712 2079 1153 2141 κατευμεγεθοῦντος
1191 2076 1341 2125 αὐτῶν
1378 2081 1459 2125 τοῦ
1498 2098 1719 2142 κεκρατη-

158 2156 305 2219 κότος,
333 2157 749 2226 ἀποστρεφομένου
780 2157 826 2208 δὲ
858 2162 1046 2220 μᾶλλον
1069 2156 1208 2208 αὐτὸν
1233 2159 1294 2211 ὡς
1320 2158 1617 2223 ἡμαρτηκότα
1642 2165 1724 2210 τοῦ

158 2237 466 2304 διασώζοντος
492 2243 628 2302 Θεοῦ,
655 2241 729 2290 καὶ
755 2239 851 2291 οἷον
877 2238 966 2291 ὑπὸ
1000 2245 1130 2307 χεῖρα
1157 2240 1377 2306 φέροντος
1403 2243 1496 2290 τῶν
1521 2242 1718 2307 ἐχθρῶν,

158 2320 234 2371 διὰ
283 2319 336 2372 τὸ
385 2323 460 2372 καὶ
507 2321 713 2376 εἰδώλοις
764 2322 967 2390 ἀψύχοις
1017 2323 1208 2373 ἑλέσθαι
1257 2326 1547 2387 προσκυνεῖν,
1598 2325 1719 2374 ἀπο-

157 2404 370 2455 σείεσθαι
409 2403 456 2455 δὲ
493 2406 568 2455 καὶ
605 2405 688 2455 τὸν
715 2403 864 2456 πάλαι
902 2403 975 2455 διὰ
1003 2403 1246 2457 Μωυσέως
1284 2403 1530 2469 ὁρισθέντα
1567 2403 1720 2467 νόμον,

90 2505 138 2543 25
158 2487 234 2536 καὶ
271 2486 566 2555 ἁπαξαπλῶς
603 2488 858 2538 ἀπονεῦσαι
895 2486 1011 2552 πρὸς
1048 2491 1143 2537 πᾶν
1181 2487 1333 2536 ὁτιοῦν
1370 2489 1463 2535 τῶν
1501 2484 1721 2549 ἐκτόπων,

157 2567 319 2619 οὐδένα
353 2591 404 2620 τε
433 2568 731 2637 φαυλότητος
762 2567 937 2635 τρόπον
972 2567 1321 2631 ἀνεπιτήδευτον
1353 2568 1446 2617 ε’ἇν.
1506 2565 1603 2618 εἶτα
1634 2576 1718 2618 λα-
1739 2594 1760 2620 e

205 2708 237 2731 2.
258 2697 515 2744 ἐσκοτισμενην]
535 2698 840 2742 κατεσκοτισμένην
856 2698 947 2733 Edd
967 2698 1084 2732 invitis
1102 2698 1144 2731 A.
1152 2697 1191 2731 Β
1239 2698 1396 2741 λαμπρὰν
1413 2697 1592 2743 ἀποφήνῃ
1585 2710 1644 2732 lnv
1646 2711 1721 2734 erSO

157 2744 278 2778 ordine
294 2745 338 2778 A.
665 2755 699 2791 5.
724 2760 759 2779 τε
777 2746 820 2779 A.
827 2745 867 2779 Β.
886 2746 921 2779 δέ
937 2744 1028 2779 Edd.
1078 2745 1202 2779 δεικνὺς
1220 2743 1262 2777 Β.
1311 2745 1430 2778 ἑαυτοῦ
1447 2746 1489 2778 Α.
1509 2745 1609 2778 αὐτοῦ
1628 2746 1719 2780 Edd.

159 2801 190 2836 7.
215 2790 326 2838 λόγῳ]
344 2792 449 2837 λόγος
464 2791 523 2826 iid.
784 2803 837 2826 10.
862 2795 928 2826 τῶν
945 2791 1063 2825 deest'
1055 2803 1091 2824 m
1107 2791 1151 2824 A.
1203 2790 1326 2824 Statim
1344 2790 1432 2824 ὅλων
1448 2803 1510 2835 pro
1527 2793 1658 2826 πάντων
1677 2793 1719 2827 Β.

160 2848 214 2871 12.
239 2826 479 2882 ἐξημερότητος
494 2851 558 2885 pro
575 2838 644 2883 ᾆξ’
630 2854 685 2883 ημ.
703 2838 794 2873 Edd.
1033 2848 1073 2880 14
1110 2836 1174 2882 λεγ
1176 2851 1262 2870 ουσα
1280 2837 1316 2871 F.
1336 2837 1425 2871 Edd.
1445 2840 1542 2882 (153)
1562 2838 1620 2872 sed
1638 2839 1681 2873 cf.
1700 2839 1718 2883 ἡ

156 2883 232 2929 λεγ.
249 2884 339 2918 infra
355 2885 422 2927 464
439 2885 500 2920 fin.
822 2885 931 2927 15.οἲ
947 2850 1123 2928 οφθαλ4μοι
1137 2852 1217 2928 μου]
1241 2887 1278 2924 -1-
1298 2886 1355 2917 νῦν
1373 2883 1414 2917 Β.
1434 2886 1544 2928 (153.)
1594 2884 1719 2920 Statim

157 2930 303 2975 ὄψονται
320 2931 363 2965 Α.
381 2932 461 2975 (CO.
466 2934 478 2976 )
623 2942 675 2977 17.
701 2931 822 2975 ἡμέρας
840 2932 883 2965 A.
902 2931 1032 2973 (Alex.)
1051 2930 1095 2964 cf.
1112 2931 1149 2964 in
1167 2930 1227 2964 Es.
1246 2941 1310 2974 232
1328 2942 1358 2963 a.
1378 2930 1481 2982 ημέρα
1499 2930 1589 2965 Edd.
1608 2932 1702 2975 (Vat.
1707 2934 1718 2974 )

162 2978 216 3011 18.
240 2977 312 3021 ἥλω
329 2989 398 3012 om.
417 2979 460 3013 A.
511 2979 721 3023 δορύληπτος
738 2978 829 3013 Edd.
994 2988 1048 3010 21.
1074 2977 1118 3012 ὡς
1134 2976 1251 3021 ἡμαρτ.
1270 2978 1369 3010 αὐτὸν
1385 2978 1520 3012 inverso
1538 2978 1657 3013 ordine
1676 2979 1718 3013 B.

160 3035 214 3069 23·
240 3025 278 3058 τὸ
295 3025 347 3059 καὶ
364 3025 430 3060 hoc
447 3026 567 3061 ordine
580 3026 622 3060 A.
628 3026 670 3061 B.
874 3023 927 3058 26.
954 3023 1070 3057 οὐδένα
1087 3023 1226 3058 τε--ἐᾶιι
1244 3022 1393 3058 desunt
1385 3035 1422 3058 m
1442 3024 1482 3059 Β.

909 3094 1024 3133 422
