2021 3434
132 168 182 207 vi.
213 183 275 213 12.
592 172 665 212 IN
705 173 896 213 AMOS.
956 171 1105 212 TOM.
1140 170 1226 210 ΙΙΙ.
1618 170 1700 209 493

130 283 212 329 τοῦ
231 277 456 347 Ἐφραὶμ,
477 279 579 344 ἤτοι
603 279 684 332 τὸν
703 280 903 348 Ἰσραὴλ
929 281 1110 331 τελείαν
1135 282 1374 342 ὑπομεῖναι
1399 278 1484 342 τὴν
1505 277 1702 338 ἅλωσιν,

130 362 205 411 καὶ
240 362 462 413 δυσίατον
493 362 578 426 τὴν
615 365 664 413 ἐκ
696 368 779 414 τοῦ
810 363 1020 426 πολέμου
1050 360 1318 430 συμφορὰν,
1345 360 1437 411 ἀπὸ
1465 359 1628 426 μέρους
1655 358 1704 409 δὲ

130 442 213 493 τὸν
238 443 433 505 Ἰούδαν,
461 447 534 495 καὶ
560 447 621 498 ὡς
647 447 694 495 ἐν
719 449 891 512 βραχεῖ
913 446 1109 513 ῥήγματι
1138 449 1274 494 τοῦτο
1299 446 1476 494 παθεῖν.
1532 443 1704 494 δίκαιος

132 525 212 574 οὖν
254 526 278 575 ὁ
316 525 491 592 Κριτὴς
528 529 602 577 καὶ
647 526 1105 592 ἀπροσωπόληπτος.
1182 524 1451 576 ταλαντεύει
1489 523 1599 589 γὰρ,
1644 525 1744 577 ὡςει
1772 541 1850 575 321
1870 540 1923 574 A.

91 622 112 660 5
133 608 232 675 ὁρᾷ,
259 606 319 657 τὰ
343 607 529 658 πόλεων
562 606 590 672 ἦ
625 612 790 675 χωρῶν
816 606 1100 673 ἐγκλήματα,
1130 609 1204 657 καὶ
1238 605 1483 670 ἀναλόγως
1522 604 1705 674 ἑκάστῳ

131 688 216 752 τὴν
254 692 453 757 ὠφελεῖν
490 690 752 756 ἰσχύουσαν
789 687 949 754 ἐπάγει
985 688 1193 753 πληγήν.
1269 686 1333 751 μὴ
1373 687 1429 750 δὴ
1469 691 1706 754 καταφρο-

132 775 282 834 νῶμεν
325 775 462 832 Θεοῦ,
505 771 559 821 τὸ
606 770 839 825 παναλκὲς
889 769 1056 823 εἰδότες
1103 773 1186 834 τῆς
1228 769 1482 835 ὑπερτάτης
1534 767 1701 836 χειρός·

133 856 291 920 χρῆμα
316 852 409 919 γὰρ
436 854 632 919 ἄριστον
658 853 684 917 ἡ
712 856 771 906 εὶς
797 857 933 903 τοῦτο
958 851 1164 904 σύνεσις.

137 1068 181 1111 Εἰ
208 1070 434 1113 ὃιώὲονται
461 1071 504 1111 ἐν
532 1072 704 1126 Πέτραιε
730 1070 878 1121 fnum
917 1066 952 1109 εἰ
978 1069 1390 1124 Παρασιωπήσονται
1417 1067 1461 1108 ἐν
1490 1066 1707 1119 eumcum
1730 1084 1774 1107 12

67 1160 115 1184 10
200 1154 263 1195 ὅτι
290 1150 405 1201 ὑμεῖς
431 1153 713 1209 ὲΞεστρέψατε
740 1151 799 1194 εἷς
824 1152 953 1200 θυμὸν
981 1149 1119 1208 κρῖμα,
1148 1150 1215 1191 καὶ
1248 1150 1409 1207 καρπὸν
1439 1149 1707 1192 ὃικαιοσύνΗε

202 1234 260 1277 εἰς
286 1236 469 1292 Πικρίαν.
1726 1236 1752 1276 b

199 1346 315 1398 “Orc
341 1346 397 1412 δὴ
429 1348 576 1399 πάλιν
608 1346 745 1402 αὐτὸς
783 1347 1050 1398 ἐνετέλλετο
1077 1348 1152 1397 καὶ
1179 1346 1405 1414 πατάξειν
1431 1353 1458 1374 “
1476 1345 1557 1396 τὸν
1584 1342 1710 1396 οἷκον
1771 1360 1876 1399 Supra

136 1437 162 1460 ‘⁶
189 1428 271 1480 τὸν
295 1428 441 1493 μέγαν
477 1427 730 1491 θλάσμασι
762 1431 837 1479 καὶ
871 1427 953 1479 τὸν
991 1426 1116 1479 οἷκον
1153 1426 1235 1479 τὸν
1260 1426 1426 1493 μικρὸν
1455 1426 1707 1494 ῥήγμασι,”
1770 1410 1904 1434 ver.11.

136 1510 222 1562 κᾶν
247 1515 284 1562 εἰ
310 1510 384 1562 διὰ
415 1514 496 1574 τῆς
528 1516 622 1562 τῶν
647 1510 924 1577 Ἀσσυρίων
951 1510 1202 1577 πράττοιτο
1228 1508 1394 1577 χειρὸς,
1421 1509 1566 1560 πάλιν
1592 1509 1712 1573 ἡμᾶς

72 1614 118 1652 15
137 1594 375 1645 ἀναπείσει
408 1593 562 1659 λέγων
599 1599 648 1644 Εἰ
681 1590 901 1662 ὃιώξονται
938 1594 975 1644 ἑν
1007 1592 1186 1661 πέτραις
1217 1593 1382 1652 ’ἵπποις
1426 1591 1585 1654 ὅμοιον
1619 1590 1712 1657 γὰρ

138 1678 199 1730 ὡς
242 1679 279 1726 εἰ
316 1676 447 1742 λέγοι
490 1680 660 1744 σαφῶς
694 1676 965 1742 Ἀγέρωχον
1003 1673 1088 1736 μὲν
1129 1672 1181 1725 τὸ
1227 1674 1357 1742 ζῷον,
1393 1677 1468 1724 καὶ
1508 1677 1603 1723 τῶν
1643 1672 1714 1722 ὅτι

138 1758 351 1819 μάλιστα
391 1756 747 1824 δρομικωτάτων
787 1757 947 1817 ἵππος,
990 1758 1099 1806 ἀλλ’
1140 1757 1165 1806 ὁ
1211 1755 1354 1808 τόπος
1399 1756 1523 1824 αὐτῷ
1560 1758 1622 1808 εἰς
1660 1753 1714 1804 τὸ

139 1839 256 1891 θέειν
289 1838 552 1904 ἐπιτήδειος,
585 1840 666 1890 οὐκ
700 1840 740 1890 εἴ
774 1863 842 1893 τις
880 1839 947 1902 εἰἠ
986 1839 1225 1905 πετρώδης
1256 1838 1332 1888 καὶ
1370 1836 1514 1904 ὄχθου
1545 1837 1714 1896 πλέως,

140 1923 249 1972 ἀλλ’
283 1923 307 1972 ὁ
339 1920 485 1988 ψιλός
522 1943 571 1972 τε
606 1923 679 1972 καὶ
714 1927 847 1974 λεῖος.
916 1918 1013 1970 εἶτα
1052 1924 1151 1974 πῶς
1194 1920 1321 1983 ὑμῶν
1366 1916 1713 1983 καταδεδραμή-

75 2025 124 2050 20
141 2026 280 2054 κασιν
307 2007 348 2054 οἱ
372 2002 637 2069 Ἀσσύριοι,
664 2004 810 2054 καίτοι
847 2002 996 2053 πάλαι
1034 2000 1228 2069 τραχέος
1259 2023 1308 2051 τε
1341 2001 1448 2051 λίαν
1475 2001 1550 2050 καὶ
1583 2000 1714 2049 οἱονεὶ
1733 2022 1754 2049 c

141 2085 403 2152 πετρώδους
428 2084 559 2138 ὄντος
584 2090 715 2146 λαοῦ,
740 2086 813 2135 καὶ
839 2083 911 2135 ὑπ’
939 2082 1120 2137 οὐδενὸς
1145 2083 1333 2135 πώποτε
1358 2086 1451 2132 τῶν
1476 2081 1716 2144 πολεμίων

141 2167 496 2231 πεπατημε’νου;
540 2166 669 2217 ἀλλὰ
704 2166 823 2220 Θεὸς
860 2165 917 2229 ἧν
953 2167 977 2216 ὁ
1014 2164 1340 2230 ἠτιμασμένος,
1366 2165 1391 2214 ὁ
1430 2162 1487 2213 τὰ
1525 2161 1717 2229 σκληρὰ

143 2252 217 2301 καὶ
244 2248 538 2313 δυσπόρευτα
562 2253 656 2302 τοῖς
679 2253 942 2311 πολεμοῦσι
972 2249 1110 2301 τιθεὶς
1142 2246 1328 2308 βάσιμα
1353 2246 1429 2295 καὶ
1454 2245 1710 2308 ἱππήλατα.

143 2329 305 2397 ὥσπερ
343 2330 391 2382 δὲ
423 2331 504 2381 οὐκ
542 2328 599 2381 ἂν
628 2330 903 2393 παύσαιντο,
943 2331 1105 2398 φησὶν,
1132 2330 1425 2394 ὀρεκτιῶντες
1459 2331 1606 2390 ἵπποι,
1642 2329 1717 2378 καὶ

197 2527 226 2550 1.
253 2517 312 2549 τοῦ
328 2520 549 2559 assumptum
568 2525 609 2547 ex
627 2512 670 2547 A.
719 2512 851 2556 πολλὴν
869 2523 931 2558 pro
948 2512 1078 2546 τελείαν
1095 2511 1139 2545 A.
1157 2511 1264 2545 invito
1285 2510 1325 2544 Β.
1477 2520 1508 2543 2.
1535 2508 1720 2544 δύσοιστον

146 2574 209 2608 pro
227 2562 386 2596 δυσίατον
402 2562 446 2595 A.
494 2560 559 2595 ἀπὸ
575 2559 675 2603 μέρος
692 2560 735 2593 A.
933 2571 966 2601 4.
993 2558 1050 2593 οὖν
1066 2558 1155 2592 Α.Β.
1174 2556 1213 2600 ἦν
1230 2556 1322 2591 Edd.
1372 2556 1415 2592 ὡς
1433 2557 1494 2600 ὁρᾷ
1515 2556 1557 2589 Α.
1577 2557 1620 2591 ὡς
1637 2558 1719 2601 ὁρᾷς

147 2609 239 2643 Edd.
259 2609 434 2642 Neutrum
451 2607 555 2641 habet
574 2607 615 2640 B.
1081 2604 1114 2638 6.
1143 2606 1225 2649 γοῦν
1242 2615 1303 2649 pro
1321 2603 1360 2647 δὴ
1382 2602 1474 2637 Edd.
1494 2603 1609 2636 invitis
1626 2603 1717 2637 A.B.

151 2667 204 2690 10.
230 2655 320 2697 ὑμεῖς
336 2661 555 2699 assumptum
574 2665 615 2687 ex
632 2652 722 2687 A.B.
743 2652 861 2697 (Alex,
879 2651 986 2694 XII.)
1381 2660 1434 2683 12.
1461 2649 1655 2683 ἐνετελλετο
1673 2650 1717 2684 Α.

148 2703 339 2736 ἐντέλλεται
359 2701 399 2735 Β.
419 2700 510 2734 Edd.
559 2700 718 2743 πατάξειν
734 2699 777 2732 Α.
796 2698 935 2741 πατάξει
954 2698 996 2731 Β.
1015 2697 1148 2741 κατάξει
1166 2696 1258 2731 Edd.
1481 2707 1533 2738 14.
1557 2697 1718 2739 τράποιτο

148 2761 212 2795 pro
228 2752 408 2792 πράττοιτο
427 2748 469 2781 Α.
729 2755 780 2790 15.
806 2745 974 2779 ἀναπείθει
992 2744 1083 2778 Edd.
1346 2753 1398 2788 17.
1424 2741 1525 2778 ἵππος
1542 2742 1619 2776 ἀλλ’
1638 2744 1655 2776 ὁ
1673 2743 1718 2777 Α.

149 2798 167 2830 ὁ
184 2795 285 2830 ἵππος
301 2795 390 2828 ἀλλὰ
409 2793 499 2828 Edd.
549 2792 723 2828 πιστοθεῖν
741 2792 829 2836 (sic)
847 2803 909 2836 pro
927 2792 972 2826 εἷς
989 2792 1026 2824 τὸ
1044 2790 1131 2825 θέειν
1147 2790 1191 2824 A.
1434 2789 1486 2823 18.
1512 2790 1602 2823 τισὶν
1617 2786 1638 2833 ᾗ
1656 2801 1719 2834 pro

148 2857 197 2878 τις
215 2841 263 2885 εἵη
282 2842 361 2884 (Sic)
380 2841 423 2874 A.
472 2842 603 2876 πόλεως
619 2851 682 2885 pro
699 2838 810 2873 πλέως
827 2839 870 2872 Α.
1314 2847 1366 2880 19.
1392 2834 1478 2880 πῶς]
1499 2835 1556 2869 Sic
1574 2836 1718 2870 correxi.

150 2889 328 2923 Edebatur
344 2902 425 2923 πως.
641 2897 694 2920 22.
721 2886 809 2919 ἀλλὰ
828 2887 912 2920 Θεὸς
928 2884 966 2927 ἦν
986 2883 1026 2918 Β.
1044 2883 1121 2918 ἀλλ’
1139 2883 1178 2926 ἧν
1195 2884 1279 2917 Θεὸς
1298 2882 1387 2916 Edd.
1435 2880 1657 2926 ἠτιμασμένος
1676 2882 1718 2916 Β.

149 2935 391 2980 ἡτοιμασμένος
416 2934 495 2977 (Sic)
515 2934 557 2967 A.
583 2932 785 2977 ἠτιμωμένος
804 2931 895 2966 Edd.
1163 2941 1217 2975 23.
1243 2927 1450 2975 πολεμοῦσι]
1470 2929 1643 2973 πολεμίοις
1660 2929 1719 2963 iid.

152 2993 206 3025 24.
232 2982 341 3028 φησὶν
357 2982 416 3015 οὐκ
433 2979 472 3015 ἂν
487 2979 592 3015 παὺσ.
610 2982 682 3014 inv.
700 2979 820 3014 ordine
836 2978 895 3013 iid.
