2021 3434
147 243 200 282 iv.
230 255 292 284 12.
602 243 676 282 IN
717 242 952 283 OSEAM.
1013 241 1161 281 TOM.
1200 239 1288 280 ΙΙΙ.
1639 236 1717 276 107

145 354 289 403 οὐκετι
324 352 454 419 παρὰ
485 355 609 404 Θεοῦ
642 352 701 404 τὰ
733 352 884 404 τοιάδε
915 351 1176 413 βούλεσθαι
1202 350 1348 417 ζητεῖν
1377 351 1722 406 δυσσεβοῦντες

144 434 397 496 ἀνέπειθον,
447 437 556 485 ἀλλ’
604 436 642 486 ἐν
682 436 931 503 συμβόλοις
971 432 1204 500 ἐπηρώτων,
1244 430 1473 492 τουτέστι,
1520 427 1596 479 διὰ
1633 451 1723 492 ση-

143 517 283 579 μείων
319 521 458 567 τινῶν
494 518 569 567 καὶ
613 515 930 583 ἐπιτηρήσεων
967 514 1095 581 παρὰ
1139 518 1234 564 τῶν
1273 510 1549 578 ἀκαθάρτων
1586 533 1724 562 πνευ-

143 596 303 662 μάτων
358 598 608 662 μανθάνειν
658 598 854 665 ἐζήτουν·
913 597 1122 663 καθάπερ
1183 595 1343 659 ἀμέλει
1393 596 1467 645 καὶ
1519 592 1726 656 Βαλαὰμ

105 695 126 733 5
146 682 576 744 καταμαντεύεσθαί
602 704 716 733 ποτε
742 685 836 732 τῶν
862 680 918 749 ἐξ
939 678 1139 745 Ἰσραὴλ
1166 678 1399 745 ἐπεχείρει.
1468 681 1606 727 τοῦτο
1632 674 1725 741 γὰρ

145 761 324 814 ε’κὲλευε
356 765 473 830 δρᾶν
499 763 666 814 Βαλὰκ
694 763 787 817 υἱὸς
813 763 958 828 Βεώρ.
1012 762 1037 811 ὁ
1062 760 1123 822 δὲ,
1144 767 1172 789 “
1193 757 1408 822 Ποίησόν
1438 780 1531 822 μοι,
1561 759 1725 826 φησὶν,

146 852 173 874 “
200 843 287 896 ὦδε
319 845 437 897 ἑπτὰ
469 845 670 910 βωμοὺς,
699 847 772 896 καὶ
797 844 991 914 σφάξον
1018 866 1097 907 μοι
1132 842 1248 894 ἑπτὰ
1272 840 1483 908 μόσχους
1510 842 1585 891 καὶ
1609 838 1726 890 ἑπτὰ
1743 850 1769 891 b

148 935 174 957 ‘⁶
201 926 393 994 κριοὺς,”
414 931 488 979 καὶ
511 927 802 995 πορεύσομαι
828 926 1066 978 κατέναντι
1093 929 1188 976 τῶν
1212 928 1400 975 οἰωνῶν.
1445 920 1474 986 ἢ
1501 922 1596 988 γὰρ
1622 920 1728 974 τοὺς

147 1009 349 1064 καπνοὺς
373 1010 480 1065 τοὺς
505 1013 554 1062 ἐκ
578 1015 671 1062 τῶν
698 1015 876 1061 θυσιῶν
896 1007 1290 1075 ἀναθρώσκοντας
1310 1005 1730 1065 κατασκέπτονται,

85 1116 129 1141 10
147 1093 239 1154 ὅπη
276 1117 324 1144 τε
359 1097 435 1144 καὶ
476 1093 603 1147 ὅπως
645 1095 771 1162 ὑψοῦ
804 1116 854 1144 τε
895 1094 969 1143 καὶ
1015 1090 1111 1142 ἅνω
1149 1089 1432 1141 διάττουσιν·
1475 1086 1504 1151 ὴ
1538 1086 1645 1142 τοὺς
1683 1088 1730 1137 ἐν

148 1175 288 1240 ἥπατι
317 1175 636 1245 σφαδασμοὺς
669 1179 1004 1242 περιαθροῦσιν
1038 1178 1079 1224 οἱ
1114 1174 1320 1223 δείλαιοι·
1386 1171 1532 1237 ἤγουν
1564 1169 1647 1224 τὰς
1679 1172 1735 1239 ἐξ

147 1262 320 1309 οἰωνῶν
338 1258 711 1325 περιεργάζονται
736 1257 942 1322 πτήσεις.
997 1255 1309 1308 οἷωνοσκοπία
1329 1252 1390 1317 δὲ,
1412 1256 1486 1304 καὶ
1509 1252 1728 1318 μαντικὴ,

150 1339 305 1391 καὶτὰ
330 1340 483 1392 τοιάδε
517 1345 610 1392 τῶν
646 1345 798 1392 κακῶν
823 1343 905 1404 τῆς
937 1343 998 1393 εἷς
1036 1339 1175 1408 λῆξιν
1209 1336 1414 1402 ἡκούσης
1446 1337 1731 1398 δυσσεβείας

151 1423 436 1490 ἐγκλήματα,
457 1425 531 1475 καὶ
557 1426 605 1475 ἐν
629 1428 722 1477 τοῖς
749 1422 999 1474 κατωτάτω
1030 1424 1113 1485 τῆς
1148 1420 1534 1486 εἶδωλολατρείας
1571 1418 1731 1486 ἐρχον-
1748 1445 1768 1468 υ

90 1520 133 1558 ¹5
151 1529 225 1557 ται
250 1511 427 1575 μυχοῖς.
487 1511 576 1558 Καὶ
613 1508 649 1558 ἐν
677 1503 858 1576 ῥάβδοις
883 1503 1020 1556 αὐτῶν
1045 1505 1340 1569 ἀπήγγελλον
1367 1506 1500 1572 αὐτῷ.
1557 1503 1728 1570 ἀφικο-

152 1588 315 1652 μένοις,
343 1592 478 1657 φησῖ,
504 1588 622 1656 πρὸς
648 1587 812 1641 αὐτοὺς
836 1592 931 1641 τοῖς
966 1586 1022 1656 ἐξ
1043 1585 1259 1653 ’[σραὴλ,
1286 1585 1366 1635 καί
1395 1608 1439 1635 τι
1471 1588 1564 1636 τῶν
1603 1584 1733 1635 ἰδίων

153 1671 358 1723 διειδέναι
391 1670 755 1737 σπουδάζουσιν,
787 1670 889 1737 οὐχὶ
925 1669 1069 1733 μόνον
1104 1670 1140 1720 ἐν
1181 1669 1441 1737 συμβόλοις,
1480 1666 1610 1718 ἀλλὰ
1651 1672 1728 1718 καὶ

154 1756 191 1805 ἐν
243 1751 423 1822 ῥάβδοις
476 1753 613 1806 αὐτῶν
675 1752 970 1819 ἀπήγγελλον
1034 1754 1195 1806 αὐτοῖς.
1277 1749 1449 1816 τρόπος
1500 1748 1548 1800 δὲ
1598 1749 1730 1801 οὗτος

155 1836 335 1902 ἀπάτης
377 1836 543 1904 ἕτερος·
607 1834 951 1904 ῥαβδομαντεία
990 1833 1044 1885 τὸ
1088 1836 1262 1901 χρῆμα·
1314 1834 1389 1882 καὶ
1433 1830 1602 1898 εὔρεμά
1640 1854 1734 1882 που

90 1938 137 1962 20
155 1918 276 1987 τάχα
312 1923 394 1984 τῆς
431 1921 688 1971 Χαλδαίων
726 1917 1004 1985 περιεργίας.
1074 1914 1432 1978 κατεμαντεύετο
1464 1913 1556 1980 γὰρ
1589 1915 1733 1967 οὕτως

156 2004 237 2065 τῆς
266 2001 581 2069 Ἰερουσαλὴμ
616 2003 641 2053 ὁ
680 1997 1125 2068 Ναβουχοδονόσορ,
1160 1996 1282 2049 καθὰ
1317 1998 1391 2047 καὶ
1423 1998 1447 2047 ὁ
1481 1996 1733 2049 θεσπέσιος

156 2084 400 2154 προφήτης
435 2087 586 2153 φησὶν
609 2084 842 2151 Ἰεζεκίηλ,
911 2082 992 2133 δύο
1024 2081 1118 2148 γὰρ
1151 2080 1364 2133 ἱστάντες
1395 2078 1611 2146 ῥάβδους,
1637 2076 1734 2129 εἶτα

156 2189 259 2217 τινα
300 2171 394 2218 τῶν
446 2165 721 2235 ἀποῤῥήτων
770 2167 923 2220 αὐτοῖς
973 2163 1322 2233 κατεπᾴδοντες,
1373 2161 1735 2212 κατακλίνεσθαι
1754 2167 1779 2207 d

157 2249 503 2316 παρεσκεύαζον
530 2256 630 2303 ταῖς
663 2254 757 2300 τῶν
791 2247 1038 2312 δαιμονίων
1073 2246 1329 2313 ἐνεργείαις·
1371 2246 1445 2295 καὶ
1471 2243 1737 2297 πιπτούσας

94 2348 140 2386 25
160 2330 408 2398 ἐπετήρουν
443 2332 549 2383 ὅποι
583 2333 797 2400 φέροιντο
833 2329 993 2392 πάλιν,
1023 2328 1221 2395 πότερον
1252 2332 1312 2381 εἷς
1345 2325 1452 2377 εὐθὺ
1489 2325 1518 2390 ὴ
1558 2324 1735 2388 ἀνὸπιν,

161 2412 190 2477 ἢ
220 2417 280 2467 εἷς
312 2413 463 2482 δεξιὸν
499 2414 525 2479 ἢ
558 2419 619 2468 εἷς
654 2416 898 2477 εὐώνυμον·
943 2413 1063 2463 οὕτω
1089 2434 1137 2462 τε
1164 2409 1332 2461 λοιπὸν
1358 2407 1411 2458 τὸ
1446 2410 1612 2459 δοκοῦν
1643 2413 1738 2461 τοῖς

211 2589 243 2621 5.
271 2579 431 2624 ἐπιχειρεῖ
450 2579 496 2613 D.
705 2591 736 2623 9.
764 2578 922 2624 καπνοὺς]
942 2577 1087 2622 καρποὺς
1106 2575 1197 2610 Edd.
1413 2585 1465 2608 10.
1491 2574 1657 2618 ὑψοῦνται
1674 2586 1737 2619 pro

164 2627 258 2672 ὑψοῦ
274 2641 310 2660 τε
329 2626 376 2660 D.
541 2638 554 2659 1
566 2637 593 2659 1.
619 2626 881 2670 περιαρθροῦσιν
899 2625 990 2659 Edd.
1008 2631 1086 2658 ante
1105 2623 1237 2667 Migne.
1414 2632 1467 2655 12.
1493 2620 1734 2667 οἷωνοσκοπία]

164 2673 401 2707 οἷωνοσκοπίιιι
420 2672 511 2708 Edd.
561 2673 686 2707 Statim
703 2687 739 2706 τε
756 2684 818 2716 pro
836 2672 872 2705 δέ
892 2673 937 2705 D.
1209 2680 1261 2712 13.
1287 2668 1328 2701 τὰ
1346 2673 1566 2712 assumptum
1583 2680 1623 2702 ex
1643 2668 1736 2702 Β.Ι).

168 2732 221 2763 14.
247 2721 424 2754 κατωτάτω
443 2720 489 2753 D.
508 2720 706 2754 κατωτάτοις
723 2718 814 2752 Edd.
1016 2728 1067 2759 15.
1094 2716 1202 2750 αὐτῶν
1221 2715 1262 2748 Β.
1282 2714 1374 2749 Edd.
1393 2715 1494 2749 αὐτοῦ
1514 2715 1560 2750 D.
1612 2714 1736 2749 Statim

165 2767 358 2812 ἆπὴγγελον
374 2767 476 2800 αὐτοῦ
495 2766 540 2799 D.
561 2766 645 2799 Post
661 2765 697 2799 h.
716 2778 749 2799 V.
769 2777 899 2799 novum
917 2765 984 2798 inc.
1005 2763 1176 2798 scholium
1195 2762 1240 2795 D.
1553 2762 1605 2796 18.
1630 2762 1739 2796 αὐτῶν

166 2826 235 2848 om.
256 2814 302 2847 D.
354 2813 477 2847 Statim
496 2812 688 2858 ἀπήγγελον
704 2812 792 2858 αὐτῷ
814 2812 858 2845 D.
1079 2822 1129 2855 19.
1154 2809 1385 2854 ῥαβδομαντία
1404 2809 1496 2843 Β.Ι).
1546 2808 1672 2853 εὕρημά
1692 2810 1738 2843 Ι).

169 2872 223 2894 21.
249 2862 267 2894 ὁ
285 2861 381 2905 prius
398 2866 620 2904 assumptum
639 2872 680 2893 ex
699 2859 745 2892 D.
796 2859 902 2893 καθὼς
918 2858 952 2891 b.
1294 2866 1348 2900 23.
1375 2856 1487 2891 αὐταῖς
1505 2855 1537 2890 b.
1588 2857 1641 2890 καὶ
1659 2864 1738 2900 post

169 2907 407 2952 κατεπᾴδοντες
424 2907 504 2941 add.
522 2907 557 2941 b.
902 2916 956 2947 24.
982 2905 1146 2947 δαιμόνων
1164 2903 1197 2935 b.
1539 2913 1594 2945 25.
1620 2903 1684 2946 ὅπη
1704 2903 1738 2936 b.

168 2955 270 2988 πάλιν
298 2966 367 2988 om.
400 2955 446 2989 D.
497 2954 621 2988 Statim
646 2954 811 2997 πρότερον
837 2963 899 2996 pro
931 2953 1074 2994 πότερον
1107 2950 1185 2993 (sic)
1212 2950 1246 2983 b.
1297 2949 1343 2985 εἷς
1372 2956 1591 2994 assumptum
1623 2961 1664 2984 ex
1693 2950 1738 2983 D.

172 3000 227 3035 26.
250 3000 280 3082 ἑ
308 3002 402 3046 prius
436 3006 656 3045 assumptum
684 3012 725 3033 ex
761 2999 805 3033 D.
833 2998 867 3032 b.
933 2998 1069 3041 δεξιὰ..
1089 2997 1279 3040 ..εὐώνυμα
1313 3008 1375 3041 pro
1408 2997 1740 3041 δεξιὸν...,εὐώνυ-

172 3062 234 3089 μον
278 3074 286 3082 .

925 3117 989 3143 ΡΖ

1786 763 1886 793 Num.

1785 806 1877 838 xxiii.
1897 815 1922 837 Ι.

1795 2013 1909 2043 Ezccll.

1722 2078 1733 2091 ,
1795 2058 1930 2091 xxi.21‚

1798 2110 1847 2131 22.
