2021 3434
84 633 139 664 ΡΒ.
152 633 241 665 xxxi.

85 688 116 718 9.

88 808 101 829 1
115 799 197 830 Tim.
210 799 244 830 ii.
306 805 334 828 cc

85 856 115 883 4.

309 197 395 237 424
714 202 763 242 B.
808 201 1081 242 CYRILLI
1124 202 1501 244 ALEXANDR.
1709 201 1765 242 iii.
1791 200 1889 254 7,8.

309 306 648 373 ἡμαρτηκότας.
718 312 883 360 κακίαν
929 309 985 373 δὴ
1030 311 1111 360 οὖν
1160 312 1207 361 ἐν
1258 311 1436 364 τούτοις
1488 309 1719 375 νοήσομεν
1761 308 1891 375 παρὰ

307 391 432 439 Θεοῦ
470 388 716 454 γινομένην
751 391 788 442 ἐν
823 392 1004 454 πόλεσι,
1044 393 1097 443 οὐ
1136 392 1426 460 φαυλότητα·
1467 391 1531 456 μὴ
1570 392 1764 457 γένοιτο·
1805 391 1887 441 κά-

306 492 455 520 κωσιν
481 469 530 520 δὲ
554 475 757 535 μᾶλλον,
785 471 888 536 ἤτοι
917 472 1002 537 τὴν
1040 475 1111 542 ἐφ’
1141 475 1317 544 ὁτῳοῦν
1343 474 1491 540 ὀργήν
1517 497 1566 524 τε
1591 475 1666 524 καὶ
1694 474 1890 537 κίνησιν,

305 550 362 616 ἢν
389 557 483 606 τοῖς
511 553 863 620 ἁμαρτάνουσιν
889 555 1192 621 ἐπαρτήσειεν
1216 555 1287 619 ἀν,
1308 555 1606 624 ἐπιστρέφειν
1633 555 1893 607 ἀναπείθων

305 635 378 685 ἐπὶ
417 633 476 685 τὰ
510 635 887 704 πρεπωδέστερα.
953 637 1211 704 γέγραπται
1248 638 1342 704 γὰρ
1381 637 1451 690 ὅτι
1478 645 1506 667 “
1524 638 1610 689 Ἐν
1649 640 1781 706 κημῷ
1818 637 1893 687 καὶ
1911 653 1934 691 5

260 719 287 761 b
306 723 334 745 ‘⁶
360 721 543 787 χαλινῷ
583 717 666 772 τὰς
709 716 937 785 σιαγόνας
979 720 1131 771 αὐτῶν
1169 721 1338 790 ἄγξαις
1375 725 1470 771 τῶν
1513 719 1578 785 μὴ
1616 717 1894 786 ἐγγιζόντων

360 797 480 866 πρὸς
506 799 602 852 σε’.”
667 801 821 865 ἐπειδὴ
845 800 938 869 γάρ
973 803 1103 853 ἐστιν
1137 802 1329 868 ἀγαθὸς,
1356 805 1431 853 καὶ
1458 809 1484 832 “
1501 801 1681 855 πάντας
1714 800 1894 867 ἀνθρώ-

306 889 334 912 “
357 904 475 935 πους
509 881 636 934 θέλει
673 886 886 947 σωθῆναι
924 886 1000 934 καὶ
1040 887 1101 938 εὶς
1141 885 1396 951 ἐπίγνωσιν
1441 885 1662 949 ἀληθείας
1699 883 1892 945 ἐλθεῖν,”

307 963 637 1030 καταβιάζὲταί
663 988 763 1019 πως
797 970 892 1019 τοῖς
928 966 983 1035 ἐξ
1014 967 1156 1033 ὀργῆς
1190 969 1263 1018 ἐπὶ
1301 965 1355 1018 τὸ
1391 967 1592 1031 ἄμεινον,
1618 967 1693 1016 καὶ
1719 966 1888 1029 μεθίσ-

306 1068 449 1111 τησιν
475 1047 704 1101 εὐσθενῶς
732 1046 838 1098 ἔσθ’
867 1047 942 1099 ὅτε
976 1053 1071 1102 τοῖς
1107 1050 1293 1113 δείμασι
1328 1051 1403 1100 καὶ
1436 1052 1536 1103 ταῖς
1567 1049 1791 1111 ἀπειλαῖς,
1816 1047 1894 1102 οὓς

308 1129 390 1179 οὐκ
414 1129 648 1180 ἀναπείθει
675 1128 819 1196 λόγος
846 1132 920 1181 καὶ
946 1131 973 1194 ἡ
1000 1135 1094 1182 τῶν
1120 1132 1463 1200 συμφερόντων
1488 1131 1744 1200 ὑφήγησις.

265 1360 284 1399 7
307 1355 424 1397 Διότι
461 1355 508 1396 οὐ
546 1357 602 1404 μὴ
638 1359 795 1415 nomm)
832 1357 978 1415 Κύριος
1014 1360 1036 1401 ὁ
1069 1359 1177 1401 Θεὸς
1211 1363 1396 1417 ΠρᾶΓμα,
1430 1360 1504 1401 &dv
1538 1359 1594 1408 μή
1632 1360 1893 1417 ἀποκαλύψῌ

374 1439 571 1481 Παιδείαν
621 1442 749 1482 αὐτοῦ
795 1442 902 1499 Πρὸς
950 1445 1048 1485 τοὺς
1105 1444 1284 1486 δούλους
1332 1445 1460 1486 αὐτοῦ
1505 1445 1603 1486 τοὺς
1651 1445 1891 1501 Προῳύτας·

265 1527 286 1562 8
374 1523 485 1564 λέων
523 1524 756 1580 ἐρεύὲεται,
793 1526 861 1566 καὶ
898 1526 959 1568 τίς
997 1527 1044 1568 οὐ
1080 1529 1397 1583 φοβΗθήσεται;
1438 1528 1585 1585 Κύριος
1611 1528 1634 1570 ὁ
1661 1527 1769 1570 Θεὸς
1795 1528 1895 1569 ἐλά-

374 1615 516 1657 λΗσεν,
546 1607 615 1648 Καὶ
639 1607 700 1649 τίς
727 1609 774 1649 οὐ
802 1612 1118 1666 ΠροφΗτεύσει;

383 1717 492 1784 Οὐχ
525 1720 567 1768 οἱ
601 1721 854 1786 προφῆται,
892 1722 1027 1787 φησὶ,
1062 1720 1121 1771 τὰ
1159 1721 1215 1790 ἐξ
1250 1722 1393 1787 ὀργῆς
1427 1720 1673 1786 ἐπάγουσι·
1717 1717 1892 1780 πόθεν;

309 1798 551 1865 ἅνθρωποι
585 1798 678 1866 γὰρ
713 1803 788 1852 καὶ
829 1802 957 1852 αὐτοὶ
998 1801 1104 1854 καθ’
1146 1804 1263 1866 ὑμᾶς
1303 1802 1570 1871 ὑπάρχουσι
1607 1800 1693 1866 τὴν
1731 1800 1893 1870 φύσιν,

305 1882 572 1946 τετίμηνται
611 1882 658 1933 δὲ
693 1883 822 1950 παρὰ
862 1888 987 1935 Θεοῦ
1024 1889 1090 1955 τῷ
1127 1884 1281 1936 πάντα
1316 1885 1580 1949 μανθάνειν,
1618 1882 1649 1935 ἃ
1687 1883 1744 1935 ἂν
1781 1884 1895 1945 βού-

304 1971 437 2014 λοιτο
469 1970 700 2029 πληροῦν,
740 1968 814 2016 καὶ
847 1964 1027 2018 πόλεσί
1055 1990 1104 2018 τε
1140 1970 1214 2018 καὶ
1246 1967 1419 2035 χώραις
1453 1966 1640 2034 ἐπάγειν
1671 1965 1701 2032 ὴ
1737 1964 1895 2032 ἀγαθὰ

304 2046 447 2114 τυχὸν
481 2045 510 2111 ἦ
549 2046 608 2097 τὰ
649 2053 815 2099 λυπεῖν
860 2048 1071 2100 εἰωθότα.
1137 2051 1245 2100 ἀλλ’
1283 2051 1398 2104 ἰ’σως
1436 2049 1553 2117 πρὸς
1591 2047 1729 2100 τοῦτό
1774 2053 1893 2115 φατε

307 2130 697 2180 Μανθανέτωσαν
732 2133 768 2180 εἰ
803 2133 937 2194 δοκεῖ,
967 2133 1324 2183 πλουτείτωσαν
1362 2131 1492 2198 παρὰ
1529 2137 1621 2183 σοῦ
1658 2135 1752 2183 τῶν
1785 2132 1893 2182 ἐσο-

304 2212 455 2275 μένων
483 2210 567 2272 τὴν
594 2217 787 2277 γνῶσιν,
815 2214 1168 2280 διατρανούσθω
1193 2214 1348 2266 πάντα
1375 2217 1530 2269 αὐτοῖς
1555 2213 1614 2266 τὰ
1638 2213 1890 2280 μυστήρια·

259 2295 610 2345 ἀλαλείτωσαν
655 2294 702 2346 δὲ
742 2297 915 2360 μηδενὶ,
960 2295 1076 2362 μήτε
1128 2295 1222 2362 μὴν
1266 2303 1366 2352 ταῖς
1407 2302 1502 2349 τῶν
1543 2298 1892 2360 ἀποσειομε’νων

306 2375 471 2430 αὐτοὺς
504 2379 662 2432 ἀκοαῖς
695 2378 1009 2446 ἐνηχείτωσάν
1046 2402 1162 2431 τινα.
1230 2383 1279 2431 τί
1308 2381 1389 2431 οῦν
1422 2380 1541 2447 πρὸς
1579 2385 1726 2431 ταῦτα
1762 2378 1890 2445 παρὰ

356 2550 386 2574 1.
411 2539 471 2574 οὖν
480 2548 720 2595 assumptum
744 2553 785 2575 ex
808 2542 851 2576 A.
858 2541 898 2576 B.
949 2541 1123 2586 νοήσωμεν
1145 2544 1188 2578 Α.
1238 2545 1328 2588 παρὰ
1357 2546 1444 2578 Θεοῦ
1471 2550 1550 2589 post
1575 2546 1700 2579 πόλεσι
1726 2551 1769 2578 tr.
1796 2544 1888 2580 Edd.

305 2597 338 2620 2.
367 2586 548 2632 γενομένην
565 2589 608 2621 A.
897 2598 931 2634 5.
946 2592 1049 2641 καμῴ
1070 2590 1160 2624 Edd.
1213 2589 1334 2625 Statim
1355 2591 1438 2626 haec
1455 2593 1508 2625 καὶ
1524 2592 1652 2637 χαλινῷ
1670 2598 1890 2626 accesserunt

304 2645 345 2667 ex
366 2634 408 2668 Β.
428 2634 568 2679 (Alex.)
617 2637 745 2692 χαλινῷ
764 2636 817 2669 καὶ
835 2639 925 2682 κημῴ
944 2636 1081 2670 inverso
1099 2636 1220 2671 ordine
1238 2639 1281 2672 A.
1301 2637 1352 2682 (V
1355 2638 1423 2682 at.)
1564 2637 1597 2671 6.
1615 2639 1723 2672 αὐτῶν
1740 2637 1860 2672 deest
1852 2650 1889 2673 m

306 2680 399 2715 Edd.
512 2692 563 2715 10.
591 2681 669 2716 ἐσθ’
687 2683 744 2716 ὅτε
761 2694 831 2717 om.
850 2683 894 2716 A.
1007 2695 1057 2717 ΙΙ.
1084 2683 1258 2729 ἀφήγησις
1275 2685 1319 2718 Α.
1442 2695 1495 2719 12.
1521 2684 1684 2728 ποιήσει
1673 2685 1716 2720 A
1766 2686 1784 2718 ὁ
1802 2687 1888 2721 Θεὸς

305 2738 374 2761 om.
396 2727 433 2762 F.
453 2727 545 2762 Edd.
564 2728 670 2773 (Co)
861 2741 913 2774 13.
940 2730 1041 2764 αὐτοῦ
1059 2731 1155 2775 prius
1173 2732 1317 2765 accessit
1335 2743 1375 2765 ex
1395 2731 1438 2765 A.
1444 2731 1485 2766 Β.
1505 2732 1622 2775 (Alex.
1649 2731 1734 2766 XII
1741 2733 1752 2775 )
1803 2731 1889 2767 Post

306 2773 448 2810 δούλους
465 2775 567 2808 αὐτοῦ
585 2775 665 2809 add.
683 2777 769 2819 πρὸς
788 2776 824 2810 F.
844 2776 935 2810 Edd.
954 2776 1060 2822 (Co.)
1315 2789 1367 2820 14.
1394 2780 1412 2812 ὁ
1431 2779 1516 2814 Θεὸς
1532 2790 1601 2813 om.
1622 2778 1659 2813 F.
1678 2778 1769 2812 Edd.
1788 2778 1886 2822 (Co.)

310 2821 427 2862 15.οὐ
443 2821 675 2866 προφητευσει
693 2824 737 2856 A.
744 2823 843 2856 Β.οὐ
861 2824 904 2866 μὴ
921 2823 1146 2869 προφητεύσῃ
1167 2824 1204 2859 F.
1224 2824 1315 2882 E'dd.
1335 2825 1419 2870 (Co.
1423 2825 1440 2870 )
1683 2826 1735 2860 16.
1761 2824 1883 2871 πόθεν]

308 2866 364 2899 διο
383 2869 526 2902 correxi.
543 2869 647 2903 ποθέν
663 2870 707 2903 A.
725 2870 829 2904 ποθεν
847 2870 939 2904 Edd.
1148 2881 1201 2916 17.
1225 2871 1292 2906 εἶσι
1310 2871 1386 2906 καθ’
1404 2873 1488 2917 ὑμᾶς
1506 2883 1568 2917 pro
1587 2871 1661 2906 καθ’
1678 2872 1763 2916 ὑμᾶς
1779 2872 1885 2915 ὑπάρ-

304 2926 407 2955 χουσι
426 2914 517 2948 Edd.
827 2928 880 2962 19.
907 2917 925 2961 ἦ
944 2925 1168 2962 assumptum
1186 2930 1225 2952 ex
1244 2919 1288 2952 A.
1612 2930 1666 2953 20.
1692 2921 1734 2953 τὰ
1749 2930 1819 2953 om.
1840 2918 1884 2954 B.

307 2969 361 3002 23.
387 2959 468 3002 μήτε
486 2960 566 3006 μὴν]
588 2962 644 2996 Sic
663 2964 806 2998 correxi.
824 2963 907 3008 μήτε
924 2979 985 3009 μεν
1004 2965 1046 2999 Β.
1062 2965 1151 3000 Edd.
1169 2966 1252 3010 μηδὲ
1271 2966 1315 3000 Α.
1459 2977 1514 3010 24.
1539 2964 1669 3011 ἀκοαῖς]
1690 2965 1822 3010 ψμηδέ
1838 2965 1883 2999 A.

308 3004 468 3040 Statim
450 3007 668 3052 ενηχὴτωσάν
685 3010 728 3043 A.

1916 1075 1963 1101 10
