2021 3434
156 135 242 177 xiii.
271 150 334 189 14,
361 150 423 192 15.
581 140 656 180 IN
698 140 936 181 OSEAM.
997 140 1148 181 TOM.
1193 139 1296 180 VII.
1646 137 1727 177 273

154 358 426 414 ΠαράκλΗσιο
455 361 683 416 κέκρυπται
708 361 752 404 ἐξ
780 361 1016 417 ὀφθαλμῶν
1051 375 1156 412 μους
1194 360 1299 401 διότι
1333 372 1455 399 ΟυΤΟΕ
1485 355 1564 398 ἀνὰ
1596 357 1723 404 μέσον
1743 334 1874 432 ῗ5188
1895 333 1946 367 A'

220 440 423 497 ἀδελφῶν
450 441 672 484 ὃιαστελεῖ.

226 562 630 628 Ἀναγνωσόμεθα
665 569 746 615 τοῦ
777 564 1077 630 προκειμένου
1109 562 1191 613 τὸν
1221 566 1408 628 πρῶτον
1433 560 1601 627 στίχον
1626 558 1724 608 κατ’

152 644 453 709 ἐπερώτησιν,
492 648 567 696 καὶ
613 644 923 711 ὑποστιγμὴν,
962 645 1042 696 καί
1088 667 1130 695 τι
1172 649 1383 694 τοιοῦτον
1427 642 1536 705 ἡμῖν
1579 642 1725 703 ὑπεμ-

111 735 133 772 5
153 723 339 792 φήνειεν
376 724 433 776 ἂν
477 727 626 793 ὀρθῶς
671 732 789 778 νοεῖν
825 726 1084 794 ᾑρημένοις.
1152 723 1528 791 κατηῤῥώστησέ
1563 726 1727 790 φησιν,

150 807 179 870 ἡ
217 808 466 873 ἀνθρώπου
504 808 649 877 φύσις
687 807 741 859 τὸ
781 806 1021 861 πολυειδὲς
1060 810 1122 861 εἷς
1160 806 1403 872 ἁμαρτίαν,
1441 806 1516 855 καὶ
1554 803 1721 854 ἀπονέ-

151 911 306 939 νευκεν
357 890 408 940 οῦ
458 891 652 957 μετρίως
700 893 762 944 εἷς
811 889 865 940 τὸ
920 888 1212 952 πλημμελές·
1279 887 1496 954 ταύτῃτοι
1542 885 1727 938 δικαίως

150 969 460 1036 κατεδικάσθη
496 972 695 1041 θανάτῳ.
758 969 854 1022 εἶτα
891 971 960 1024 τίς
997 972 1130 1021 ε”σται
1161 972 1243 1033 τῆς
1276 967 1536 1034 ἐπικουρίας
1561 968 1586 1018 ὁ
1612 964 1721 1033 τρό-

148 1079 237 1110 πος
274 1061 368 1110 τοῖς
405 1063 541 1108 τοῦτο
572 1054 866 1119 παθοῦσιν,
844 1080 873 1120 η
900 1055 1025 1110 ὅπως
1054 1054 1110 1105 ἂν
1133 1053 1489 1120 διακρούσαιντο
1513 1050 1567 1102 τὸ
1594 1074 1721 1116 συμ-
1744 1052 1770 1093 b

85 1156 131 1180 10
148 1137 365 1202 βεβηκὸς,
391 1137 527 1193 αὐτος
559 1138 651 1204 ἐγὼ
686 1138 1018 1206 διασκέψομαι,
1043 1141 1233 1201 μᾶλλον
1259 1134 1308 1185 δε
1333 1134 1422 1199 ἤδη
1455 1157 1530 1185 και
1561 1134 1726 1200 ὁρίσας

148 1245 254 1288 εχω.
320 1245 349 1285 ⁷7
388 1218 479 1287 ἆρα
525 1243 594 1275 τις
637 1222 766 1271 ἐστὶν
807 1222 855 1271 ἐν
900 1222 1020 1284 ὑμῖν,
1063 1217 1440 1286 φρενοβλαβειας
1481 1220 1544 1270 εἷς
1587 1220 1724 1267 τοῦτο

148 1303 381 1371 προήκων,
423 1307 484 1358 ὡς
528 1305 712 1356 οἶεσθαί
748 1327 795 1355 τε
841 1306 915 1355 καὶ
959 1303 1127 1369 λέγειν,
1173 1302 1243 1353 ὅτι
1281 1302 1612 1371 παρακλήσεως
1649 1302 1726 1351 καὶ

148 1388 444 1453 παραμυθίας
484 1389 591 1438 ἐστί
631 1410 699 1442 τις
739 1386 924 1454 τρόπος,
967 1385 1020 1438 ὃν
1066 1387 1090 1437 ὁ
1133 1383 1252 1439 θεῖός
1289 1407 1338 1435 τε
1382 1385 1459 1434 καὶ
1496 1381 1725 1450 ἀκήρατος

149 1469 235 1536 οὐχ
258 1468 428 1535 ἑώρακε
454 1475 592 1530 νοῦς;
633 1471 721 1534 εἰμὶ
754 1468 846 1535 γὰρ
881 1469 1104 1536 τεχνίτης,
1131 1467 1324 1521 ἄναλκίς
1354 1488 1404 1517 τε
1434 1465 1551 1533 πρὸς
1579 1464 1723 1528 οὐδὲν,

85 1566 130 1604 15
150 1552 258 1601 ἀλλ’
286 1552 334 1601 εὖ
368 1549 469 1602 οῖδα
493 1551 661 1614 πάντα,
687 1553 762 1603 καὶ
788 1553 1018 1615 ἀμελλητὶ
1045 1554 1255 1617 κατορθῶ
1281 1547 1335 1600 τὸ
1361 1552 1540 1600 δοκοῦν.

233 1633 410 1696 Καίτοι,
438 1635 600 1702 φησὶν,
628 1632 744 1689 οὗτος
779 1633 864 1685 clv&
896 1633 1028 1702 μέσον
1058 1630 1266 1702 ἀδελφῶν
1302 1629 1541 1682 Amo-renel
1601 1651 1721 1695 προ-

150 1716 442 1781 απαγγέλλει
468 1715 516 1766 δὲ
542 1715 616 1767 διὰ
641 1716 816 1767 τούτων
841 1716 948 1780 ἡμῖν
972 1714 1054 1766 τὸν
1081 1714 1255 1781 Κύριον
1281 1714 1411 1778 ἡμῶν
1429 1713 1619 1777 Ἰησοῦν
1643 1710 1725 1762 τὸν

149 1797 376 1864 Χριστόν.
440 1797 578 1852 αὐτὸς
619 1797 712 1865 γάρ
757 1800 887 1849 ἐστιν
931 1799 958 1862 ἡ
1002 1798 1191 1849 πάντων
1234 1795 1539 1866 παράκλησις,
1579 1795 1603 1845 ὁ
1641 1796 1762 1857 τῆςο

149 1881 390 1946 θεραπείας
427 1879 612 1947 τρόπος·
651 1880 792 1932 αὐτὸν
835 1879 1098 1947 προώρισεν
1137 1880 1162 1929 ὁ
1198 1877 1366 1944 Πατὴρ
1405 1876 1498 1943 πρὸ
1542 1876 1724 1943 χρόνων

83 1983 131 2008 20
149 1962 343 2013 αἰωνίων
380 1966 578 2029 Σωτῆρα
622 1965 697 2014 καὶ
734 1961 989 2029 Λυτρωτὴν
1032 1965 1127 2015 τοῖς
1168 1964 1234 2030 τῷ
1272 1958 1456 2029 θανάτῳ
1495 1980 1718 2024 κεκρατη-

147 2043 311 2106 μένοις.
383 2043 524 2095 αὐτὸν
561 2045 651 2114 ἔφη
691 2042 965 2096 διαστέλλειν
1001 2042 1088 2095 ὁινέι
1124 2043 1252 2111 μέσον
1290 2038 1513 2110 ἀδελφῶν.
1568 2042 1643 2091 καὶ
1679 2040 1729 2090 τί

149 2125 205 2190 δὴ
255 2133 391 2178 τοῦτο
442 2127 584 2190 ἐστιν,
628 2128 770 2178 αὐτοῦ
815 2127 1036 2193 λέγοντος
1085 2125 1346 2190 ἀκηκόαμεν
1399 2129 1482 2174 τοῦ
1533 2122 1722 2174 πάντων

148 2208 278 2272 ημῶν
313 2212 530 2276 Σωτῆρος
573 2214 788 2276 Χριστοῦ
829 2216 855 2238 “
877 2207 964 2273 Μὴ
1005 2209 1225 2272 νομίσητε
1264 2206 1334 2257 ὅτι
1371 2205 1520 2270 ἦλθον
1556 2209 1723 2266 βαλεῖν
1782 2214 1942 2289 SMatt6h.

150 2289 382 2357 “εἷρήνην
430 2315 502 2342 επι
550 2291 635 2355 τὴν
675 2310 779 2358 γην·
833 2291 915 2342 οὐκ
957 2290 1107 2355 ἦλθον
1154 2293 1320 2350 βαλεῖν
1366 2286 1548 2355 ειρήνην
1591 2285 1722 2337 ἀλλα
1782 2267 1895 2297 ΚΜ-

83 2391 129 2430 25
150 2380 178 2404 “
201 2373 448 2442 μάχαιραν.
513 2374 663 2440 ἦλθον
688 2374 781 2442 γὰρ
807 2374 998 2442 διχάσαι
1024 2374 1270 2440 ἄνθρωπον
1294 2370 1412 2423 κατὰ
1437 2375 1519 2421 τοῦ
1543 2369 1721 2437 πατρὸς

150 2463 176 2486 “
202 2458 354 2519 αὐτοῦ,
381 2461 456 2508 καὶ
491 2457 723 2522 θυγατερα
760 2455 878 2507 κατὰ
911 2458 993 2520 τῆς
1030 2453 1203 2521 μητρὸς
1241 2455 1393 2517 αὐτῆς,
1420 2455 1494 2504 καὶ
1533 2452 1721 2521 νύμφην

150 2538 319 2590 “xm-&e
360 2541 442 2602 τῆς
484 2542 706 2602 πενθερᾶς
746 2538 899 2600 αὐτῆς,
945 2538 1019 2587 καὶ
1069 2537 1224 2602 ἐχθροὶ
1267 2540 1350 2586 τοῦ
1393 2534 1641 2601 ἀνθρώπου
1677 2538 1764 2586 oid

679 2620 753 2669 καὶ
799 2617 944 2670 πάλιν
983 2617 1042 2668 τὰ
1087 2616 1288 2680 ἐσόμενα
1330 2639 1422 2668 που
1462 2640 1712 2684 προαπαγ-

615 2617 640 2633 ’)

150 2622 414 2671 ίίοἷκειακοὶ
459 2620 611 2669 αὐτοῦ·

149 2701 337 2767 γελλων
371 2706 465 2753 τοῖς
500 2700 646 2765 ἁγίοις
680 2704 906 2763 μαθηταῖς
936 2706 963 2728 “
985 2698 1278 2765 Παραδώσει,
1315 2699 1477 2767 φησὶν,
1511 2699 1718 2769 ἀδελφὸς
1779 2720 1898 2753 Ib.21.

197 2865 229 2898 9.
256 2850 492 2897 διακρούσαιτο
510 2850 600 2885 Edd.
833 2861 885 2884 ΙΙ.
911 2849 987 2893 ἡμῖν
1003 2861 1065 2895 pro
1083 2850 1159 2894 ὑμῖν
1176 2849 1221 2884 D.
1460 2862 1513 2885 12.
1538 2850 1717 2895 προσήκων

152 2899 231 2942 (sic)
249 2898 308 2932 iid.
500 2906 552 2942 15.
578 2898 718 2941 ἀμελητὶ
736 2897 905 2943 (passim)
924 2897 970 2930 D.
1162 2905 1215 2941 17.
1233 2896 1291 2931 τὸν
1308 2897 1365 2931 alt.
1384 2904 1605 2943 assumptum
1622 2910 1662 2933 ex
1680 2898 1716 2933 b.

155 2947 208 2981 18.
234 2946 287 2979 καὶ
304 2951 383 2990 post
399 2945 609 2990 παράκλησις
626 2943 704 2979 add.
723 2944 757 2978 b.
949 2944 1002 2979 28.
1028 2959 1092 2979 που
1110 2950 1329 2989 assumptum
1347 2956 1387 2978 ex
1406 2943 1453 2979 D.

210 3013 299 3040 YOL.
324 3013 351 3040 1.
894 3012 921 3038 N
943 3013 971 3039 n
