2021 3434
163 214 233 254 vii.
263 228 325 264 11,
352 228 414 257 12.
535 216 609 257 IN
656 216 1042 257 MICHAEAM.
1103 217 1254 258 TOM.
1285 217 1372 258 III.
1651 220 1731 261 727

164 329 190 351 ‘⁶
214 322 363 388 σύνην
388 325 569 377 αὐτοῦ.”
624 325 894 390 δικαιοσύνη
921 325 968 377 δὲ
991 331 1074 376 τοῦ
1102 329 1226 376 Θεοῦ
1252 328 1327 376 καὶ
1354 325 1559 393 Πατρὸς,
1583 327 1652 380 τίς
1677 326 1734 378 ἂν
1754 352 1775 378 e

162 403 229 468 εἰἠ
254 404 436 468 λοιπὸν,
462 405 640 470 πλὴν
616 429 686 458 οτι
711 405 956 474 Χριστός·
944 448 957 470 ,
1000 408 1120 458 οὕτω
1145 430 1237 475 γαρ
1260 408 1369 471 ἡμῖν
1395 407 1536 459 αὐτὸν
1561 408 1586 458 ὁ
1613 408 1734 463 Θεὸς

163 509 236 537 και
278 487 446 554 Πατὴρ
487 490 718 539 ἀποκαλεῖ
752 488 907 554 λεγων
947 495 973 518 “
998 489 1203 555 Ἐγγίζει
1240 488 1360 556 ταχὺ
1396 490 1425 553 ἡ
1464 490 1734 555 δικαιοσύνη
1798 499 1852 573 1133*-
1872 498 1903 573 1¹1-
1921 508 1957 539 5³

163 575 322 632 “μου,
374 592 449 620 και
497 569 551 621 τὸ
598 570 725 624 ἐλεός
773 593 864 633 μου
914 570 1354 638 ἀποκαλυφθῆναιῗ
1419 569 1515 622 εἶτα
1558 574 1640 636 τῆς
1687 573 1736 623 ἐν

120 662 143 700 5
163 653 361 720 Χριστῷ
391 651 687 716 δικαιοσύνης
718 651 803 716 τὴν
837 650 973 720 χάριν
1005 654 1078 703 καὶ
1110 654 1192 716 τῆς
1223 653 1449 719 ἁμαρτίας
1479 652 1565 718 τὴν
1595 676 1736 705 κατα-

161 731 381 801 στροφὴν
424 732 694 797 ἐννοήσασά
741 757 833 784 που
884 733 1002 784 κατὰ
1044 732 1098 785 τὸ
1138 733 1257 787 εἰκὸς
1298 735 1326 799 ἡ
1370 733 1524 786 τοιάδε
1576 735 1731 804 ψυχὴ,

161 817 326 881 σοφῶς
365 816 440 865 καὶ
479 814 682 882 ἀγχίνως
719 814 1080 884 ἀνακεκράξεται
1108 823 1196 867 Καὶ
1233 813 1399 884 ἕψεται
1436 820 1458 878 ἦ
1491 815 1624 887 ἐχθροί
1652 841 1736 886 μου

164 899 240 946 καὶ
280 898 595 965 περιβαλεῖται
632 896 837 960 αἰσχύνην
873 900 894 958 ἦ
928 897 1129 964 λέγουσα
1166 899 1273 968 προς
1314 896 1380 968 με’
1409 900 1499 950 Ποῧ
1534 898 1681 968 Κύριος
1714 905 1733 951 ὁ

162 976 272 1032 Θεός
309 1001 412 1039 σους
459 984 493 1029 οἱ
532 977 763 1047 ὀφθαλμοί
797 1003 882 1045 μου
920 978 1165 1048 ἑπόψονται
1205 981 1349 1041 αὐτήν·
1404 982 1464 1031 νῦν
1502 979 1627 1031 ἔσται
1675 986 1775 1036 siga
1801 999 1886 1033 465
1904 998 1955 1033 A.

95 1084 143 1108 10
164 1058 484 1128 καταπάτημοι
522 1063 580 1115 ὡς
618 1060 760 1121 πηλὶς
795 1063 832 1111 ἐν
866 1064 966 1116 ταῖς
1000 1058 1121 1116 ὁδοῖς·
1171 1061 1303 1129 ἡμέρα
1332 1060 1527 1129 α’λοιφῆς
1557 1060 1734 1115 πλίνθου

161 1137 402 1210 ἐξαλειψίς
438 1166 515 1193 σου
556 1145 577 1203 ἦ
622 1141 755 1211 ἡμέρα
797 1144 945 1203 ἐκείνη.
1013 1142 1168 1206 ἐπειδὴ
1213 1165 1306 1239 γαρ
1344 1141 1671 1207 ἐπιδεδήμηκεν
1708 1143 1734 1194 ὁ

160 1222 384 1289 Χριστὸς,
410 1225 597 1274 δικαιῶν
626 1228 684 1292 τῇ
716 1223 873 1275 πίστει
908 1222 1016 1277 τοὺς
1052 1222 1389 1291 ἡμαρτηκότας,
1413 1224 1734 1291 ἐμπέφρακται
1796 1232 1850 1309 st
1868 1233 1932 1265 cvi.

159 1304 244 1367 μὲν
285 1308 368 1369 τῆς
408 1305 600 1368 ἀνομίας
639 1328 693 1357 το
736 1303 908 1368 στόμα,
954 1305 1256 1374 κατῃσχύνθη
1296 1305 1344 1357 δε
1388 1304 1550 1371 ὥσπερ
1595 1308 1670 1357 καὶ
1708 1307 1733 1357 ὃ
1796 1288 1816 1315 4

159 1387 330 1452 ταύτης
365 1387 561 1454 εὑρετής.
628 1389 704 1438 καὶ
735 1388 760 1438 ὁ
795 1388 879 1452 μὲν
917 1387 1225 1452 ἀπελήλαται,
1254 1390 1329 1440 καὶ
1363 1391 1445 1452 τῆς
1471 1389 1575 1439 καθ’
1603 1389 1735 1453 ἡμῶν

93 1490 141 1530 ει5
161 1469 495 1521 ἀποπέπτωκεν
542 1471 702 1538 ἀρχῆς,
752 1470 781 1533 ἡ
828 1468 878 1521 δὲ
928 1472 986 1525 ὡς
1029 1468 1172 1530 πηλὶς
1225 1471 1261 1521 ἐν
1311 1466 1420 1525 ὁδοῖς
1466 1470 1734 1535 πεπάτηται

160 1551 341 1614 λοιπὸν,
392 1556 488 1605 τοῖς
544 1556 639 1603 τῶν
689 1551 834 1618 ἁγίων
883 1555 1028 1603 ποσὶν
1078 1551 1312 1605 οὶονείπως
1375 1551 1728 1618 ὑπενηνεγμένη.

159 1633 322 1699 γέγονε
362 1633 410 1685 δὲ
456 1634 572 1701 αὐτῇ
618 1635 692 1684 καὶ
736 1630 978 1704 ἐξάλειψις
1021 1636 1042 1695 ἦ
1082 1633 1217 1702 ἡμέρα
1259 1637 1486 1700 Χριστοῦ,
1529 1634 1636 1684 καθ’
1675 1631 1779 1697 ἣνῑ)

160 1715 360 1766 ἕκαστον
407 1720 501 1767 τῶν
549 1714 846 1781 προσιόντων
900 1716 1025 1785 αὐτῷ
1075 1715 1279 1782 καθαρὸν
1330 1716 1578 1784 ἀποφαίνει
1639 1719 1734 1766 τῶν

161 1797 366 1864 ἀρχαίων
400 1797 683 1861 αἰτιαμάτων
715 1797 790 1848 διὰ
827 1804 910 1849 τοῦ
941 1798 1074 1863 ἁγίου
1107 1798 1453 1861 βαπτίσματος,
1479 1799 1554 1848 καὶ
1592 1820 1733 1848 κατα-

90 1903 141 1928 20
161 1882 410 1951 σφραγίζει
459 1887 526 1952 τῷ
577 1882 816 1948 Πνεύματι
870 1881 987 1950 πρὸς
1038 1881 1291 1948 ἁγιασμὸν,
1340 1883 1416 1933 καὶ
1464 1883 1514 1933 ἐν
1559 1881 1734 1936 τέκνοις

160 1963 450 2034 καταγράφει
489 1968 629 2016 Θεοῦ.

162 2208 238 2250 Καὶ
262 2207 484 2252 ἀπώσεται
510 2209 665 2260 νόμιμα
692 2210 715 2252 ἡ
744 2211 879 2268 ἡμέρα
913 2210 1066 2252 ὲκείνΗ·
1105 2208 1173 2251 καὶ
1209 2207 1251 2251 αἱ
1287 2209 1432 2252 Πόλειε
1462 2223 1536 2250 σου
1563 2208 1733 2253 ἕξουσιν
1758 2230 1804 2255 12

226 2290 286 2334 εἶε
322 2293 560 2342 ὁμαλισμὸν
600 2293 668 2335 καὶ
711 2292 771 2335 εἰς
809 2293 1085 2351 διαμερισμὸν
1116 2292 1365 2349 Ἀσσυρίων,
1403 2291 1471 2333 καὶ
1508 2290 1550 2333 αἱ
1584 2291 1735 2334 Πόλεις

226 2391 301 2418 σου
338 2375 380 2418 αἶ
415 2376 565 2434 ὀχυραὶ
601 2375 661 2418 εἷο
698 2377 974 2435 διαμερισμὸν
1011 2376 1097 2419 ἀπὸ
1133 2376 1272 2432 Τύρου
1309 2377 1393 2416 ἕως
1430 2380 1636 2426 Ποταμοῦ,
1664 2374 1734 2416 καὶ

90 2472 140 2511 25
226 2458 312 2501 ἀπὸ
349 2460 566 2503 θαλάσσΗε
603 2462 687 2502 ἕως
725 2462 954 2512 θαλάσσΗε,
981 2460 1049 2501 καὶ
1086 2458 1172 2500 ἀΠό
1209 2459 1335 2516 ὅρουε
1372 2459 1456 2499 ἕως
1491 2462 1565 2500 τοῦ
1590 2458 1775 2516 ὄρουε.ο

207 2655 241 2690 3.
267 2644 431 2680 ἀποκαλεῖ
446 2646 491 2681 A
509 2646 669 2681 ἀπεκάλει
691 2646 779 2681 Edd.
935 2655 966 2704 7.
992 2643 1129 2689 σοφῶς]
1148 2643 1255 2689 ὀρθῶς
1271 2644 1315 2678 A.
1365 2643 1418 2678 καὶ
1435 2644 1494 2678 alt.
1512 2649 1735 2689 assumptum

159 2703 203 2725 ex
221 2692 264 2725 A.
583 2705 616 2739 9.
644 2694 818 2739 ἐπόψομαι
835 2704 898 2738 pro
917 2694 948 2726 οἱ
964 2691 1046 2737 ὀφθ.
1063 2706 1127 2735 μου
1145 2691 1334 2735 επόψονται
1352 2691 1395 2724 A.
1459 2690 1506 2726 εἷς
1523 2690 1643 2724 deest
1635 2702 1671 2724 m
1690 2691 1734 2725 B.

164 2748 218 2772 10.
243 2737 349 2784 ἡμερα
365 2739 469 2774 habet
486 2739 567 2783 Α.η
548 2740 672 2785 ἡμέρας
689 2752 718 2774 e.
1032 2748 1084 2771 12.
1109 2740 1148 2780 τῇ
1168 2737 1286 2771 deest
1278 2749 1315 2770 m
1334 2737 1375 2771 B.
1440 2735 1654 2780 ἠδικημένους
1670 2749 1734 2782 pro

160 2784 322 2829 ἡμαρτηκ.
342 2786 384 2820 Β.
436 2786 561 2822 Statim
580 2788 722 2832 ἐκπεφρ.
742 2786 784 2821 Β.
904 2796 957 2830 13.
982 2783 1135 2829 ἀνομίας]
1156 2784 1212 2818 Sic
1230 2784 1362 2817 correxi
1379 2795 1420 2817 ex
1436 2783 1480 2818 A.
1497 2783 1622 2826 ἀνόμου
1640 2783 1733 2818 Edd.

165 2840 218 2876 17.
244 2832 326 2876 αὐτῇ
345 2833 399 2866 καὶ
412 2833 456 2867 Α.
474 2848 527 2868 και
543 2848 624 2878 αυτη
629 2849 644 2869 ς
657 2833 748 2868 Edd.
767 2832 820 2867 καὶ
838 2832 933 2875 ἐξάλ.
951 2831 1051 2865 αὐτοῦ
1069 2842 1131 2875 pro
1148 2830 1229 2874 αὐτῇ
1249 2830 1302 2863 καὶ
1319 2830 1415 2874 ἐξάλ.
1430 2829 1473 2864 Β.
1573 2830 1626 2864 18.
1651 2830 1733 2865 ἀπο-

161 2877 275 2923 φαίνει
291 2879 335 2914 A.
341 2879 384 2914 Β.
401 2879 571 2926 ἀποφανεῖ
588 2880 679 2914 Edd.
886 2889 938 2924 19
966 2877 1240 2922 κατασφραγίσει
1257 2876 1318 2911 iid.
1527 2887 1583 2911 20.
1608 2876 1654 2912 εἷς
1670 2888 1735 2921 pro

161 2925 248 2969 πρὸς
263 2925 308 2959 Α.
497 2938 551 2961 21.
577 2942 659 2961 κατα
660 2927 788 2972 γράψει
805 2925 865 2959 iid.
925 2924 1052 2959 Statim
1069 2926 1142 2970 Θεῷ
1160 2923 1254 2958 Aub.
1442 2933 1498 2976 23.
1523 2922 1732 2969 ὁμαλισμὸν]

162 2973 397 3017 συγκλεισμὸν
415 2972 458 3008 Β.
476 2973 571 3019 (XII
589 2985 660 3020 mg.
676 2984 732 3008 22.
747 2973 790 3007 al.
795 2971 812 3017 )
1000 2981 1056 3014 24.
1082 2958 1159 3016 ἕως]
1180 2974 1216 3011 -ὖ-
1232 2972 1292 3005 τοῦ
1306 2968 1399 3005 Edd.
1417 2969 1535 3005 invitis
1550 2970 1596 3006 A.
1599 2969 1642 3006 Β.
1656 2969 1734 3016 (91,

164 3026 221 3064 97,
240 3019 318 3061 228,
338 3019 439 3064 310.)
