2021 3434
101 186 129 227 i.
154 199 192 236 2,
215 201 253 242 3.
543 189 617 229 IN
658 189 938 231 JOELEM.
998 188 1147 230 TOM.
1193 188 1229 230 Ι.
1589 188 1675 228 289

99 294 355 362 ψευδοεπές
397 297 426 361 ἡ
467 296 675 362 ἀλήθεια,
713 299 787 349 καὶ
830 296 943 363 ὅπερ
985 294 1042 347 ἀν
1082 297 1214 362 λε’γοι
1250 297 1275 347 ὃ
1316 295 1448 358 Θεὸς,
1488 295 1673 362 ἀτρεκὲς

1051 387 1076 409 ‘⁴
1094 383 1240 430 ἱστῶν
1279 378 1465 445 ῥήματα
1508 378 1673 431 παιδὸς
1735 384 1823 415 Esai.

99 375 233 427 ἔσται
266 377 464 432 πάντως.
529 380 665 434 αὐτὸς
700 379 792 446 γάρ
824 381 954 430 ἐστιν
993 382 1018 430 ὁ
1735 429 1802 459 xliv
1831 427 1870 458 06

98 464 127 486 “
151 459 305 522 αὐτοῦ,
349 462 423 511 καὶ
465 460 549 525 τὴν
587 461 769 525 βουλὴν
813 466 906 512 τῶν
947 461 1163 528 ἀγγέλων
1206 462 1345 512 αὐτοῦ
1385 460 1672 525 ἀληθεύων.”

98 540 264 591 οὐκοῦν
310 543 646 610 εὐτεχνέστατα
689 545 764 594 καὶ
809 548 974 610 σοφῶς
1019 543 1192 611 ἐξαιτεῖ
1226 541 1310 607 τὴν
1359 545 1522 594 πίστιν
1566 542 1672 596 τοὺς

55 637 78 676 5
98 622 427 686 ἀκροωμένους,
472 623 542 675 ὅτι
581 624 646 688 μὴ
688 624 807 675 κατά
843 648 970 677 τινας
1016 626 1082 688 εἰἠ
1126 623 1404 692 ψευδοεπὴς,
1443 625 1587 690 ἤγουν
1623 627 1673 676 ἐκ

97 705 286 769 καρδίας
329 703 382 755 τὸ
435 709 600 756 δοκοῦν
652 706 910 774 ἀναφερων,
957 707 1065 756 ἀλλ’
1109 708 1158 756 ἐκ
1208 705 1445 769 στόματος
1501 708 1714 773 Κυριόυέ

96 790 262 836 λαλῶν
310 788 358 837 ἐν
408 787 647 850 πνεύματι,
697 788 982 856 σαφέστατα
1031 787 1230 839 διειπών.
1299 787 1575 853 πρόσκειται
1627 788 1676 839 δὲ

97 868 358 933 ἀναγκαίως
396 870 420 919 ὁ
457 868 665 931 Βαθουῆλ,
702 870 776 920 ἵνα
810 868 874 933 μή
913 892 981 923 τις
1015 870 1166 935 ἕτερος
1203 870 1310 936 παρ’
1346 868 1486 920 αὐτὸν
1525 875 1676 920 νοοῖτο

96 949 178 1000 τὸν
218 949 373 1015 Ἰωήλ.
441 953 617 1002 πολλοὶ
659 950 742 1012 μὲν
780 950 872 1017 γὰρ
912 951 1041 1013 ἴσως,
1085 956 1274 1014 μᾶλλον
1317 950 1365 1002 δὲ
1404 954 1479 1003 καὶ
1518 953 1668 1016 ἀναμ-

35 1058 80 1084 10
99 1030 308 1100 φιλόγως
345 1036 402 1101 τῇ
435 1036 589 1101 τοιᾷδε
623 1032 790 1097 κλήσει
825 1032 1221 1099 κατωνομάζοντο·
1264 1032 1491 1099 γεγόνασι
1531 1034 1580 1085 δὲ
1619 1035 1672 1085 οὐ

96 1113 263 1167 πάντες
306 1116 356 1165 ἐκ
394 1113 606 1175 Βοιθουῆλ.
674 1115 941 1183 ἀσφαλείας
981 1113 1036 1178 δὴ
1076 1115 1170 1177 οὖν,
1213 1117 1274 1169 ὡς
1312 1117 1502 1185 ἐγῷμαι,
1535 1115 1674 1184 χάριν

97 1196 517 1264 προσεπενήνεκται
539 1195 685 1248 πάλιν
713 1198 737 1247 ὁ
765 1195 974 1257 Βαθουήλ.

111 1383 324 1425 Ακούσατε
356 1382 406 1424 δή
448 1385 576 1424 ταῦτα
620 1380 658 1423 οἱ
701 1384 990 1439 Πρεσβύτεροι,
1032 1383 1101 1424 καί
1143 1383 1403 1426 ἐνωτίσασθε
1441 1386 1598 1427 Πάντες
1635 1384 1715 1428 οἷ2

165 1469 455 1508 κατοικοῦντες
502 1466 578 1507 τὲιν
628 1471 711 1514 τήν·
781 1463 816 1506 εἰ
865 1468 1007 1514 ΓέΓονέ
1054 1469 1225 1508 τοιαῦτα
1268 1467 1312 1508 ἐν
1360 1465 1452 1510 ταῖς
1497 1469 1674 1525 ἡμέραις

33 1558 80 1597 ῐ5
164 1549 294 1600 ὑμῶν,
332 1549 355 1590 ἦ
396 1549 439 1590 ἐν
481 1547 573 1590 ταῖς
614 1548 790 1606 ἡμέραις
831 1550 917 1590 τῶν
956 1551 1155 1606 Πατέρων
1193 1551 1337 1602 ὑμών;
1380 1551 1484 1608 ὑπὲρ
1529 1552 1714 1602 αὐτών3

164 1629 252 1673 τοῖς
280 1632 441 1673 τέκνοις
472 1633 588 1681 ὑμῶν
621 1632 889 1682 ὃιΗΓέισασθε,
920 1633 987 1673 καὶ
1017 1633 1067 1674 τὰ
1097 1634 1221 1674 τέκνα
1249 1634 1366 1682 ὑμῶν
1393 1631 1481 1674 τοῖς
1507 1636 1670 1675 τέκνοις
1691 1655 1712 1678 a
1743 1645 1824 1678 199
1842 1641 1891 1675 A.

167 1714 318 1766 αὐτῶν,
346 1715 413 1756 καὶ
437 1716 488 1757 τὰ
515 1718 639 1756 τέκνα
667 1716 807 1757 αὐτῶν
835 1714 894 1756 εἰς
922 1715 1067 1763 Γενέαν
1094 1717 1257 1772 ἑτέραν.

171 1824 417 1894 Ἀναφέρει
449 1824 567 1892 πρὸς
606 1825 891 1894 ἀρχαιότητα
930 1831 1101 1893 καιρῶν
1142 1849 1191 1877 τε
1234 1828 1307 1877 καὶ
1345 1825 1528 1890 μνήμης
1566 1824 1673 1880 τοὺς

99 1907 426 1973 γεγηρακότας,
467 1911 540 1959 καὶ
586 1911 929 1972 διενθυμεΐσθαι
973 1909 1281 1976 προστέταχε,
1316 1907 1430 1960 πότε
1477 1907 1533 1973 δὴ
1568 1909 1673 1974 ἄρα,

31 2016 82 2041 20
100 1991 174 2040 καὶ
211 1991 285 2040 ἐπὶ
317 1990 413 2041 τίσι
449 1989 508 2042 τά
545 1990 630 2042 ἰ’σα
667 1990 918 2053 τεθέανται,
951 1994 1039 2046 τοῖς
1079 1992 1230 2041 αὐτῶν
1268 1990 1492 2056 πατράσιν
1529 1990 1674 2056 ἤγουν

98 2076 194 2125 τοῖς
219 2071 284 2122 ε”τι
309 2071 515 2136 κατόπιν,
541 2075 589 2125 ἐκ
617 2074 740 2127 θείας
768 2075 911 2139 ὀργῆς
936 2073 1285 2138 ἐπενηνεγμένα,
1312 2074 1678 2139 ἀναλογίζεσθαί

96 2176 145 2204 τε
170 2155 262 2204 δεῖν
287 2154 376 2223 ἔφη
407 2155 587 2218 λοιπὸν,
612 2160 649 2206 εὶ
685 2155 749 2219 μὴ
786 2155 896 2225 ξένα
933 2158 1007 2206 καὶ
1044 2155 1165 2220 ἀήθη
1203 2155 1262 2206 τὰ
1295 2155 1570 2220 διηγήματα,
1599 2157 1674 2206 καὶ

97 2237 249 2287 οὐδενί
276 2260 350 2288 πω
383 2236 504 2305 τάχα
538 2243 632 2289 τῶν
666 2237 814 2289 πάλαι
849 2238 1181 2304 διεγνωσμένα·
1223 2237 1428 2288 συνιέναι
1453 2236 1600 2303 γεμὴν
1624 2238 1673 2288 εὖ

96 2316 228 2381 μάλα
256 2321 331 2370 καὶ
365 2318 470 2374 τοὺς
509 2320 687 2387 ἑτέρους
717 2320 987 2386 προσήκειν,
1016 2323 1178 2389 φησὶν,
1206 2325 1238 2371 εἷ
1277 2322 1459 2370 τοιαῦτα,
1496 2320 1671 2385 γέγονεν
1689 2329 1716 2369 b

29 2416 78 2455 25
96 2399 164 2452 ἐπ’
182 2402 349 2451 αὐτῶν·
390 2402 586 2453 ἔσεσθαι
611 2402 658 2453 δὲ
685 2404 760 2453 καὶ
787 2402 1012 2453 ὑπόθεσιν
1038 2401 1353 2466 ἀτελευτήτων
1373 2401 1672 2467 διηγημάτων

95 2482 178 2533 οὐκ
207 2485 268 2536 εἷς
299 2482 409 2547 μιάν
447 2482 713 2547 διήκουσαν,
748 2485 852 2534 οὔτε
885 2482 977 2547 μὴν
1012 2487 1073 2536 εἷς
1113 2484 1194 2533 δύο
1229 2484 1303 2533 καὶ
1341 2488 1460 2549 τρεῖς
1498 2483 1671 2551 γενεὰς,

145 2642 175 2665 Ι.
199 2630 313 2676 λέγοι]
332 2631 416 2677 λέγῃ
436 2631 527 2666 Edd.
576 2631 710 2676 ἆτρεκές
727 2632 774 2666 D.
793 2631 885 2666 Edd.
903 2631 1026 2674 ἀληθὲς
1045 2631 1085 2665 Β.
1229 2642 1260 2664 2.
1278 2629 1425 2676 ῥήματα]
1445 2630 1561 2675 ῥήσεις
1578 2632 1669 2667 Edd.

96 2689 129 2722 5.
156 2677 276 2723 ἤγουν]
295 2678 313 2721 ἢ
333 2678 393 2712 iid.
771 2690 804 2724 9.
833 2678 928 2712 Haec
946 2678 1040 2717 ἴσως,
1058 2679 1190 2720 μᾶλλον
1208 2678 1243 2711 δέ
1261 2679 1313 2711 καὶ
1331 2686 1550 2712 accesserunt
1567 2691 1608 2713 ex
1626 2680 1669 2714 Β.

100 2734 153 2758 10.
178 2723 306 2769 τοιᾷδε]
326 2724 461 2768 τοιαύτῃ
480 2724 572 2758 Edd.
873 2735 925 2758 12.
954 2724 1257 2768 προσεπενήνεκται
1277 2725 1323 2758 D.
1341 2725 1606 2769 προσεπήνεκται
1627 2726 1670 2761 Β.

95 2770 356 2813 προσενήνεκται
376 2771 467 2804 Edd.
640 2782 692 2816 13.
719 2771 758 2815 δὴ
776 2772 921 2805 accessit
937 2783 977 2804 ex
999 2771 1082 2805 B.F.
1101 2772 1216 2813 (ARex.
1237 2771 1338 2814 XII.)
1508 2782 1560 2817 15.
1586 2773 1670 2815 ὑπὲρ

98 2815 223 2861 αὐτῶν]
243 2818 320 2861 περὶ
338 2817 445 2852 αὐτῶν
463 2818 499 2851 F.
519 2817 594 2862 (22.
614 2819 677 2862 al.)
856 2818 908 2851 16.
936 2817 1141 2862 διηγήσεσθε
1162 2818 1197 2851 F.
1391 2819 1444 2852 18.
1469 2818 1666 2865 Ἀναφέρει]

98 2864 262 2907 ὑποφέρει
282 2864 327 2897 D.
344 2863 530 2910 Ἀποφέρει
548 2864 639 2898 Edd.
764 2875 818 2898 20.
846 2864 925 2898 Hoc
943 2865 1063 2899 Ordine
1080 2866 1121 2898 τὰ
1137 2864 1197 2899 ἵσα
1213 2864 1383 2899 τεθέανται
1402 2865 1494 2900 B.D.
1513 2874 1546 2900 et
1563 2868 1671 2901 αὐτῶν

97 2911 267 2954 πατράσιν
285 2910 326 2944 Β.
516 2922 570 2953 24.
593 2910 663 2956 καὶ]
683 2911 737 2945 καὶ
754 2911 808 2945 i.e.
828 2911 1079 2953 obliniendum‚
1098 2923 1181 2946 casu
1198 2918 1314 2946 autem
1331 2917 1371 2946 ut
1388 2913 1461 2946 viro
1478 2913 1669 2948 clarissimo

99 2982 370 3030 doctissimoque
387 2983 454 3018 Th.
475 2984 592 3030 Heyse
609 2984 800 3026 videbatur,
820 2985 863 3019 B.
879 2984 1063 3030 προσήκειν
1080 2985 1132 3020 καὶ
1150 2985 1227 3021 τοὺς
1243 2986 1290 3020 ἑτ.
1310 2986 1354 3020 D.
1375 2985 1467 3021 Edd.

157 3052 248 3081 VOL.
271 3054 298 3081 1.
851 3056 874 3082 P
895 3058 921 3097 p
