2021 3434
296 212 349 251 xii
870 216 901 254 Ρ
918 216 951 255 R
971 216 1002 254 A
1023 216 1053 254 Ε
1074 216 1105 255 F
1120 217 1154 255 A
1170 216 1235 255 TI
1256 216 1303 253 Ο.

294 334 364 376 ubi
403 335 557 391 aliquid
597 351 742 378 causae
781 344 1004 391 appareret
1044 338 1151 378 unde
1197 338 1374 378 Graecos
1421 351 1507 378 esse
1548 336 1663 377 codd.
1707 348 1880 390 operare

293 417 468 457 possem.
533 405 581 444 In
598 406 772 446 Monast.
794 405 1060 460 Sphigmenii,
1077 405 1109 445 si
1131 404 1376 445 bibliotheca
1396 411 1515 452 esset,
1533 419 1621 445 eam
1639 404 1778 445 videre
1798 417 1879 443 non

292 471 420 526 potui.
453 472 535 513 Sed
549 472 630 513 vidi
648 472 913 513 bibliothecas
927 473 1106 526 Magnae
1123 472 1206 513 sive
1219 472 1528 513 Athanasianae
1542 473 1717 521 Laurae,
1730 471 1875 512 31)ὶο-

292 539 413 592 nysii,
436 545 478 580 et
504 539 770 594 Batopaedii:
807 545 931 594 atque
959 539 1136 581 minores
1164 554 1232 581 eas
1261 540 1579 589 Pantocratoris,
1610 540 1879 594 Simopetrae,

294 607 494 658 Dochirii,
530 607 758 657 Iberorum,
790 607 982 662 reliquias
1020 608 1195 663 denique
1225 608 1395 664 exiguas
1426 623 1531 662 quae
1561 608 1614 649 ad
1647 608 1689 648 S.
1713 606 1881 661 Georgii

295 674 581 730 Xenophontis
622 681 799 725 exstant,
836 675 906 717 ubi
945 676 1118 731 optimos
1164 676 1321 717 codices
1367 676 1554 716 monachi
1594 675 1880 722 vendiderunt,

293 749 339 783 ut
370 758 418 783 eo
449 742 581 797 pretio
613 743 835 784 Ecclesiam
872 759 987 785 suam
1017 745 1248 786 reficerent.
1319 744 1377 785 Et
1408 744 1459 785 de
1489 743 1598 784 Novi
1629 742 1882 784 Testamenti

295 811 513 852 Codicibus
541 811 730 866 equidem
758 811 895 853 dicere
922 827 1003 853 non
1030 812 1172 863 ausim,
1202 812 1277 853 nisi
1304 813 1413 867 quod
1435 818 1476 853 et
1502 812 1543 852 in
1569 812 1725 867 Magna
1747 811 1883 851 Laura

292 886 335 920 et
355 879 395 920 in
420 879 462 919 S.
487 879 675 935 Dionysii
696 880 942 921 Lectionarii
963 887 1083 922 erant
1109 881 1238 922 literis
1260 880 1495 922 uncialibus.
1560 880 1643 921 Sed
1672 879 1714 919 hi
1739 878 1882 933 quanti

293 948 389 996 sint,
412 962 459 988 eo
487 947 618 988 minus
643 962 807 1003 possum
835 954 1030 997 statuere,
1052 949 1162 1004 quod
1190 963 1322 1004 neque
1342 964 1428 990 rem
1450 948 1571 990 altius
1595 954 1690 989 ante
1715 947 1880 988 investi-

294 1030 504 1069 gaveram,
526 1030 658 1070 neque
686 1021 772 1057 tum
799 1016 898 1056 mihi
920 1017 983 1057 vel
1012 1023 1172 1072 tempus
1197 1017 1261 1058 vel
1286 1017 1479 1058 valetudo
1506 1017 1559 1057 ad
1586 1015 1882 1071 perlegendum

295 1082 467 1124 suffecit.
530 1083 725 1124 Codicum
753 1083 828 1125 SS.
850 1085 1020 1125 Patrum
1050 1085 1263 1126 MStorum
1286 1090 1328 1126 et
1348 1085 1421 1126 has
1443 1085 1556 1126 bibll.
1581 1094 1622 1125 et
1645 1083 1883 1125 Sinaiticam

293 1151 553 1201 crediderim,
595 1166 686 1192 cum
727 1158 887 1193 tantum
931 1152 1009 1193 illis
1043 1152 1129 1208 jam
1167 1153 1357 1194 amissum
1398 1153 1462 1201 sit,
1499 1153 1565 1193 vix
1606 1152 1721 1192 multi
1761 1151 1884 1205 pretii

293 1218 448 1273 aliquid
479 1234 586 1260 nunc
616 1219 836 1261 continere.
900 1220 1008 1262 Sane
1029 1221 1115 1262 veri
1144 1221 1272 1262 simile
1300 1228 1375 1270 est,
1405 1222 1531 1262 bonos
1562 1221 1615 1262 ibi
1647 1235 1734 1262 esse
1765 1220 1882 1261 codd.

294 1287 418 1328 seculi
456 1288 517 1327 Xl
553 1287 616 1328 vel
654 1289 739 1328 XII
776 1303 915 1329 eorum
952 1295 1131 1344 patrum,
1168 1304 1340 1344 quorum
1378 1304 1503 1345 opera
1544 1289 1727 1344 plurimis
1767 1288 1884 1329 bonis

293 1355 478 1409 ejusdem
505 1356 652 1397 aetatis
680 1356 883 1397 codicibus
910 1357 1020 1412 apud
1052 1372 1123 1398 nos
1151 1357 1359 1414 leguntur.
1421 1358 1588 1398 Nullum
1619 1357 1674 1398 ibi
1705 1356 1883 1397 codicem

294 1423 390 1473 vidi,
422 1438 542 1478 quem
584 1439 685 1479 opus
724 1425 914 1466 amissum
951 1426 1188 1482 cujusquam
1225 1441 1247 1467 e
1285 1427 1476 1468 Patribus
1512 1441 1600 1467 esse
1637 1426 1882 1481 recognovi;

294 1491 395 1532 nihil
425 1491 632 1547 Origenis,
653 1492 753 1533 nihil
777 1493 945 1548 Didymi
974 1502 1139 1549 praeter
1160 1495 1268 1549 quod
1292 1494 1458 1536 Catenis
1486 1494 1731 1542 continetur,
1753 1508 1885 1549 pauca

296 1560 338 1600 S.
365 1560 576 1600 Athanasii
598 1561 660 1601 vel
684 1561 726 1602 S.
752 1561 943 1617 Gregorii
967 1563 1007 1603 N
1008 1562 1158 1618 ¹ysseni‚
1183 1563 1280 1604 nihil
1302 1578 1482 1619 prorsus,
1506 1569 1550 1604 ut
1571 1562 1706 1612 credO,
1729 1577 1778 1603 ex
1803 1561 1883 1603 ullo

294 1642 537 1683 magnorum
560 1628 845 1670 Conciliorum.

354 1762 449 1802 Jam
486 1767 532 1803 ut
568 1776 697 1817 pauca
732 1763 783 1804 de
820 1763 1030 1813 Codicum,
1066 1765 1213 1820 quibus
1253 1766 1306 1807 ad
1343 1780 1443 1821 opus
1481 1781 1612 1807 meum
1650 1780 1745 1806 usus
1780 1780 1882 1814 sum,

296 1829 542 1871 auctoritate
570 1831 789 1872 disseram:
824 1833 857 1872 Β
890 1839 1020 1873 totum
1049 1833 1197 1874 librum
1226 1834 1374 1875 habet:
1410 1835 1538 1875 bonus
1559 1841 1633 1882 est,
1655 1840 1885 1884 accuratus,

297 1896 486 1939 literatus
502 1915 513 1947 ς
557 1899 694 1953 parvis
727 1900 903 1955 denique
934 1901 1012 1941 illis
1042 1901 1205 1942 omnino
1236 1902 1323 1943 fere
1353 1902 1518 1943 incuriis
1548 1909 1674 1951 carot,
1705 1916 1811 1957 quae
1842 1901 1885 1942 in

299 1965 450 2006 Codice
492 1967 530 2005 D
568 1966 844 2018 inveniuntur,
883 1969 945 2010 vel
983 1969 1144 2010 Codicis
1179 1971 1216 2010 A
1252 1970 1293 2010 in
1329 1971 1627 2026 orthographia
1662 1970 1884 2012 erroribus.

299 2033 382 2074 Sed
405 2034 601 2088 quosdam
624 2035 732 2076 locos
755 2051 886 2091 neque
915 2052 1064 2092 paucos
1094 2038 1179 2078 sine
1208 2038 1289 2080 ulla
1317 2039 1476 2080 ratione
1504 2039 1669 2089 omittit,
1691 2038 1760 2094 qui
1782 2045 1824 2080 et
1844 2038 1886 2079 in

297 2102 404 2142 Edd.
428 2109 469 2143 et
498 2102 539 2143 in
561 2103 601 2143 D
625 2103 913 2151 inveniu11tur;
953 2105 1100 2146 alicubi
1132 2106 1255 2147 etiam
1286 2107 1441 2148 librarii
1473 2122 1596 2148 manu
1627 2107 1886 2149 circumcisus

298 2170 363 2210 hic
392 2170 520 2211 codex
543 2170 706 2212 videtur
735 2187 836 2213 esse.
899 2173 949 2213 In
979 2174 1179 2215 Zacharia
1206 2175 1334 2216 multa
1362 2190 1412 2216 ex
1442 2175 1475 2216 C
1505 2176 1668 2231 sumpsi,
1696 2175 1738 2216 in
1759 2177 1886 2216 Amos

297 2244 340 2279 et
360 2238 549 2280 Michaea
570 2239 698 2281 multa
719 2255 769 2280 ex
790 2241 842 2289 A,
861 2255 966 2296 quae
988 2241 1028 2282 in
1050 2242 1086 2282 B
1109 2242 1354 2293 defuerunt3
1387 2244 1496 2299 quod
1517 2245 1653 2285 facere
1675 2244 1743 2286 vix
1764 2259 1887 2286 ausus

298 2320 442 2354 essem,
458 2306 533 2347 nisi
550 2307 676 2349 codici
693 2312 728 2349 A
740 2310 763 2350 b
777 2315 859 2350 tam
876 2309 1088 2364 praeclare
1105 2317 1247 2352 auctor
1263 2311 1418 2360 fuisset,
1433 2312 1748 2367 accessissetque
1762 2312 1885 2354 etiam

299 2373 482 2414 Catenae
513 2374 553 2414 in
584 2377 691 2417 Acta
723 2377 798 2419 SS.
824 2378 1113 2433 Apostolorum
1144 2379 1431 2420 testimonium.
1502 2380 1731 2421 Consimilis
1761 2380 1885 2423 etiam

302 2441 337 2480 B
359 2455 480 2495 saepe
502 2448 563 2482 est
584 2443 686 2484 fonti
706 2445 961 2496 Editionnm,
982 2461 1116 2501 nequo
1137 2453 1296 2488 tantum
1322 2447 1363 2488 in
1387 2449 1493 2489 Osee
1519 2454 1560 2489 et
1582 2448 1794 2497 Zacharia,
1817 2449 1887 2504 qui

300 2522 351 2548 ex
382 2507 468 2562 ipso
499 2510 634 2552 codice
664 2521 827 2568 sumpta
857 2521 990 2556 crant.
1053 2516 1102 2555 In
1133 2515 1322 2556 Michaea
1351 2516 1470 2565 enim,
1498 2522 1663 2572 praeter
1695 2532 1886 2573 magnam

299 2575 353 2616 ad
380 2575 448 2616 fin.
472 2591 559 2632 cap.
582 2577 606 2618 i.
637 2579 836 2632 lacunam,
858 2582 899 2623 in
927 2595 1010 2634 412
1033 2598 1068 2632 e,
1090 2589 1132 2624 et
1154 2583 1357 2625 ἀποκτένει
1385 2591 1426 2625 et
1454 2589 1635 2633 ζωοποιεῖ
1657 2585 1698 2625 in
1727 2586 1762 2625 Β
1792 2592 1887 2627 sunt

300 2642 343 2682 in
365 2657 521 2694 rasura,
539 2646 652 2698 quasi
673 2648 738 2689 ille
760 2664 921 2705 quoque
942 2651 1070 2692 codex
1092 2651 1222 2693 simile
1243 2651 1397 2707 aliquid
1419 2653 1627 2695 habuisset
1647 2653 1887 2695 mirissimae

301 2717 487 2752 veterum
516 2712 751 2756 Editionum
780 2717 953 2767 lectioni,
975 2721 1473 2774 ὑποχωρεῖ-πλεονεκτεῖ.
1535 2721 1639 2762 Tum
1670 2721 1712 2762 in
1739 2723 1823 2773 416
1845 2722 1884 2771 b,

303 2779 339 2819 B
376 2778 476 2819 duos
511 2795 653 2821 versus
688 2784 884 2827 omississe
920 2787 1042 2828 credo
1084 2788 1272 2843 (quorum
1312 2796 1471 2844 partem
1514 2789 1709 2831 omittunt
1745 2789 1884 2843 Edd.)‚

302 2853 472 2901 propter
513 2847 802 2891 difficultatem.
884 2854 932 2894 In
973 2856 1130 2897 Habac.
1171 2866 1254 2909 542
1295 2871 1332 2905 a,
1375 2856 1479 2898 mira
1517 2857 1636 2898 lectio
1675 2858 1886 2910 ὀφθαλμὸν

303 2912 465 2953 Codicis
489 2914 523 2953 B
545 2922 586 2956 et
606 2916 828 2958 editionum
851 2923 1071 2964 communis
1098 2930 1173 2971 est,
1196 2924 1305 2965 unde
1333 2931 1510 2980 cognata
1537 2939 1624 2966 esse
1652 2925 1885 2980 conjeceris.

305 2983 352 3021 In
375 2981 456 3034 558
480 2982 504 3022 d
527 2989 567 3023 et
589 2983 627 3022 in
650 2986 725 3037 561
755 2988 814 3026 (ul
837 2989 930 3029 init.
954 2990 1033 3029 (luo
1056 3005 1183 3045 parva
1205 3006 1255 3032 ex
1279 2992 1318 3031 D
1341 2992 1481 3034 addita
1503 2999 1610 3042 sunt,
1635 3007 1740 3047 quae
1764 2994 1885 3035 ambo
