2021 3434
139 211 284 267 1v.13.
622 210 694 252 IN
735 211 928 252 AMOS.
988 209 1139 250 TOM.
1184 208 1245 249 H.
1634 206 1712 245 451

137 323 327 390 λότριον
389 325 464 374 καὶ
527 322 849 391 ψευδώνυμον,
901 320 1030 372 ἀλλὰ
1087 320 1153 372 τόν
1216 318 1320 371 Θεᾶν
1384 343 1461 371 σου
1523 314 1720 384 Ἰσραὴλ,

136 406 392 468 τουτέστιν,
438 403 491 456 ὃν
534 406 589 456 δι’
636 406 776 467 αὐτῆς
818 404 962 470 ε”γνως
1007 405 1090 466 τῆς
1132 402 1307 468 πείρας,
1352 402 1413 454 ὡς
1457 399 1559 450 ἔστι
1598 395 1720 449 Θεὸς

138 487 282 556 φύσει
331 510 382 538 τε
433 489 509 538 καὶ
557 489 763 550 ἀληθῶς,
815 488 890 537 καὶ
941 486 994 536 οὐ
1045 483 1120 535 διὰ
1167 487 1251 547 τῆς
1299 504 1438 534 τινων
1488 480 1720 546 εὐτεχνίας

138 569 461 638 ἐξηυρημένος,
507 567 718 635 καθάπερ
768 568 930 632 ἀμέλει
968 566 1028 618 τὰ
1075 568 1125 617 ἐκ
1177 565 1338 635 ξύλων
1379 562 1408 629 ἢ
1454 564 1589 614 λίθου
1632 583 1718 612 πε-

98 650 379 715 5ποιημένα.

138 832 256 874 Διότι
288 829 378 873 ἰδοὺ
415 831 501 879 &nh
538 830 724 887 στερεῶν
767 830 946 888 βροντὴν
986 830 1054 871 καὶ
1096 828 1240 886 κτίζων
1284 830 1444 876 Πνεῦμα
1485 826 1552 867 καί
1589 825 1724 874 ἀΠαΓ-
1747 834 1792 870 13

207 917 369 964 Γελλων
409 913 468 956 εἷς
503 914 759 972 ἀνθρώπους
798 915 870 956 τὸν
907 913 1074 970 χριστὸν
1114 915 1252 964 αὐτοῦ,
1286 911 1423 953 Ποιὼν
1461 911 1616 967 ὄρθρον
1655 909 1769 952 mid

204 998 396 1056 (mixlxflv,
430 999 499 1040 καὶ
534 998 765 1049 ἐπιβαίνων
798 998 868 1039 ἐπὶ
900 998 951 1039 τὰ
989 999 1074 1048 ῧψΗ
1109 1002 1182 1038 τῆς
1218 1001 1303 1047 fflc,
1338 995 1485 1052 Κύριος
1517 994 1538 1036 ὁ
1568 994 1676 1036 Θεόε
1702 994 1724 1035 ὁ

206 1083 517 1140 Παντοκράτωρ
544 1081 679 1130 ὄνομα
707 1081 837 1135 αὐτῷ.

0 937 3 962 Ι

0 995 4 1019 Ι

2 1187 7 1287 Ι
75 1208 123 1235 10
214 1193 289 1259 Τῇ
330 1195 412 1241 τοῦ
455 1191 743 1257 προῦχοντος
782 1187 1156 1255 ἀντιπαραθέσει,
1197 1185 1251 1238 τὸ
1297 1187 1345 1237 ἐν
1389 1183 1629 1252 ὑπολήψει
1668 1186 1726 1251 τῇ

2 1290 10 1398 l
140 1273 311 1340 χείρονι
336 1271 504 1341 ῥᾳδίως
532 1271 786 1340 ἐλέγχεται.
825 1271 900 1322 ἵνα
925 1270 1078 1321 τοίνυν
1104 1274 1198 1320 τῶν
1223 1268 1429 1319 εἰδώλων
1456 1265 1509 1318 τὸ
1536 1265 1731 1333 ἀδρανὲς

5 1401 10 1430 1
140 1354 413 1423 ἐκφαίνηται
448 1354 577 1420 παρά
614 1377 667 1420 γε
704 1359 800 1408 τοῖς
839 1357 1063 1418 οἷηθεῖσιν
1088 1354 1138 1403 ἐκ
1168 1354 1356 1415 πολλῆς
1383 1350 1505 1415 ἄγαν
1534 1351 1730 1409 ἀβελτε-

140 1437 242 1502 ρίας
277 1439 338 1490 ὡς
373 1437 472 1487 θεοί
499 1459 549 1488 τε
582 1434 670 1487 εἷεν
694 1437 769 1487 καὶ
794 1439 1164 1502 προσκυνεῖσθαι
1189 1433 1457 1498 πρέποντες,
1483 1432 1731 1500 χρησίμως

141 1518 251 1583 ἡμῖν
291 1517 454 1569 ἑαυτὸν
495 1519 519 1569 ὁ
562 1523 656 1569 τῶν
701 1518 827 1569 ὅλων
863 1516 984 1571 Θεὸς
1026 1518 1212 1586 ἐμφανῆ
1255 1513 1498 1577 καθιστὰς,
1533 1514 1732 1578 ποιητὴν

6 1435 10 1515 Ι

0 1549 13 1618 ΙΙ
168 1603 178 1617 s
275 1601 287 1615 t
458 1602 472 1618 x
566 1604 586 1615 ›—
661 1600 683 1618 εκ
1084 1598 1097 1613 x
1258 1600 1272 1617 x
1361 1601 1380 1611 Α
1556 1598 1566 1612 ’
1626 1597 1635 1610 t
1684 1601 1704 1610 Α

0 1617 15 1733 111
78 1620 124 1659 15
143 1605 350 1670 εισφερει
399 1624 474 1652 και
524 1624 618 1652 των
659 1608 786 1652 ολων
830 1606 1147 1666 Δημιουργον,
1198 1622 1273 1649 και
1318 1620 1412 1648 των
1461 1601 1551 1647 καθ
1610 1620 1769 1660 ημαςε

0 1678 4 1742 ζ
143 1682 407 1748 ἀνημμένον
454 1681 540 1747 τὴν
590 1683 825 1752 ἐξουσίαν,
877 1684 953 1733 καὶ
1003 1683 1240 1734 οἱονείπως
1287 1684 1381 1730 τῶν
1426 1679 1732 1746 ἀνθρωπίνων

10 1739 17 1836 Ι
143 1764 506 1834 οἱακοστρόφον,
535 1764 744 1816 ἐπέκεινά
776 1787 827 1816 τε
862 1763 975 1815 ὅντα
1012 1762 1188 1817 παντὸς
1225 1761 1483 1832 ὑψώματος
1510 1764 1584 1812 καὶ
1611 1760 1733 1812 ἁπά-

13 1841 18 1895 Ι
143 1870 234 1912 σης
279 1848 522 1915 ὑπεροχῆς,
565 1849 640 1898 καὶ
680 1848 851 1911 ταμίαν
892 1845 1053 1913 ὥσπερ
1097 1845 1201 1897 τινὰ
1243 1848 1324 1909 τῆς
1364 1843 1478 1909 ὅλης
1517 1844 1742 1910 κτίσεως.

13 1897 19 1975 Ι
145 1933 269 1981 Θεοῦ
303 1929 397 1996 γὰρ
432 1930 577 1997 φύσις
616 1928 669 1981 τὸ
708 1929 898 1981 πάντων
929 1928 1149 1991 ἐπέκεινα,
1178 1929 1252 1979 καὶ
1284 1927 1337 1978 οὑ
1363 1932 1568 1980 τοπικοῖς
1599 1925 1733 1995 ὑψώ-

78 2034 126 2061 20
144 2034 293 2076 μασιν
335 2011 465 2062 ἀλλὰ
509 2017 608 2066 ταῖς
659 2015 742 2076 τῆς
786 2012 994 2065 εὐκλείας
1041 2013 1301 2078 ὑπεροχαῖς,
1341 2011 1417 2060 καὶ
1460 2010 1732 2079 ἀσυγκρίτῳ

145 2092 337 2156 δυνάμει
362 2092 538 2148 παντὸς·
564 2100 761 2159 γενητοῦ
787 2094 956 2160 μέτρον
982 2094 1318 2160 ὑπερκείμενον.

218 2177 482 2227 Ἐπικαλοῦ
513 2183 763 2243 τοιγαροῦν
794 2176 876 2227 τὸν
909 2174 1033 2227 Θεόν
1065 2198 1170 2237 σου,
1201 2176 1366 2244 φησὶν,
1395 2172 1611 2240 Ἰσραὴλ,
1637 2175 1735 2225 ἐπι-

146 2258 396 2324 γινώσκων
430 2257 515 2323 τὴν
553 2259 774 2328 ἐξουσίαν
809 2260 965 2321 αὑτοῦ,
1003 2256 1057 2308 τὸ
1095 2255 1332 2310 παναλκές
1370 2259 1452 2320 τῆς
1491 2257 1733 2323 ὑπεροχῆς.

125 2340 237 2407 ’ἐγὼ
275 2340 368 2407 γάρ
412 2345 514 2405 εἶμι,
557 2343 632 2392 καὶ
676 2342 762 2409 οὐχ
807 2341 972 2407 ἕτερος,
1016 2346 1033 2392 o‘
1077 2339 1250 2409 στερεῶν
1294 2337 1477 2408 βροντὴν,
1518 2338 1770 2394 τουτέστια
1796 2360 1883 2393 296
1903 2358 1955 2392 Α,

83 2438 130 2478 25
149 2424 224 2473 καὶ
258 2424 555 2492 συννεφειάις
593 2422 848 2474 καλύπτων
884 2421 966 2473 τὸν
1005 2419 1214 2488 οὐρανὸν,
1241 2422 1315 2471 καὶ
1354 2422 1523 2474 καθιεὶς
1563 2419 1732 2483 ὑετοὺς,

152 2666 183 2697 4.
152 2653 433 2699 4ἐξηυρημένος
451 2655 494 2688 A.
513 2655 668 2697 ἐξευρημ.
688 2652 780 2687 Edd.
848 2652 972 2686 Statim
990 2653 1043 2686 καὶ
1061 2651 1139 2686 add.
1159 2653 1201 2685 A.
1266 2651 1318 2684 καὶ
1332 2663 1394 2695 pro
1412 2650 1430 2693 ἢ
1451 2650 1543 2684 Edd.
1610 2651 1735 2685 Statim

150 2701 249 2735 λίθου
268 2701 311 2734 Β.
328 2700 437 2735 λίθοις
455 2701 497 2734 Α.
517 2701 622 2734 λίθων
639 2700 671 2733 Α
689 2712 750 2743 mg
753 2699 872 2733 ,Edd.
1157 2699 1189 2732 8.
1215 2696 1288 2742 ὕψη
1307 2699 1350 2730 A.
1359 2697 1397 2731 Β.
1404 2697 1439 2730 F.
1460 2698 1574 2740 (Alex.
1581 2698 1592 2740 )
1612 2697 1671 2731 sed
1690 2698 1735 2732 cf.

150 2747 250 2781 Infra.
271 2747 392 2791 ὑψηλὰ
411 2746 502 2781 Edd.
524 2747 576 2791 (V
579 2746 641 2791 at)
691 2748 708 2779 ὁ
727 2747 784 2780 alt.
803 2758 873 2780 om.
893 2745 985 2779 Edd.
1000 2745 1076 2790 (36,
1090 2754 1146 2790 97,
1158 2755 1238 2790 310,
1253 2755 1332 2789 311.
1338 2743 1354 2788 )
1474 2755 1525 2778 12.
1553 2744 1736 2790 ελεγχηται

151 2806 215 2839 pro
232 2794 427 2838 ἐκφαίνηται
447 2793 489 2826 Β.
674 2804 726 2835 14.
753 2793 870 2826 ἑαυτὸν
887 2804 956 2826 om.
977 2793 1019 2825 A.
1228 2802 1281 2836 15.
1307 2795 1373 2824 τῶν
1390 2791 1486 2836 prius
1504 2790 1548 2824 A
1567 2793 1624 2824 τὸν
1643 2791 1734 2826 Edd.

151 2841 191 2884 τὴ
195 2855 212 2874 ν
227 2852 291 2886 pro
308 2844 375 2874 τῶν
391 2840 449 2873 alt.
468 2839 527 2873 iid.
654 2839 707 2873 16.
733 2839 893 2883 ἀνημένον
910 2838 1152 2883 iid.17.
1178 2838 1362 2883 ὖψώματος
1379 2849 1448 2871 om.
1468 2838 1511 2871 A.
1560 2839 1671 2881 πάσης
1689 2839 1734 2872 Α.

12 2906 17 2923 ι
154 2898 209 2921 21.
235 2885 392 2932 γενητοῦ]
414 2886 471 2921 Sic
490 2886 620 2920 correxi
638 2898 679 2919 ex
696 2886 740 2920 A.
757 2888 916 2931 γεννητοῦ
935 2885 1026 2920 Edd.
1289 2895 1343 2929 23.
1370 2885 1429 2927 τὴν
1446 2884 1604 2927 ἐξουσίαν
1620 2885 1734 2924 αὐτοῦ,

12 2941 17 2972 “,
153 2935 191 2968 τὸ
208 2933 376 2968 παναλκες
392 2934 450 2976 τῆς
466 2932 634 2977 ὑπεροχῆς
654 2932 693 2966 Β.
712 2933 772 2976 τὴν
788 2933 958 2975 ἐξουσιαν,
975 2934 1014 2967 τὸ
1034 2931 1212 2972 παναλκες,
1230 2931 1290 2975 τὴν
1306 2931 1499 2975 ὑπερβολήν
1516 2932 1559 2965 A
1578 2931 1736 2975 ἐξουσίας

12 2983 17 3016 ᾉ
153 2982 192 3014 τὸ
209 2980 376 3014 παναλκὲς
393 2994 446 3013 και
463 2979 522 3021 τὴν
539 2978 732 3024 ὑπερβολήν
750 2979 842 3014 Edd.
1127 2990 1182 3022 25.
1209 2979 1261 3012 καὶ
1279 2990 1376 3024 prlus
1394 2984 1615 3023 assumptum
1633 2990 1674 3013 ex
1691 2979 1735 3013 A.

157 3026 282 3062 Statim
302 3026 497 3072 συννεφίαις
515 3027 558 3060 A.

19 2217 29 2470 Ι

25 2474 29 2512 Ι

5 2589 36 2857 ’.ι
198 2617 230 2642 2.
256 2607 341 2642 Θεὸς
359 2616 582 2652 assumptum
601 2619 640 2641 ex
662 2606 703 2641 B.
1005 2616 1038 2650 3.
1064 2605 1198 2648 ἀληθῶς
1215 2604 1258 2640 Α.
1276 2603 1400 2647 ἀληθὴς
1422 2603 1463 2637 Β.
1483 2603 1622 2648 ἀληθείᾳ
1642 2603 1735 2638 Edd.

32 2861 39 3054 Ι

36 3064 41 3151 1
914 3094 937 3135 3
961 3094 992 3120 M
1017 3093 1038 3122 2

39 3173 44 3270 Ι

41 3288 47 3418 Ι
