2021 3434
673 226 1110 268 PRAEFATIO.
1639 235 1692 261 xv

98 362 171 389 nos
195 347 497 390 misericordiae
525 349 765 404 recognitio,
786 355 828 392 et
849 349 1035 404 justitiae
1062 349 1114 391 ab
1137 349 1198 390 Eo
1227 347 1343 390 nobis
1371 346 1548 389 donatae
1560 361 1573 395 ;
1605 350 1692 386 tum

49 472 54 477 Ι
98 416 274 472 denique
294 431 389 459 acer
410 432 566 467 sensus,
589 432 710 473 quam
732 419 895 460 omnino
924 433 1090 460 necesse
1110 418 1163 459 sit
1189 423 1235 459 ut
1263 432 1336 457 nos
1361 415 1512 457 nostris
1536 413 1691 469 cupidi-

96 484 216 525 nibus
251 490 338 526 toto
373 485 521 533 animo,
556 491 642 527 toto
680 486 818 536 corde,
853 486 1031 527 fideliter
1070 500 1118 526 ac
1154 484 1393 540 simpliciter
1429 482 1692 524 resistamus:

96 552 198 593 haec
225 553 360 594 omnia
385 553 444 594 illi
466 553 577 595 velut
603 553 773 609 propria
797 560 915 595 sunt:
953 560 1078 609 atque
1105 553 1214 596 inter
1241 552 1446 595 literatius
1473 555 1690 597 annotata,

94 633 176 661 non
198 620 346 662 desunt
365 620 442 662 loci
464 621 689 677 pulcriores
710 627 837 676 atque
858 621 1099 663 teneriores.

154 752 290 794 Textu
310 753 614 808 Prophetarum
640 752 853 795 Minorum
881 753 1081 809 ejusmodi
1108 767 1205 794 usus
1235 767 1323 794 esse
1343 752 1507 794 videtur
1541 751 1584 792 S.
1610 750 1692 804 Cy-

94 819 223 871 riHus,
245 821 315 876 qui
334 821 442 869 licet,
464 827 511 863 ut
530 836 606 877 par
627 827 731 871 erat,
753 836 804 863 ex
825 821 980 862 familia
1000 821 1287 863 Alexandrina
1310 827 1430 869 essct,
1456 826 1498 861 et
1524 819 1693 875 propius

94 888 268 930 fortasse
298 889 352 930 ad
383 889 469 930 XII
500 904 622 944 quam
658 889 712 930 ad
743 889 844 930 Cod.
878 889 1209 930 Alexandrinum
1241 894 1427 929 nostrum
1461 888 1690 937 accederet,

95 956 218 998 miras
248 963 387 999 tamen
418 958 615 1013 quasdam
647 958 943 1012 discrepantias
974 958 1161 999 haberet.
1231 957 1390 999 Codicis
1421 969 1477 1008 40
1510 957 1609 1009 (sive
1644 957 1691 1009 F)

93 1026 298 1075 lectiones,
340 1041 430 1068 cum
471 1041 682 1068 commune
728 1026 884 1081 aliquid
929 1026 1105 1068 fortasse
1146 1026 1329 1068 habeant
1371 1040 1462 1066 cum
1502 1024 1692 1080 plurimis

93 1101 324 1136 ceterorum
353 1096 534 1137 codicum
565 1095 634 1151 qui
663 1096 751 1136 XII
774 1096 837 1137 vel
862 1095 967 1136 XVI
997 1095 1302 1151 Prophetarum
1332 1094 1542 1136 volumina
1569 1109 1688 1150 prae-

92 1162 205 1212 bent,
227 1163 434 1205 interdum
462 1169 600 1204 tamen
629 1163 791 1205 omnino
816 1170 912 1205 sunt
939 1163 1193 1219 singulares3
1226 1169 1351 1218 atque
1377 1162 1419 1203 in
1445 1162 1690 1218 quibusdam

93 1246 145 1273 ex
173 1231 250 1282 his,
271 1237 447 1288 apparet
477 1232 517 1274 S.
542 1231 745 1287 Cyrillum
772 1232 831 1274 ita
857 1232 1016 1288 legisse.
1082 1232 1292 1282 Quasdam
1318 1231 1441 1273 etiam
1465 1231 1501 1272 F
1524 1237 1566 1272 et
1591 1231 1690 1272 Edi-

76 1299 224 1341 'tiones
251 1301 360 1342 sola-e
387 1307 680 1349 servaverunt3
718 1315 966 1356 quamquam
996 1301 1032 1341 B
1057 1300 1181 1342 etiam
1208 1299 1441 1355 hujusmodi
1467 1299 1693 1354 singularia

93 1369 274 1420 affectat,
295 1375 420 1425 atque
441 1369 700 1424 aliquatenus
720 1370 762 1410 A
782 1375 824 1411 et
845 1370 910 1412 D:
944 1369 990 1420 C,
1014 1375 1060 1411 ut
1082 1369 1241 1425 opinor,
1264 1383 1346 1410 non
1367 1369 1470 1410 haec
1490 1368 1631 1409 habet.

150 1437 263 1478 Dum
283 1437 418 1479 varias
439 1437 634 1479 lectiones
654 1437 695 1478 in
716 1443 836 1479 textu
858 1438 1164 1493 Prophetarum
1186 1436 1394 1478 Minorum
1417 1436 1512 1485 cito,
1527 1436 1692 1477 nomina

93 1505 216 1547 etiam
243 1506 484 1561 plerumque
512 1506 605 1547 dedi
628 1506 824 1547 Codicum
851 1506 1070 1548 MStorum
1092 1505 1289 1547 versionis
1311 1505 1446 1553 LXX,
1469 1505 1503 1546 si
1531 1504 1601 1560 qui
1629 1504 1692 1545 his

92 1575 360 1617 varietatibus
387 1575 674 1617 auctoritatem
702 1576 993 1631 praebuerant.
1057 1574 1187 1617 Codd.
1219 1575 1397 1616 unciales
1428 1573 1562 1625 (Alex.
1587 1574 1690 1625 XII)

93 1644 253 1700 plenius
272 1644 406 1692 citavi,
429 1644 610 1685 cursivos
631 1658 732 1699 quos
753 1650 913 1693 vocant,
935 1644 969 1685 si
997 1644 1115 1685 multi
1143 1650 1274 1692 erant,
1298 1643 1478 1685 brevius.
1540 1642 1691 1684 Codice

96 1713 290 1754 Sinaitico
312 1715 383 1765 (N)
404 1728 500 1754 usus
521 1728 609 1754 sum
630 1713 672 1754 in
694 1727 762 1754 eos
781 1713 907 1754 libros
932 1713 1002 1768 qui
1030 1712 1086 1754 ibi
1112 1712 1315 1762 existent3
1349 1727 1430 1753 non
1460 1711 1570 1766 quod
1598 1725 1690 1752 eum

93 1781 256 1837 penitus
296 1781 551 1830 contulerim,
588 1782 661 1823 sed
702 1796 842 1823 omnes
883 1782 935 1823 ab
971 1781 1151 1823 Auberti
1191 1786 1352 1823 textum
1394 1779 1692 1835 discrepantias

94 1849 341 1903 significavi:
378 1856 521 1891 contra
550 1849 593 1891 id
622 1849 761 1891 facere
791 1864 873 1891 non
905 1864 1067 1905 semper
1103 1849 1255 1898 curavi,
1288 1849 1415 1890 sicubi
1447 1863 1539 1890 cum
1571 1854 1691 1890 textu

95 1919 295 1961 Vaticano
317 1919 598 1967 concordaret,
621 1919 735 1975 cujus
755 1919 877 1960 fidem
898 1919 1082 1974 sequitur
1106 1919 1348 1975 plerumque
1368 1919 1596 1960 Aubertus.

152 1988 205 2029 In
224 1988 552 2044 interpunctione
572 1994 712 2030 textus
733 1988 852 2039 sacri,
873 1989 1045 2030 multum
1067 1988 1165 2029 mihi
1187 1988 1467 2044 suppeditavit
1487 1987 1628 2030 auxilii
1650 1987 1691 2028 in

95 2058 190 2099 Vet.
224 2058 334 2099 Test.
368 2057 666 2099 Tischendorfii
697 2057 874 2099 “Vetus
905 2058 1215 2099 Testamentum
1253 2055 1460 2106 Graece‚’'
1496 2056 1539 2096 in
1572 2056 1690 2096 Novo

95 2127 153 2167 H.
175 2126 367 2175 Alfordii,
389 2126 547 2168 Decani
575 2126 880 2175 Cantuarensis,
904 2126 1042 2168 editio.
1107 2125 1257 2168 Omnia
1282 2126 1384 2175 fere,
1405 2139 1511 2180 quac
1535 2124 1577 2165 in
1604 2124 1693 2165 aliis

98 2195 140 2236 S.
176 2195 321 2252 Cyrilli
360 2196 551 2252 operibus
591 2210 644 2237 ex
680 2196 834 2238 Vetere
876 2196 986 2237 Test.
1030 2195 1156 2237 citata
1194 2194 1481 2241 animadverti,
1524 2208 1573 2235 ea
1613 2209 1691 2249 ego

96 2280 270 2320 magnae
303 2271 345 2307 et
380 2264 583 2307 maximae
619 2279 742 2306 curae
774 2264 943 2306 editioni
978 2263 1178 2306 Holmesii
1215 2270 1257 2305 et
1291 2262 1486 2304 Parsonsi
1520 2269 1692 2319 accepta

96 2334 256 2375 refero:
288 2339 330 2375 et
350 2348 522 2389 perraro
544 2348 612 2375 eos
633 2333 835 2375 incuriose
856 2333 964 2374 locos
986 2333 1130 2375 citasse
1151 2331 1326 2373 invenio.

154 2403 327 2444 Praeter
349 2401 678 2458 diligentissimos
700 2401 847 2456 Heysii
867 2402 1043 2451 labores,
1064 2400 1144 2441 mei
1169 2400 1211 2441 in
1239 2400 1316 2441 hoc
1343 2414 1468 2455 opere
1496 2399 1690 2455 collegae,

97 2477 260 2527 oportet
279 2476 325 2512 ut
344 2470 478 2512 fateor
498 2470 702 2525 adjuvisse
726 2469 878 2525 Mignii
898 2469 1132 2517 editionem,
1157 2474 1198 2510 et
1221 2468 1263 2509 in
1288 2468 1620 2523 interpunctione
1650 2474 1693 2510 et

97 2539 139 2580 in
169 2539 428 2580 citationibus
461 2539 535 2581 SS.
561 2539 881 2595 Scripturarum.
945 2537 1112 2580 Gratias
1143 2536 1265 2578 etiam
1297 2536 1529 2578 doctissimo
1560 2537 1691 2578 Dres-

97 2607 195 2648 selio
226 2607 368 2655 debeo,
401 2606 470 2662 qui
500 2606 640 2662 aliqua,
669 2622 691 2648 e
723 2606 855 2647 Codd.
887 2604 1084 2647 Romanis
1115 2618 1140 2645 a
1169 2619 1234 2645 me
1265 2603 1394 2646 citata
1423 2605 1476 2646 ad
1508 2605 1690 2660 ipsorum

98 2675 295 2716 librorum
317 2674 437 2715 fidem
460 2675 722 2731 recognovit:
752 2675 878 2730 (quod
899 2673 1042 2715 fecisse
1062 2672 1206 2728 quanti
1227 2672 1292 2721 sit,
1309 2673 1483 2715 literatis
1505 2673 1692 2714 omnibus

98 2749 239 2786 notum
270 2743 359 2784 fore
389 2743 555 2796 credoz)
588 2743 739 2799 quique
769 2743 891 2785 etiam
923 2741 1115 2783 Codicem
1146 2756 1272 2797 supra
1301 2747 1570 2783 memoratum
1602 2741 1691 2783 Ha-

99 2812 225 2853 bacuc
258 2811 486 2867 prophetae
518 2810 804 2852 inveniendum
837 2809 1008 2858 curavit,
1040 2823 1161 2864 quem
1193 2808 1395 2866 Catalogo
1429 2809 1692 2865 inscripserat

99 2879 364 2922 Assemanius
386 2880 507 2931 (nunc
529 2886 591 2921 est
612 2879 717 2920 Bibl.
742 2878 847 2934 Reg.
869 2878 968 2919 Vat.
997 2879 1088 2932 18):
1121 2883 1207 2919 tum
1235 2877 1364 2919 amico
1394 2892 1484 2919 meo
1507 2878 1691 2919 Antonio

101 2948 304 2999 Cerianio,
338 2948 445 2989 Bibl.
477 2947 775 2989 Ambrosianae
807 2946 990 2995 Doctori‚
1025 2951 1050 2969 “
1070 2946 1436 2988 Monumentorum
1470 2946 1690 2988 Sacrorum

99 3024 141 3059 et
162 3016 461 3074 p1·ofanorum”
486 3016 634 3058 editori
656 3015 854 3072 diligenti,
873 3015 1090 3066 indefesso,
1107 3029 1152 3056 ac
1175 3014 1485 3062 liberalissimo;
1515 3014 1582 3070 qui
1605 3015 1690 3070 ipse
