2021 3434
144 219 182 244 x.
205 214 245 259 5,
268 205 305 245 6.
602 205 674 246 IN
716 206 950 247 OSEAM.
1010 205 1158 246 TOM.
1192 204 1243 243 V.
1632 201 1712 241 211

140 315 391 382 επικράνθη
429 316 547 368 κατὰ
590 317 643 368 τὸ
686 318 874 383 ἀληθές·
930 322 1029 372 πῶς
1071 316 1164 383 γὰρ
1210 315 1266 366 ἂν
1308 319 1446 365 τοῦτο
1485 311 1715 363 πέπονθεν

137 398 420 462 ἀναίσθητος
464 401 584 463 ὕλης
644 399 754 451 ἀλλ’
801 400 871 452 ὅτι
921 404 1014 451 τῶν
1065 395 1411 466 ἐγχειρημάτων
1454 395 1482 459 ἡ
1525 392 1716 457 δύναμις

134 480 435 546 παρώργισεν
469 480 527 531 ἂν
552 480 704 545 αὐτὸν,
732 482 857 548 ε’ίπερ
895 480 953 546 ἧν
986 481 1129 534 ὅντως
1155 478 1289 541 Θεὸς,
1317 480 1392 529 καὶ
1418 479 1465 528 ἐν
1491 474 1713 540 αἰσθήσει

135 568 217 613 τοῦ
244 567 408 613 παθεῖν
434 562 493 613 τὰ
517 565 870 628 συμβεβηκότα.
1732 554 1760 595 d

94 799 226 842 5⁰0n
268 801 507 855 μετῳκίσΘΗ
552 802 617 843 ἀπ’
662 802 804 852 αὐτοῦ,
844 802 911 842 καὶ
951 801 1078 842 αὐτὸν
1122 798 1182 840 eie
1217 797 1464 854 Ἀσσυρίους
1508 797 1756 839 {fisum-:w

204 885 448 933 dm'wesmv
488 887 601 928 ἓένια
639 888 700 940 τῷ
738 883 899 936 βασιλεῖ
926 884 1100 942 Ἰαρείμ·
1161 884 1204 925 ἐν
1242 883 1394 931 ὃόματι
1418 878 1611 938 Ἐφραῒμ
1648 881 1715 922 δέ-

206 976 333 1022 Εεται,
363 972 431 1013 καί
458 969 779 1026 αἰσχυνθήσεται
799 971 974 1027 Ἰσραὴλ
1000 971 1044 1011 ὲν
1070 973 1121 1027 τῇ
1150 972 1278 1027 βουλῌΛ
1308 968 1450 1009 αὐτοῦ.

1553 1099 1571 1119 ὸ

207 1102 406 1154 Ἑαυτὸν
453 1105 563 1168 ἡμῖν
614 1107 638 1155 ὁ
687 1103 976 1174 προφητικὸς
1025 1102 1258 1170 ἑρμηνεύει
1310 1100 1471 1168 λόγος.
1551 1125 1576 1152 ο
1622 1100 1716 1167 γὰρ

136 1184 308 1251 ε’ίρηκεν
359 1188 588 1253 ἀμυδρῶς,
640 1192 777 1238 τοῦτο
833 1191 1047 1254 πειρᾶται
1097 1190 1388 1251 διατρανοῦν.
1471 1183 1716 1255 μετῳκίσθη

73 1291 119 1315 10
137 1267 228 1335 γὰρ
266 1269 290 1318 ὁ
328 1268 510 1337 μόσχος
552 1270 644 1321 ἀπὶ
687 1276 770 1321 τοῦ
808 1268 1025 1336 Ἰσραὴλ,
1063 1271 1137 1319 καὶ
1177 1264 1385 1328 δήσαντες
1425 1266 1581 1317 αὐτόν’
1624 1289 1712 1334 χα-

136 1349 395 1417 ριεντίζεται
422 1351 470 1402 δὲ
505 1353 529 1402 ὁ
557 1350 714 1417 λόγος·
763 1350 1057 1414 ἀπεκόμισαν
1084 1348 1200 1420 ξένια
1231 1355 1290 1419 τῷ
1319 1351 1514 1409 βασιλεῖ
1535 1352 1716 1419 Ἰαρεὶμ,

138 1435 162 1484 ὅ
193 1435 335 1497 ἐστιν,
362 1436 537 1506 ἐκδίκῳ.
608 1438 816 1487 ἐκαλεῖτο
841 1435 934 1502 γὰρ
966 1438 1027 1488 εἷς
1062 1435 1340 1500 ἐπικουρίαν,
1367 1436 1442 1484 καὶ
1481 1435 1715 1488 οἱονείπως
1733 1457 1755 1483 e

137 1519 199 1569 εἷς
241 1515 294 1567 τὸ
338 1518 577 1582 ἐκδικῆσαι
625 1516 710 1582 τὴν
755 1517 1023 1584 Σαμάρειαν
1065 1516 1432 1583 ὁλοθρευομένην
1481 1515 1570 1567 ὑπὸ
1622 1520 1716 1567 τῶν

138 1601 315 1667 Σύρων.
390 1603 520 1654 ἀλλὰ
566 1600 739 1673 δέξεται
785 1602 867 1667 μὲν
912 1605 937 1654 ὁ
983 1602 1150 1654 Φούλα
1193 1604 1254 1655 ὡς
1298 1602 1335 1654 ἐν
1380 1599 1542 1670 θόματι
1587 1601 1716 1668 παρὰ

73 1700 117 1738 15
138 1689 218 1734 τοῦ
247 1684 448 1754 Ἐφραὶμ
480 1684 566 1750 τὴν
603 1686 824 1750 δάμαλιν.
891 1684 1097 1756 Ἐφραὶμ
1135 1683 1189 1735 δέ
1221 1690 1345 1753 φησι
1376 1682 1459 1735 τὸν
1497 1689 1579 1735 τοῦ
1609 1684 1713 1734 Ἰσ-

137 1764 262 1831 ραὴλ
304 1768 524 1827 βασιλέα.
593 1767 721 1832 πλὴν
766 1767 1104 1832 αἱσχυνθήσεταί
1153 1770 1305 1835 φησιν
1354 1772 1371 1818 ὁ
1417 1765 1597 1839 Ἰσραὴλ
1642 1767 1715 1817 ἐπὶ

139 1851 238 1903 ταῖς
276 1849 436 1900 ἑαυτοῦ
476 1854 684 1911 βουλαῖς.
752 1850 822 1902 ὅτι
861 1849 966 1917 γὰρ,
1005 1852 1067 1903 ὡς
1112 1849 1243 1918 ἔφην,
1289 1848 1472 1913 ἀπέστη
1510 1846 1595 1912 μὲν
1633 1854 1716 1900 τοῦ

137 1929 290 1981 πάντα
325 1932 570 1999 ἰσχύοντος
608 1936 745 1995 Θεοῦ,
782 1933 932 1983 εἵλετο
971 1931 1019 1983 δὲ
1057 1936 1246 1994 μᾶλλον
1286 1929 1522 1994 δαμάλεσι
1556 1954 1711 1998 προσ-

137 2016 297 2075 κυνεῖν,
323 2013 672 2078 καταγέλαστος
703 2013 773 2078 ἧν,
801 2017 875 2065 καὶ
916 2018 1218 2083 κατεφωρᾶτο
1252 2012 1414 2064 πεσὼν
1440 2017 1501 2067 εἷς
1526 2013 1715 2079 γραώδη
1734 2037 1756 2062 a
1785 2029 1862 2065 147
1883 2028 1933 2062 A.

69 2116 118 2140 20
136 2096 210 2144 καὶ
245 2095 438 2162 ψυχρὰν
483 2098 558 2147 καὶ
598 2096 823 2161 ἀνόνητον
865 2095 1220 2156 εἷκαιοβουλίαν.
1286 2095 1501 2160 ἀληθεύει
1540 2094 1596 2159 δὴ
1635 2096 1716 2147 οὖν

136 2177 161 2226 ὁ
199 2177 456 2245 προφήτης,
499 2183 688 2242 μᾶλλον
733 2177 781 2229 δὲ
825 2177 958 2240 Θεὸς,
1002 2182 1039 2228 εἰ
1084 2176 1214 2243 λέγοι
1258 2176 1334 2227 διὰ
1372 2180 1531 2245 φωνῆς
1571 2177 1717 2242 ἁγίων

135 2260 239 2324 περὶ
285 2264 378 2310 τῶν
427 2259 806 2326 λελατρευκότων
855 2265 950 2314 τοῖς
1002 2260 1153 2325 ἔργοις
1202 2263 1296 2310 τῶν
1339 2263 1507 2326 χειρῶν
1549 2260 1715 2323 αὐτῶν,

137 2346 164 2369 “
181 2339 327 2392 Ἴδετε
360 2341 429 2392 ὅτι
462 2343 643 2396 σποδὸς
676 2343 704 2407 ἡ
737 2343 902 2408 καρδία
938 2343 1090 2392 αὐτῶν
1122 2344 1196 2392 καὶ
1228 2342 1546 2392 πλανῶνται.”
1776 2352 1830 2428 ἓξ
1844 2353 1922 2385 xliv.

210 2422 461 2489 Ἀρμόσειε
488 2424 524 2475 δ’
553 2423 610 2475 ἂν
636 2425 661 2474 ὁ
687 2424 832 2490 λόγος
860 2426 934 2475 καὶ
959 2429 1054 2478 τοῖς
1080 2422 1138 2474 τὰ
1166 2422 1282 2489 ὀρθὰ
1314 2425 1396 2486 τῆς
1422 2421 1714 2487 Ἐκκλησίας
1820 2422 1826 2429 ’

70 2525 116 2564 25
136 2505 433 2571 παραλύουσι
461 2506 688 2571 δόγματα.
756 2505 918 2572 ὥσπερ
957 2505 1048 2572 γὰρ
1084 2507 1112 2570 ἡ
1139 2504 1338 2569 δάμαλις
1368 2505 1711 2572 συντριβομένη

135 2591 230 2640 τοῖς
255 2593 337 2638 τοῦ
359 2587 561 2654 Ἰσραὴλ
587 2587 789 2656 ἤλεγξεν
815 2588 1174 2649 εἰκαιοβουλίαν,
1204 2587 1324 2637 οὕτω
1348 2587 1422 2637 καὶ
1448 2586 1507 2637 τὰ
1530 2588 1710 2639 ἐκείνων
1729 2598 1755 2639 b

135 2668 347 2734 δόγματα
390 2674 490 2722 ταῖς
532 2668 732 2734 ε’ρεύναις
775 2668 1134 2735 συντριβόμενα,
1180 2671 1255 2718 καὶ
1295 2672 1352 2736 τῇ
1397 2667 1583 2733 δυνάμει
1627 2673 1710 2735 τῆς

135 2751 353 2814 ἀληθείας
393 2751 821 2816 συντεθραυσμένα,
863 2749 979 2815 πρὸς
1026 2749 1253 2817 αἰσχύνης
1295 2750 1481 2801 ἔσονται
1519 2754 1593 2803 καὶ
1631 2755 1703 2804 ἐν·

183 2901 216 2935 3.
243 2890 312 2936 καὶ]
330 2896 366 2932 -4-
383 2893 401 2925 ὁ
420 2892 466 2926 Ι).
640 2902 673 2937 5.
698 2891 905 2940 μετῳκίσθη]
927 2893 1114 2939 κατῳκίσθη
1134 2893 1170 2927 F.
1190 2893 1295 2938 (Co.)
1368 2943 1386 2965 λ
1459 2894 1492 2928 8.
1518 2898 1645 2931 Ταυτὸν
1662 2897 1710 2932 D.

139 2980 191 3013 13.
219 2970 482 3014 ὠλοθρευμένοις
499 2971 587 3016 (Sic)
607 2972 652 3005 D.
884 2984 936 3015 14.
964 2971 1095 3018 Φούλα]
1117 2972 1174 3007 Sic
1192 2974 1295 3009 edidi.
1316 2973 1384 3009 Φού
1403 2976 1449 3010 D.
1469 2976 1600 3013 Φούλας
1619 2977 1710 3012 Edd.

140 3016 194 3051 26.
213 3018 282 3053 τοῖς
301 3018 345 3052 D.
365 3019 423 3062 τὴν
441 3018 531 3053 Edd.
581 3019 802 3065 εἷκαιολογίαν
818 3019 879 3054 iid.
977 3020 1030 3054 28.
1051 3020 1321 3067 συντεθραμμένα
1339 3022 1385 3056 D.
1434 3023 1598 3069 αἰσχύνην
1616 3024 1662 3059 D.

861 3087 973 3115 ΕΘΖ
