<?xml version="1.0" encoding="UTF-8"?>
<!DOCTYPE html PUBLIC "-//W3C//DTD XHTML 1.0 Transitional//EN"
    "http://www.w3.org/TR/xhtml1/DTD/xhtml1-transitional.dtd">
<html xmlns="http://www.w3.org/1999/xhtml" xml:lang="en" lang="en">
 <head>
  <title>
</title>
<meta http-equiv="Content-Type" content="text/html;charset=utf-8" />
  <meta name='ocr-system' content='tesseract 3.04.00' />
  <meta name='ocr-capabilities' content='ocr_page ocr_carea ocr_par ocr_line ocrx_word'/>
</head>
<body>
  <div class='ocr_page' id='page_1' title='image "./operacyrilli01cyriuoft/operacyrilli01cyriuoft_0627.png"; bbox 0 0 2021 3434; ppageno 0'>
   <div class='ocr_carea' id='block_1_1' title="bbox 141 197 1714 261">
    <p class='ocr_par' dir='ltr' id='par_1_1' title="bbox 141 197 1714 261">
     <span class='ocr_line' id='line_1_1' title="bbox 141 197 1714 261; baseline 0.015 -24"><span class='ocrx_word' id='word_1_1' title='bbox 141 197 180 239; x_wconf 85' lang='lat' dir='ltr'>ii.</span> <span class='ocrx_word' id='word_1_2' title='bbox 213 211 244 240; x_wconf 82' lang='grc' dir='ltr'>ι.</span> <span class='ocrx_word' id='word_1_3' title='bbox 753 208 826 248; x_wconf 91' lang='grc' dir='ltr'>ΙΝ</span> <span class='ocrx_word' id='word_1_4' title='bbox 868 210 1105 253; x_wconf 86' lang='grc' dir='ltr'><strong>ΙΟΝΑΜ.</strong></span> <span class='ocrx_word' id='word_1_5' title='bbox 1632 222 1714 261; x_wconf 86' lang='grc'>577</span> 
     </span>
    </p>
   </div>
   <div class='ocr_carea' id='block_1_2' title="bbox 203 319 1756 452">
    <p class='ocr_par' dir='ltr' id='par_1_2' title="bbox 203 319 1756 452">
     <span class='ocr_line' id='line_1_2' title="bbox 205 319 1756 398; baseline 0.015 -37"><span class='ocrx_word' id='word_1_6' title='bbox 205 319 255 363; x_wconf 65' lang='grc' dir='ltr'>ἦν</span> <span class='ocrx_word' id='word_1_7' title='bbox 287 323 441 365; x_wconf 72' lang='grc' dir='ltr'>Ἰωνᾶς</span> <span class='ocrx_word' id='word_1_8' title='bbox 481 327 525 367; x_wconf 84' lang='grc' dir='ltr'>ὲν</span> <span class='ocrx_word' id='word_1_9' title='bbox 569 334 618 387; x_wconf 60' lang='grc' dir='ltr'>τῇ</span> <span class='ocrx_word' id='word_1_10' title='bbox 665 333 802 391; x_wconf 79' lang='grc' dir='ltr'>κοιλίᾳ</span> <span class='ocrx_word' id='word_1_11' title='bbox 836 340 908 375; x_wconf 85' lang='grc' dir='ltr'>τοῦ</span> <span class='ocrx_word' id='word_1_12' title='bbox 955 338 1106 378; x_wconf 62' lang='grc' dir='ltr'>κύτους</span> <span class='ocrx_word' id='word_1_13' title='bbox 1144 336 1255 395; x_wconf 76' lang='grc' dir='ltr'>τρεῖς</span> <span class='ocrx_word' id='word_1_14' title='bbox 1295 341 1454 397; x_wconf 61' lang='grc' dir='ltr'>ἡμέρας</span> <span class='ocrx_word' id='word_1_15' title='bbox 1494 342 1562 382; x_wconf 72' lang='grc' dir='ltr'>καὶ</span> <span class='ocrx_word' id='word_1_16' title='bbox 1599 340 1756 398; x_wconf 70' lang='grc' dir='ltr'>τρεῖοῑ)</span> 
     </span>
     <span class='ocr_line' id='line_1_3' title="bbox 203 406 367 452; baseline 0.024 -8"><span class='ocrx_word' id='word_1_17' title='bbox 203 406 367 452; x_wconf 75' lang='grc' dir='ltr'>νύκτας,</span> 
     </span>
    </p>
   </div>
   <div class='ocr_carea' id='block_1_3' title="bbox 90 534 1746 1112">
    <p class='ocr_par' dir='ltr' id='par_1_3' title="bbox 126 534 1746 1112">
     <span class='ocr_line' id='line_1_4' title="bbox 207 534 1711 617; baseline 0.014 -36"><span class='ocrx_word' id='word_1_18' title='bbox 207 534 481 600; x_wconf 76' lang='grc' dir='ltr'>Προστοίττει</span> <span class='ocrx_word' id='word_1_19' title='bbox 515 542 581 606; x_wconf 75' lang='grc' dir='ltr'>τῷ</span> <span class='ocrx_word' id='word_1_20' title='bbox 623 541 738 600; x_wconf 76' lang='grc' dir='ltr'>κήτει</span> <span class='ocrx_word' id='word_1_21' title='bbox 780 543 805 592; x_wconf 85' lang='grc' dir='ltr'>ὁ</span> <span class='ocrx_word' id='word_1_22' title='bbox 845 543 966 598; x_wconf 89' lang='grc' dir='ltr'>Θεὸς</span> <span class='ocrx_word' id='word_1_23' title='bbox 1003 547 1051 596; x_wconf 90' lang='grc' dir='ltr'>ἐν</span> <span class='ocrx_word' id='word_1_24' title='bbox 1089 550 1154 616; x_wconf 77' lang='grc' dir='ltr'>τῷ</span> <span class='ocrx_word' id='word_1_25' title='bbox 1192 553 1486 600; x_wconf 85' lang='grc' dir='ltr'>κατανεῦσαι·</span> <span class='ocrx_word' id='word_1_26' title='bbox 1525 548 1579 601; x_wconf 86' lang='grc' dir='ltr'>τὸ</span> <span class='ocrx_word' id='word_1_27' title='bbox 1618 549 1711 617; x_wconf 81' lang='grc' dir='ltr'>γὰρ</span> 
     </span>
     <span class='ocr_line' id='line_1_5' title="bbox 131 614 1712 698; baseline 0.015 -35"><span class='ocrx_word' id='word_1_28' title='bbox 131 614 360 680; x_wconf 82' lang='grc' dir='ltr'>ἐθελῆσαί</span> <span class='ocrx_word' id='word_1_29' title='bbox 389 642 434 670; x_wconf 88' lang='grc' dir='ltr'>τι</span> <span class='ocrx_word' id='word_1_30' title='bbox 470 621 588 687; x_wconf 83' lang='grc' dir='ltr'>πρὸς</span> <span class='ocrx_word' id='word_1_31' title='bbox 625 625 768 690; x_wconf 78' lang='grc' dir='ltr'>πέρας</span> <span class='ocrx_word' id='word_1_32' title='bbox 808 628 973 691; x_wconf 80' lang='grc' dir='ltr'>ἐλθεῖν,</span> <span class='ocrx_word' id='word_1_33' title='bbox 1011 637 1148 682; x_wconf 90' lang='grc' dir='ltr'>τοῦτο</span> <span class='ocrx_word' id='word_1_34' title='bbox 1193 635 1267 683; x_wconf 85' lang='grc' dir='ltr'>καὶ</span> <span class='ocrx_word' id='word_1_35' title='bbox 1306 633 1446 696; x_wconf 89' lang='grc' dir='ltr'>νόμος</span> <span class='ocrx_word' id='word_1_36' title='bbox 1484 636 1599 698; x_wconf 80' lang='grc' dir='ltr'>ἐστὶ,</span> <span class='ocrx_word' id='word_1_37' title='bbox 1636 638 1712 687; x_wconf 81' lang='grc' dir='ltr'>καὶ</span> 
     </span>
     <span class='ocr_line' id='line_1_6' title="bbox 90 695 1711 785; baseline 0.015 -39.582"><span class='ocrx_word' id='word_1_38' title='bbox 90 695 391 763; x_wconf 86' lang='grc' dir='ltr'>5πλήρωσις,</span> <span class='ocrx_word' id='word_1_39' title='bbox 432 704 507 753; x_wconf 82' lang='grc' dir='ltr'>καὶ</span> <span class='ocrx_word' id='word_1_40' title='bbox 559 704 702 768; x_wconf 90' lang='grc' dir='ltr'>νόμου</span> <span class='ocrx_word' id='word_1_41' title='bbox 745 708 940 773; x_wconf 85' lang='grc' dir='ltr'>δύναμιν</span> <span class='ocrx_word' id='word_1_42' title='bbox 978 712 1085 779; x_wconf 78' lang='grc' dir='ltr'>ἔχει.</span> <span class='ocrx_word' id='word_1_43' title='bbox 1159 715 1213 764; x_wconf 81' lang='grc' dir='ltr'>οὐ</span> <span class='ocrx_word' id='word_1_44' title='bbox 1254 715 1347 781; x_wconf 79' lang='grc' dir='ltr'>γάρ</span> <span class='ocrx_word' id='word_1_45' title='bbox 1399 739 1492 767; x_wconf 89' lang='grc' dir='ltr'>που</span> <span class='ocrx_word' id='word_1_46' title='bbox 1542 717 1711 785; x_wconf 88' lang='grc' dir='ltr'>φαμεν,</span> 
     </span>
     <span class='ocr_line' id='line_1_7' title="bbox 129 782 1710 896; baseline 0.015 -66"><span class='ocrx_word' id='word_1_47' title='bbox 129 782 341 849; x_wconf 85' lang='grc' dir='ltr'>καθάπερ</span> <span class='ocrx_word' id='word_1_48' title='bbox 379 786 538 847; x_wconf 81' lang='grc' dir='ltr'>ἀμέλει</span> <span class='ocrx_word' id='word_1_49' title='bbox 572 793 646 840; x_wconf 85' lang='grc' dir='ltr'>καὶ</span> <span class='ocrx_word' id='word_1_50' title='bbox 685 791 793 854; x_wconf 82' lang='grc' dir='ltr'>ἡμῖν</span> <span class='ocrx_word' id='word_1_51' title='bbox 823 796 990 859; x_wconf 83' lang='grc' dir='ltr'>αὐτοῖς,</span> <span class='ocrx_word' id='word_1_52' title='bbox 1017 796 1162 863; x_wconf 72' lang='grc' dir='ltr'>ἤγουν</span> <span class='ocrx_word' id='word_1_53' title='bbox 1197 800 1345 896; x_wconf 83' lang='grc' dir='ltr'>ἁγίοις</span> <span class='ocrx_word' id='word_1_54' title='bbox 1372 801 1612 866; x_wconf 80' lang='grc' dir='ltr'>ἀγγέλοις,</span> <span class='ocrx_word' id='word_1_55' title='bbox 1639 804 1710 854; x_wconf 83' lang='grc' dir='ltr'>ε’ν-</span> 
     </span>
     <span class='ocr_line' id='line_1_8' title="bbox 128 862 1712 949; baseline 0.016 -37"><span class='ocrx_word' id='word_1_56' title='bbox 128 862 350 916; x_wconf 87' lang='grc' dir='ltr'>τεταλθαι</span> <span class='ocrx_word' id='word_1_57' title='bbox 384 870 450 937; x_wconf 70' lang='grc' dir='ltr'>τῷ</span> <span class='ocrx_word' id='word_1_58' title='bbox 491 894 604 930; x_wconf 63' lang='lat' dir='ltr'>nmen</span> <span class='ocrx_word' id='word_1_59' title='bbox 638 871 721 923; x_wconf 86' lang='grc' dir='ltr'>τὸν</span> <span class='ocrx_word' id='word_1_60' title='bbox 758 879 853 926; x_wconf 80' lang='grc' dir='ltr'>τῶν</span> <span class='ocrx_word' id='word_1_61' title='bbox 890 876 1017 928; x_wconf 86' lang='grc' dir='ltr'>όλων</span> <span class='ocrx_word' id='word_1_62' title='bbox 1053 879 1188 942; x_wconf 86' lang='grc' dir='ltr'>Θεὸν,</span> <span class='ocrx_word' id='word_1_63' title='bbox 1224 882 1479 949; x_wconf 83' lang='grc' dir='ltr'>ἐνηχοῦντά</span> <span class='ocrx_word' id='word_1_64' title='bbox 1512 906 1611 936; x_wconf 90' lang='grc' dir='ltr'>πως</span> <span class='ocrx_word' id='word_1_65' title='bbox 1651 887 1712 938; x_wconf 83' lang='grc' dir='ltr'>εἷς</span> 
     </span>
     <span class='ocr_line' id='line_1_9' title="bbox 127 947 1709 1027; baseline 0.013 -32"><span class='ocrx_word' id='word_1_66' title='bbox 127 951 236 996; x_wconf 88' lang='grc' dir='ltr'>νοῦν</span> <span class='ocrx_word' id='word_1_67' title='bbox 276 947 330 998; x_wconf 87' lang='grc' dir='ltr'>τὸ</span> <span class='ocrx_word' id='word_1_68' title='bbox 371 972 615 1015; x_wconf 90' lang='grc' dir='ltr'>πρακτεον,</span> <span class='ocrx_word' id='word_1_69' title='bbox 658 977 733 1006; x_wconf 88' lang='grc' dir='ltr'>και</span> <span class='ocrx_word' id='word_1_70' title='bbox 775 959 982 1022; x_wconf 88' lang='grc' dir='ltr'>καρδίαις</span> <span class='ocrx_word' id='word_1_71' title='bbox 1023 961 1197 1012; x_wconf 86' lang='grc' dir='ltr'>ἐνιεντα</span> <span class='ocrx_word' id='word_1_72' title='bbox 1234 962 1320 1027; x_wconf 85' lang='grc' dir='ltr'>τὴν</span> <span class='ocrx_word' id='word_1_73' title='bbox 1356 962 1421 1014; x_wconf 78' lang='grc' dir='ltr'>ὧν</span> <span class='ocrx_word' id='word_1_74' title='bbox 1460 963 1517 1015; x_wconf 76' lang='grc' dir='ltr'>ἂν</span> <span class='ocrx_word' id='word_1_75' title='bbox 1555 966 1709 1016; x_wconf 81' lang='grc' dir='ltr'>ἕλοιτο</span> 
     </span>
     <span class='ocr_line' id='line_1_10' title="bbox 126 1032 1746 1112; baseline 0.015 -35"><span class='ocrx_word' id='word_1_76' title='bbox 126 1032 322 1092; x_wconf 81' lang='grc' dir='ltr'>γνῶσιν.</span> <span class='ocrx_word' id='word_1_77' title='bbox 387 1033 543 1097; x_wconf 77' lang='grc' dir='ltr'>εὔηθες</span> <span class='ocrx_word' id='word_1_78' title='bbox 578 1034 670 1102; x_wconf 79' lang='grc' dir='ltr'>γὰρ</span> <span class='ocrx_word' id='word_1_79' title='bbox 703 1042 869 1107; x_wconf 84' lang='grc' dir='ltr'>κομιδῇ</span> <span class='ocrx_word' id='word_1_80' title='bbox 909 1063 982 1091; x_wconf 94' lang='grc' dir='ltr'>και</span> <span class='ocrx_word' id='word_1_81' title='bbox 1019 1043 1320 1112; x_wconf 75' lang='grc' dir='ltr'>ἀποπληξίας</span> <span class='ocrx_word' id='word_1_82' title='bbox 1352 1046 1406 1095; x_wconf 81' lang='grc' dir='ltr'>οὐ</span> <span class='ocrx_word' id='word_1_83' title='bbox 1433 1069 1620 1112; x_wconf 89' lang='grc' dir='ltr'>μακραν</span> <span class='ocrx_word' id='word_1_84' title='bbox 1651 1047 1705 1099; x_wconf 84' lang='grc' dir='ltr'>τὸ</span> <span class='ocrx_word' id='word_1_85' title='bbox 1725 1077 1746 1103; x_wconf 86' lang='lat' dir='ltr'>c</span> 
     </span>
    </p>
   </div>
   <div class='ocr_carea' id='block_1_4' title="bbox 61 1112 1706 1194">
    <p class='ocr_par' dir='ltr' id='par_1_4' title="bbox 61 1112 1706 1194">
     <span class='ocr_line' id='line_1_11' title="bbox 61 1112 1706 1194; baseline 0.015 -37"><span class='ocrx_word' id='word_1_86' title='bbox 61 1130 108 1156; x_wconf 92' lang='lat'>10</span> <span class='ocrx_word' id='word_1_87' title='bbox 126 1131 198 1160; x_wconf 93' lang='grc' dir='ltr'>και</span> <span class='ocrx_word' id='word_1_88' title='bbox 233 1112 491 1169; x_wconf 80' lang='grc' dir='ltr'>κνωδάλοις</span> <span class='ocrx_word' id='word_1_89' title='bbox 528 1116 743 1181; x_wconf 81' lang='grc' dir='ltr'>ἡγεῖσθαι</span> <span class='ocrx_word' id='word_1_90' title='bbox 781 1120 900 1171; x_wconf 79' lang='grc' dir='ltr'>κατὰ</span> <span class='ocrx_word' id='word_1_91' title='bbox 937 1121 1113 1175; x_wconf 87' lang='grc' dir='ltr'>τοιόνδε</span> <span class='ocrx_word' id='word_1_92' title='bbox 1150 1125 1254 1176; x_wconf 82' lang='grc' dir='ltr'>τινὰ</span> <span class='ocrx_word' id='word_1_93' title='bbox 1291 1127 1467 1194; x_wconf 85' lang='grc' dir='ltr'>τρόπον</span> <span class='ocrx_word' id='word_1_94' title='bbox 1499 1129 1581 1180; x_wconf 89' lang='grc' dir='ltr'>τὸν</span> <span class='ocrx_word' id='word_1_95' title='bbox 1613 1134 1706 1180; x_wconf 83' lang='grc' dir='ltr'>τῶν</span> 
     </span>
    </p>
   </div>
   <div class='ocr_carea' id='block_1_5' title="bbox 124 1189 1702 1293">
    <p class='ocr_par' dir='ltr' id='par_1_5' title="bbox 124 1189 1702 1293">
     <span class='ocr_line' id='line_1_12' title="bbox 124 1189 1702 1293; baseline 0.015 -53"><span class='ocrx_word' id='word_1_96' title='bbox 124 1189 249 1242; x_wconf 80' lang='grc' dir='ltr'>ὅλων</span> <span class='ocrx_word' id='word_1_97' title='bbox 263 1196 641 1293; x_wconf 86' lang='grc' dir='ltr'>προσφερεσθαι</span> <span class='ocrx_word' id='word_1_98' title='bbox 668 1200 805 1264; x_wconf 87' lang='grc' dir='ltr'>Θεὸν,</span> <span class='ocrx_word' id='word_1_99' title='bbox 845 1205 954 1255; x_wconf 89' lang='grc' dir='ltr'>ἀλλ</span> <span class='ocrx_word' id='word_1_100' title='bbox 982 1209 1019 1256; x_wconf 82' lang='grc' dir='ltr'>εἰ</span> <span class='ocrx_word' id='word_1_101' title='bbox 1054 1206 1110 1271; x_wconf 87' lang='grc' dir='ltr'>δή</span> <span class='ocrx_word' id='word_1_102' title='bbox 1150 1230 1193 1258; x_wconf 91' lang='grc' dir='ltr'>τι</span> <span class='ocrx_word' id='word_1_103' title='bbox 1232 1209 1419 1275; x_wconf 79' lang='grc' dir='ltr'>λέγοιτο</span> <span class='ocrx_word' id='word_1_104' title='bbox 1457 1212 1702 1277; x_wconf 81' lang='grc' dir='ltr'>προστάτ-</span> 
     </span>
    </p>
   </div>
   <div class='ocr_carea' id='block_1_6' title="bbox 122 1273 1705 1438">
    <p class='ocr_par' dir='ltr' id='par_1_6' title="bbox 122 1273 1705 1438">
     <span class='ocr_line' id='line_1_13' title="bbox 122 1273 1705 1360; baseline 0.014 -38"><span class='ocrx_word' id='word_1_105' title='bbox 122 1294 216 1323; x_wconf 91' lang='grc' dir='ltr'>τειν</span> <span class='ocrx_word' id='word_1_106' title='bbox 260 1273 383 1330; x_wconf 90' lang='grc' dir='ltr'>ολως</span> <span class='ocrx_word' id='word_1_107' title='bbox 427 1278 454 1343; x_wconf 81' lang='grc' dir='ltr'>ἢ</span> <span class='ocrx_word' id='word_1_108' title='bbox 497 1279 626 1349; x_wconf 74' lang='grc' dir='ltr'>ζῴοις</span> <span class='ocrx_word' id='word_1_109' title='bbox 668 1282 862 1350; x_wconf 79' lang='grc' dir='ltr'>ἀλόγοις</span> <span class='ocrx_word' id='word_1_110' title='bbox 901 1286 1045 1352; x_wconf 84' lang='grc' dir='ltr'>ἠγουν</span> <span class='ocrx_word' id='word_1_111' title='bbox 1086 1294 1181 1343; x_wconf 84' lang='grc' dir='ltr'>τοῖς</span> <span class='ocrx_word' id='word_1_112' title='bbox 1225 1313 1474 1359; x_wconf 84' lang='grc' dir='ltr'>στοιχειοις</span> <span class='ocrx_word' id='word_1_113' title='bbox 1510 1292 1539 1358; x_wconf 77' lang='grc' dir='ltr'>ἦ</span> <span class='ocrx_word' id='word_1_114' title='bbox 1579 1294 1705 1360; x_wconf 79' lang='grc' dir='ltr'>με’ρει</span> 
     </span>
     <span class='ocr_line' id='line_1_14' title="bbox 122 1358 1701 1438; baseline 0.015 -34"><span class='ocrx_word' id='word_1_115' title='bbox 122 1376 331 1416; x_wconf 86' lang='grc' dir='ltr'>κτισεως,</span> <span class='ocrx_word' id='word_1_116' title='bbox 361 1358 504 1423; x_wconf 91' lang='grc' dir='ltr'>νόμον</span> <span class='ocrx_word' id='word_1_117' title='bbox 528 1360 645 1415; x_wconf 87' lang='grc' dir='ltr'>εἷναί</span> <span class='ocrx_word' id='word_1_118' title='bbox 676 1369 832 1433; x_wconf 89' lang='grc' dir='ltr'>φαμεν</span> <span class='ocrx_word' id='word_1_119' title='bbox 867 1391 941 1419; x_wconf 91' lang='grc' dir='ltr'>και</span> <span class='ocrx_word' id='word_1_120' title='bbox 972 1369 1263 1438; x_wconf 86' lang='grc' dir='ltr'>πρόσταγμα</span> <span class='ocrx_word' id='word_1_121' title='bbox 1293 1373 1347 1424; x_wconf 86' lang='grc' dir='ltr'>τὸ</span> <span class='ocrx_word' id='word_1_122' title='bbox 1373 1375 1498 1425; x_wconf 79' lang='grc' dir='ltr'>αὐτῶ</span> <span class='ocrx_word' id='word_1_123' title='bbox 1523 1378 1701 1429; x_wconf 87' lang='grc' dir='ltr'>δοκοῦν.</span> 
     </span>
    </p>
   </div>
   <div class='ocr_carea' id='block_1_7' title="bbox 120 1449 1702 1522">
    <p class='ocr_par' dir='ltr' id='par_1_7' title="bbox 120 1449 1702 1522">
     <span class='ocr_line' id='line_1_15' title="bbox 120 1449 1702 1522; baseline 0.015 -35"><span class='ocrx_word' id='word_1_124' title='bbox 120 1459 275 1489; x_wconf 67' lang='lat' dir='ltr'><em>wavra</em></span> <span class='ocrx_word' id='word_1_125' title='bbox 298 1463 392 1508; x_wconf 76' lang='grc' dir='ltr'>γαρ</span> <span class='ocrx_word' id='word_1_126' title='bbox 425 1467 530 1495; x_wconf 70' lang='lat' dir='ltr'>emet</span> <span class='ocrx_word' id='word_1_127' title='bbox 563 1451 659 1500; x_wconf 67' lang='grc' dir='ltr'>Τοῖς</span> <span class='ocrx_word' id='word_1_128' title='bbox 693 1449 834 1500; x_wconf 79' lang='grc' dir='ltr'><em>αυΤΟῦ</em></span> <span class='ocrx_word' id='word_1_129' title='bbox 858 1474 1070 1515; x_wconf 70' lang='grc' dir='ltr'>νευμασί,</span> <span class='ocrx_word' id='word_1_130' title='bbox 1097 1477 1171 1504; x_wconf 79' lang='grc' dir='ltr'>Καί</span> <span class='ocrx_word' id='word_1_131' title='bbox 1197 1455 1459 1522; x_wconf 65' lang='grc' dir='ltr'>ἀπόῤῥητθς</span> <span class='ocrx_word' id='word_1_132' title='bbox 1483 1480 1568 1520; x_wconf 74' lang='grc' dir='ltr'>μεν</span> <span class='ocrx_word' id='word_1_133' title='bbox 1594 1458 1702 1522; x_wconf 74' lang='grc' dir='ltr'>ἡμίν</span> 
     </span>
    </p>
   </div>
   <div class='ocr_carea' id='block_1_8' title="bbox 57 1525 1702 1602">
    <p class='ocr_par' dir='ltr' id='par_1_8' title="bbox 57 1525 1702 1602">
     <span class='ocr_line' id='line_1_16' title="bbox 57 1525 1702 1602; baseline 0.017 -35"><span class='ocrx_word' id='word_1_134' title='bbox 57 1540 102 1579; x_wconf 89' lang='lat'>15</span> <span class='ocrx_word' id='word_1_135' title='bbox 120 1527 362 1578; x_wconf 70' lang='grc' dir='ltr'>παντελῶς</span> <span class='ocrx_word' id='word_1_136' title='bbox 405 1525 429 1575; x_wconf 81' lang='grc' dir='ltr'>ὁ</span> <span class='ocrx_word' id='word_1_137' title='bbox 474 1529 557 1591; x_wconf 67' lang='grc' dir='ltr'>Τῆς·</span> <span class='ocrx_word' id='word_1_138' title='bbox 606 1530 811 1594; x_wconf 71' lang='grc' dir='ltr'>υπαΚΟῆς</span> <span class='ocrx_word' id='word_1_139' title='bbox 861 1533 1046 1598; x_wconf 69' lang='grc' dir='ltr'>ΤρόΊΤΟς,</span> <span class='ocrx_word' id='word_1_140' title='bbox 1091 1537 1384 1602; x_wconf 69' lang='grc' dir='ltr'>ἐγνωσμενθς</span> <span class='ocrx_word' id='word_1_141' title='bbox 1427 1539 1475 1590; x_wconf 78' lang='grc' dir='ltr'>δε</span> <span class='ocrx_word' id='word_1_142' title='bbox 1515 1563 1702 1596; x_wconf 65' lang='grc' dir='ltr'>παντως</span> 
     </span>
    </p>
   </div>
   <div class='ocr_carea' id='block_1_9' title="bbox 117 1609 1744 1935">
    <p class='ocr_par' dir='ltr' id='par_1_9' title="bbox 119 1609 1699 1686">
     <span class='ocr_line' id='line_1_17' title="bbox 119 1609 1699 1686; baseline 0.015 -35"><span class='ocrx_word' id='word_1_143' title='bbox 119 1624 259 1672; x_wconf 89' lang='grc' dir='ltr'>αυτω.</span> <span class='ocrx_word' id='word_1_144' title='bbox 326 1609 626 1661; x_wconf 87' lang='grc' dir='ltr'>καταπίνεται</span> <span class='ocrx_word' id='word_1_145' title='bbox 651 1614 806 1664; x_wconf 82' lang='grc' dir='ltr'>τοίνυν</span> <span class='ocrx_word' id='word_1_146' title='bbox 841 1615 929 1666; x_wconf 84' lang='grc' dir='ltr'>ὑπὸ</span> <span class='ocrx_word' id='word_1_147' title='bbox 964 1622 1047 1668; x_wconf 90' lang='grc' dir='ltr'>τοῦ</span> <span class='ocrx_word' id='word_1_148' title='bbox 1080 1642 1236 1677; x_wconf 80' lang='grc' dir='ltr'>κητους</span> <span class='ocrx_word' id='word_1_149' title='bbox 1262 1620 1531 1684; x_wconf 75' lang='grc' dir='ltr'>ἠδικημένος</span> <span class='ocrx_word' id='word_1_150' title='bbox 1555 1624 1699 1686; x_wconf 83' lang='grc' dir='ltr'>οὐδεν,</span> 
     </span>
    </p>

    <p class='ocr_par' dir='ltr' id='par_1_10' title="bbox 118 1683 1744 1851">
     <span class='ocr_line' id='line_1_18' title="bbox 118 1683 1744 1767; baseline 0.019 -34"><span class='ocrx_word' id='word_1_151' title='bbox 118 1685 193 1734; x_wconf 85' lang='grc' dir='ltr'>καὶ</span> <span class='ocrx_word' id='word_1_152' title='bbox 217 1683 317 1749; x_wconf 75' lang='grc' dir='ltr'>ἦν</span> <span class='ocrx_word' id='word_1_153' title='bbox 300 1711 338 1738; x_wconf 82' lang='grc' dir='ltr'>εν</span> <span class='ocrx_word' id='word_1_154' title='bbox 364 1690 489 1759; x_wconf 73' lang='grc' dir='ltr'>αὐτῷ</span> <span class='ocrx_word' id='word_1_155' title='bbox 513 1716 667 1760; x_wconf 75' lang='grc' dir='ltr'>τρεις</span> <span class='ocrx_word' id='word_1_156' title='bbox 647 1696 808 1764; x_wconf 71' lang='grc' dir='ltr'>ἡμερας</span> <span class='ocrx_word' id='word_1_157' title='bbox 838 1721 916 1748; x_wconf 75' lang='grc' dir='ltr'>και</span> <span class='ocrx_word' id='word_1_158' title='bbox 943 1702 1051 1767; x_wconf 70' lang='grc' dir='ltr'>τρεῖς</span> <span class='ocrx_word' id='word_1_159' title='bbox 1078 1701 1252 1756; x_wconf 74' lang='grc' dir='ltr'>νύκτας.</span> <span class='ocrx_word' id='word_1_160' title='bbox 1717 1724 1744 1764; x_wconf 89' lang='lat' dir='ltr'>d</span> 
     </span>
     <span class='ocr_line' id='line_1_19' title="bbox 193 1767 1698 1851; baseline 0.017 -34"><span class='ocrx_word' id='word_1_161' title='bbox 193 1767 387 1837; x_wconf 75' lang='grc' dir='ltr'>Δόξειε</span> <span class='ocrx_word' id='word_1_162' title='bbox 397 1773 442 1821; x_wconf 84' lang='grc' dir='ltr'>δ’</span> <span class='ocrx_word' id='word_1_163' title='bbox 478 1770 535 1823; x_wconf 80' lang='grc' dir='ltr'>ἂν</span> <span class='ocrx_word' id='word_1_164' title='bbox 576 1774 691 1829; x_wconf 82' lang='grc' dir='ltr'>ἰ’σως</span> <span class='ocrx_word' id='word_1_165' title='bbox 733 1777 787 1828; x_wconf 87' lang='grc' dir='ltr'>τὸ</span> <span class='ocrx_word' id='word_1_166' title='bbox 830 1780 991 1846; x_wconf 75' lang='grc' dir='ltr'>χρῆμά</span> <span class='ocrx_word' id='word_1_167' title='bbox 1029 1804 1155 1833; x_wconf 88' lang='grc' dir='ltr'>τισιν</span> <span class='ocrx_word' id='word_1_168' title='bbox 1193 1783 1397 1838; x_wconf 74' lang='grc' dir='ltr'>ἀκαλλὲς</span> <span class='ocrx_word' id='word_1_169' title='bbox 1435 1782 1552 1836; x_wconf 85' lang='grc' dir='ltr'>εἶναι’</span> <span class='ocrx_word' id='word_1_170' title='bbox 1584 1810 1698 1851; x_wconf 89' lang='grc' dir='ltr'>πως,</span> 
     </span>
    </p>

    <p class='ocr_par' dir='ltr' id='par_1_11' title="bbox 117 1850 1697 1935">
     <span class='ocr_line' id='line_1_20' title="bbox 117 1850 1697 1935; baseline 0.015 -37"><span class='ocrx_word' id='word_1_171' title='bbox 117 1850 192 1898; x_wconf 82' lang='grc' dir='ltr'>καὶ</span> <span class='ocrx_word' id='word_1_172' title='bbox 229 1873 349 1918; x_wconf 87' lang='grc' dir='ltr'>περα</span> <span class='ocrx_word' id='word_1_173' title='bbox 387 1854 535 1920; x_wconf 87' lang='grc' dir='ltr'>λόγου</span> <span class='ocrx_word' id='word_1_174' title='bbox 569 1863 650 1908; x_wconf 91' lang='grc' dir='ltr'>τοῦ</span> <span class='ocrx_word' id='word_1_175' title='bbox 687 1882 962 1926; x_wconf 84' lang='grc' dir='ltr'>πρεποντος.</span> <span class='ocrx_word' id='word_1_176' title='bbox 1029 1864 1355 1929; x_wconf 82' lang='grc' dir='ltr'>ἀπιστήσουσι</span> <span class='ocrx_word' id='word_1_177' title='bbox 1385 1889 1476 1932; x_wconf 90' lang='grc' dir='ltr'>γαρ</span> <span class='ocrx_word' id='word_1_178' title='bbox 1504 1891 1577 1919; x_wconf 93' lang='grc' dir='ltr'>και</span> <span class='ocrx_word' id='word_1_179' title='bbox 1604 1870 1697 1935; x_wconf 87' lang='grc' dir='ltr'>πρό</span> 
     </span>
    </p>
   </div>
   <div class='ocr_carea' id='block_1_10' title="bbox 50 1935 1696 2014">
    <p class='ocr_par' dir='ltr' id='par_1_12' title="bbox 50 1935 1696 2014">
     <span class='ocr_line' id='line_1_21' title="bbox 50 1935 1696 2014; baseline 0.013 -34"><span class='ocrx_word' id='word_1_180' title='bbox 50 1951 98 1976; x_wconf 93' lang='lat'>20</span> <span class='ocrx_word' id='word_1_181' title='bbox 117 1953 171 1995; x_wconf 89' lang='grc' dir='ltr'>γε</span> <span class='ocrx_word' id='word_1_182' title='bbox 205 1937 299 1984; x_wconf 85' lang='grc' dir='ltr'>τῶν</span> <span class='ocrx_word' id='word_1_183' title='bbox 333 1935 498 1987; x_wconf 88' lang='grc' dir='ltr'>ἀλλων</span> <span class='ocrx_word' id='word_1_184' title='bbox 536 1942 577 1989; x_wconf 84' lang='grc' dir='ltr'>οἱ</span> <span class='ocrx_word' id='word_1_185' title='bbox 616 1939 697 1991; x_wconf 88' lang='grc' dir='ltr'>τὸν</span> <span class='ocrx_word' id='word_1_186' title='bbox 735 1942 877 2010; x_wconf 83' lang='grc' dir='ltr'>φύσει</span> <span class='ocrx_word' id='word_1_187' title='bbox 912 1946 986 1995; x_wconf 83' lang='grc' dir='ltr'>καὶ</span> <span class='ocrx_word' id='word_1_188' title='bbox 1022 1948 1210 2010; x_wconf 83' lang='grc' dir='ltr'>ἀληθῶς</span> <span class='ocrx_word' id='word_1_189' title='bbox 1246 1950 1328 1999; x_wconf 83' lang='grc' dir='ltr'>οῦκ</span> <span class='ocrx_word' id='word_1_190' title='bbox 1360 1949 1528 2004; x_wconf 79' lang='grc' dir='ltr'>εἰδότες</span> <span class='ocrx_word' id='word_1_191' title='bbox 1560 1950 1696 2014; x_wconf 85' lang='grc' dir='ltr'>Θεὸν,</span> 
     </span>
    </p>
   </div>
   <div class='ocr_carea' id='block_1_11' title="bbox 112 2016 1695 2345">
    <p class='ocr_par' dir='ltr' id='par_1_13' title="bbox 112 2016 1695 2345">
     <span class='ocr_line' id='line_1_22' title="bbox 113 2016 1695 2097; baseline 0.015 -34"><span class='ocrx_word' id='word_1_192' title='bbox 113 2016 438 2079; x_wconf 84' lang='grc' dir='ltr'>προσκείμενοι</span> <span class='ocrx_word' id='word_1_193' title='bbox 465 2018 513 2070; x_wconf 77' lang='grc' dir='ltr'>δὲ</span> <span class='ocrx_word' id='word_1_194' title='bbox 539 2026 638 2075; x_wconf 79' lang='grc' dir='ltr'>ταῖς</span> <span class='ocrx_word' id='word_1_195' title='bbox 669 2028 763 2073; x_wconf 83' lang='grc' dir='ltr'>τῶν</span> <span class='ocrx_word' id='word_1_196' title='bbox 789 2025 1022 2090; x_wconf 88' lang='grc' dir='ltr'>δαιμόνων</span> <span class='ocrx_word' id='word_1_197' title='bbox 1045 2028 1260 2083; x_wconf 81' lang='grc' dir='ltr'>ἀπάταις.</span> <span class='ocrx_word' id='word_1_198' title='bbox 1319 2033 1475 2097; x_wconf 83' lang='grc' dir='ltr'>ἐροῦσι</span> <span class='ocrx_word' id='word_1_199' title='bbox 1506 2032 1561 2082; x_wconf 89' lang='grc' dir='ltr'>δε</span> <span class='ocrx_word' id='word_1_200' title='bbox 1581 2036 1695 2088; x_wconf 81' lang='grc' dir='ltr'>Πῶς</span> 
     </span>
     <span class='ocr_line' id='line_1_23' title="bbox 114 2093 1694 2181; baseline 0.013 -36"><span class='ocrx_word' id='word_1_201' title='bbox 114 2093 171 2146; x_wconf 81' lang='grc' dir='ltr'>ἂν</span> <span class='ocrx_word' id='word_1_202' title='bbox 203 2098 405 2164; x_wconf 85' lang='grc' dir='ltr'>διεσώθη</span> <span class='ocrx_word' id='word_1_203' title='bbox 440 2102 646 2166; x_wconf 83' lang='grc' dir='ltr'>γεγονὼς</span> <span class='ocrx_word' id='word_1_204' title='bbox 681 2106 728 2155; x_wconf 88' lang='grc' dir='ltr'>ἐν</span> <span class='ocrx_word' id='word_1_205' title='bbox 762 2105 916 2170; x_wconf 85' lang='grc' dir='ltr'>κήτει;</span> <span class='ocrx_word' id='word_1_206' title='bbox 958 2113 1058 2163; x_wconf 84' lang='grc' dir='ltr'>πῶς</span> <span class='ocrx_word' id='word_1_207' title='bbox 1084 2110 1131 2161; x_wconf 79' lang='grc' dir='ltr'>δὲ</span> <span class='ocrx_word' id='word_1_208' title='bbox 1157 2112 1238 2162; x_wconf 82' lang='grc' dir='ltr'>οὐκ</span> <span class='ocrx_word' id='word_1_209' title='bbox 1265 2110 1323 2163; x_wconf 75' lang='grc' dir='ltr'>ἂν</span> <span class='ocrx_word' id='word_1_210' title='bbox 1345 2113 1528 2181; x_wconf 80' lang='grc' dir='ltr'>ἐφθάρη</span> <span class='ocrx_word' id='word_1_211' title='bbox 1553 2136 1694 2165; x_wconf 90' lang='grc' dir='ltr'>κατα-</span> 
     </span>
     <span class='ocr_line' id='line_1_24' title="bbox 113 2177 1693 2262; baseline 0.013 -35"><span class='ocrx_word' id='word_1_212' title='bbox 113 2177 390 2242; x_wconf 88' lang='grc' dir='ltr'>πινόμενος·</span> <span class='ocrx_word' id='word_1_213' title='bbox 380 2222 391 2243; x_wconf 87' lang='grc'>,</span> <span class='ocrx_word' id='word_1_214' title='bbox 434 2181 463 2247; x_wconf 86' lang='grc' dir='ltr'>ὴ</span> <span class='ocrx_word' id='word_1_215' title='bbox 489 2188 588 2238; x_wconf 79' lang='grc' dir='ltr'>πῶς</span> <span class='ocrx_word' id='word_1_216' title='bbox 615 2186 840 2255; x_wconf 76' lang='grc' dir='ltr'>ἠνέσχετο</span> <span class='ocrx_word' id='word_1_217' title='bbox 863 2192 945 2253; x_wconf 81' lang='grc' dir='ltr'>τῆς</span> <span class='ocrx_word' id='word_1_218' title='bbox 971 2191 1173 2259; x_wconf 83' lang='grc' dir='ltr'>ἐκφύτου</span> <span class='ocrx_word' id='word_1_219' title='bbox 1200 2193 1511 2260; x_wconf 83' lang='grc' dir='ltr'>θερμότητος·</span> <span class='ocrx_word' id='word_1_220' title='bbox 1501 2236 1512 2257; x_wconf 86' lang='grc'>,</span> <span class='ocrx_word' id='word_1_221' title='bbox 1557 2196 1693 2262; x_wconf 86' lang='grc' dir='ltr'>ὑγρό-</span> 
     </span>
     <span class='ocr_line' id='line_1_25' title="bbox 112 2261 1693 2345; baseline 0.013 -36"><span class='ocrx_word' id='word_1_222' title='bbox 112 2281 216 2324; x_wconf 90' lang='grc' dir='ltr'>τητι</span> <span class='ocrx_word' id='word_1_223' title='bbox 257 2261 306 2313; x_wconf 79' lang='grc' dir='ltr'>δὲ</span> <span class='ocrx_word' id='word_1_224' title='bbox 344 2268 402 2331; x_wconf 86' lang='grc' dir='ltr'>τῇ</span> <span class='ocrx_word' id='word_1_225' title='bbox 441 2267 650 2334; x_wconf 84' lang='grc' dir='ltr'>τοσαύτῃ</span> <span class='ocrx_word' id='word_1_226' title='bbox 684 2270 1029 2338; x_wconf 84' lang='grc' dir='ltr'>περιεχόμενος,</span> <span class='ocrx_word' id='word_1_227' title='bbox 1071 2279 1128 2343; x_wconf 84' lang='grc' dir='ltr'>τῇ</span> <span class='ocrx_word' id='word_1_228' title='bbox 1167 2276 1214 2326; x_wconf 88' lang='grc' dir='ltr'>ἐν</span> <span class='ocrx_word' id='word_1_229' title='bbox 1254 2277 1388 2340; x_wconf 80' lang='grc' dir='ltr'>νηδύι</span> <span class='ocrx_word' id='word_1_230' title='bbox 1422 2280 1557 2345; x_wconf 90' lang='grc' dir='ltr'>φημι,</span> <span class='ocrx_word' id='word_1_231' title='bbox 1592 2283 1693 2332; x_wconf 81' lang='grc' dir='ltr'>πῶς</span> 
     </span>
    </p>
   </div>
   <div class='ocr_carea' id='block_1_12' title="bbox 46 2342 1691 2426">
    <p class='ocr_par' dir='ltr' id='par_1_14' title="bbox 46 2342 1691 2426">
     <span class='ocr_line' id='line_1_26' title="bbox 46 2342 1691 2426; baseline 0.014 -37"><span class='ocrx_word' id='word_1_232' title='bbox 46 2362 93 2399; x_wconf 91' lang='lat'>25</span> <span class='ocrx_word' id='word_1_233' title='bbox 113 2342 282 2407; x_wconf 84' lang='grc' dir='ltr'>διεβίω,</span> <span class='ocrx_word' id='word_1_234' title='bbox 324 2350 514 2407; x_wconf 86' lang='grc' dir='ltr'>μᾶλλον</span> <span class='ocrx_word' id='word_1_235' title='bbox 558 2348 606 2400; x_wconf 88' lang='grc' dir='ltr'>δε</span> <span class='ocrx_word' id='word_1_236' title='bbox 649 2356 750 2406; x_wconf 82' lang='grc' dir='ltr'>πῶς</span> <span class='ocrx_word' id='word_1_237' title='bbox 790 2354 873 2404; x_wconf 82' lang='grc' dir='ltr'>οὐκ</span> <span class='ocrx_word' id='word_1_238' title='bbox 917 2356 965 2405; x_wconf 85' lang='grc' dir='ltr'>ἐν</span> <span class='ocrx_word' id='word_1_239' title='bbox 1014 2355 1105 2406; x_wconf 84' lang='grc' dir='ltr'>ι’σω</span> <span class='ocrx_word' id='word_1_240' title='bbox 1157 2361 1337 2426; x_wconf 84' lang='grc' dir='ltr'>τροφῆς</span> <span class='ocrx_word' id='word_1_241' title='bbox 1380 2359 1691 2424; x_wconf 82' lang='grc' dir='ltr'>δεδαπάνηται</span> 
     </span>
    </p>
   </div>
   <div class='ocr_carea' id='block_1_13' title="bbox 110 2424 1728 2591">
    <p class='ocr_par' dir='ltr' id='par_1_15' title="bbox 110 2424 1728 2591">
     <span class='ocr_line' id='line_1_27' title="bbox 111 2424 1728 2532; baseline 0.013 -59"><span class='ocrx_word' id='word_1_242' title='bbox 111 2424 460 2493; x_wconf 80' lang='grc' dir='ltr'>καθεψόμενος;</span> <span class='ocrx_word' id='word_1_243' title='bbox 502 2431 696 2486; x_wconf 89' lang='grc' dir='ltr'>ἀσθενες</span> <span class='ocrx_word' id='word_1_244' title='bbox 739 2433 830 2532; x_wconf 78' lang='grc' dir='ltr'>γὰρ</span> <span class='ocrx_word' id='word_1_245' title='bbox 871 2440 1037 2504; x_wconf 84' lang='grc' dir='ltr'>κομιδῇ</span> <span class='ocrx_word' id='word_1_246' title='bbox 1075 2460 1149 2489; x_wconf 92' lang='grc' dir='ltr'>και</span> <span class='ocrx_word' id='word_1_247' title='bbox 1192 2438 1318 2490; x_wconf 93' lang='grc' dir='ltr'>πολυ</span> <span class='ocrx_word' id='word_1_248' title='bbox 1360 2442 1469 2491; x_wconf 87' lang='grc' dir='ltr'>λιαν</span> <span class='ocrx_word' id='word_1_249' title='bbox 1506 2441 1728 2505; x_wconf 66' lang='grc' dir='ltr'>ἕτοιμονθ</span> 
     </span>
     <span class='ocr_line' id='line_1_28' title="bbox 110 2509 1685 2591; baseline 0.013 -36"><span class='ocrx_word' id='word_1_250' title='bbox 110 2509 172 2560; x_wconf 78' lang='grc' dir='ltr'>εἰς</span> <span class='ocrx_word' id='word_1_251' title='bbox 197 2509 501 2578; x_wconf 80' lang='grc' dir='ltr'>καταφθορὰν</span> <span class='ocrx_word' id='word_1_252' title='bbox 525 2511 579 2563; x_wconf 88' lang='grc' dir='ltr'>τὸ</span> <span class='ocrx_word' id='word_1_253' title='bbox 605 2517 815 2580; x_wconf 88' lang='grc' dir='ltr'>σαρκίον.</span> <span class='ocrx_word' id='word_1_254' title='bbox 872 2518 1027 2585; x_wconf 79' lang='grc' dir='ltr'>φαμὲν</span> <span class='ocrx_word' id='word_1_255' title='bbox 1053 2519 1147 2582; x_wconf 77' lang='grc' dir='ltr'>οὖν,</span> <span class='ocrx_word' id='word_1_256' title='bbox 1175 2519 1245 2571; x_wconf 81' lang='grc' dir='ltr'>ὅτι</span> <span class='ocrx_word' id='word_1_257' title='bbox 1271 2520 1541 2591; x_wconf 77' lang='grc' dir='ltr'>παράδοξον</span> <span class='ocrx_word' id='word_1_258' title='bbox 1567 2526 1685 2589; x_wconf 90' lang='grc' dir='ltr'>ἀλη-</span> 
     </span>
    </p>
   </div>
   <div class='ocr_carea' id='block_1_14' title="bbox 109 2591 1689 2750">
    <p class='ocr_par' dir='ltr' id='par_1_16' title="bbox 109 2591 1689 2750">
     <span class='ocr_line' id='line_1_29' title="bbox 111 2591 1689 2663; baseline 0.012 -25"><span class='ocrx_word' id='word_1_259' title='bbox 111 2591 215 2652; x_wconf 82' lang='grc' dir='ltr'>θῶς,</span> <span class='ocrx_word' id='word_1_260' title='bbox 243 2592 319 2641; x_wconf 85' lang='grc' dir='ltr'>καὶ</span> <span class='ocrx_word' id='word_1_261' title='bbox 348 2591 496 2658; x_wconf 90' lang='grc' dir='ltr'>λόγου</span> <span class='ocrx_word' id='word_1_262' title='bbox 531 2597 605 2645; x_wconf 78' lang='grc' dir='ltr'>καὶ</span> <span class='ocrx_word' id='word_1_263' title='bbox 640 2599 886 2660; x_wconf 86' lang='grc' dir='ltr'>συνηθείας</span> <span class='ocrx_word' id='word_1_264' title='bbox 920 2600 1139 2663; x_wconf 78' lang='grc' dir='ltr'>ἐπέκεινα,</span> <span class='ocrx_word' id='word_1_265' title='bbox 1168 2604 1301 2653; x_wconf 86' lang='grc' dir='ltr'>νοοῖτ’</span> <span class='ocrx_word' id='word_1_266' title='bbox 1331 2603 1387 2654; x_wconf 81' lang='grc' dir='ltr'>ἂν</span> <span class='ocrx_word' id='word_1_267' title='bbox 1419 2604 1604 2659; x_wconf 77' lang='grc' dir='ltr'>εἰκότως</span> <span class='ocrx_word' id='word_1_268' title='bbox 1634 2607 1689 2658; x_wconf 88' lang='grc' dir='ltr'>τὸ</span> 
     </span>
     <span class='ocr_line' id='line_1_30' title="bbox 109 2671 1688 2750; baseline 0.013 -31"><span class='ocrx_word' id='word_1_269' title='bbox 109 2671 427 2737; x_wconf 81' lang='grc' dir='ltr'>συμβεβηκός.</span> <span class='ocrx_word' id='word_1_270' title='bbox 494 2677 603 2726; x_wconf 85' lang='grc' dir='ltr'>ἀλλ’</span> <span class='ocrx_word' id='word_1_271' title='bbox 641 2682 678 2727; x_wconf 84' lang='grc' dir='ltr'>εἷ</span> <span class='ocrx_word' id='word_1_272' title='bbox 717 2678 836 2733; x_wconf 88' lang='grc' dir='ltr'>Θεὸς</span> <span class='ocrx_word' id='word_1_273' title='bbox 870 2679 1056 2746; x_wconf 76' lang='grc' dir='ltr'>λέγοιτο</span> <span class='ocrx_word' id='word_1_274' title='bbox 1101 2689 1372 2750; x_wconf 89' lang='grc' dir='ltr'>κατορθοῦν,</span> <span class='ocrx_word' id='word_1_275' title='bbox 1412 2687 1480 2740; x_wconf 88' lang='grc' dir='ltr'>τίς</span> <span class='ocrx_word' id='word_1_276' title='bbox 1518 2688 1543 2737; x_wconf 83' lang='grc' dir='ltr'><em>ὁ</em></span> <span class='ocrx_word' id='word_1_277' title='bbox 1581 2689 1688 2739; x_wconf 88' lang='grc' dir='ltr'>ἀπι-</span> 
     </span>
    </p>
   </div>
   <div class='ocr_carea' id='block_1_15' title="bbox 109 2860 1684 3116">
    <p class='ocr_par' dir='ltr' id='par_1_17' title="bbox 109 2860 1684 3063">
     <span class='ocr_line' id='line_1_31' title="bbox 155 2860 1684 2923; baseline 0.013 -30"><span class='ocrx_word' id='word_1_278' title='bbox 155 2868 188 2902; x_wconf 89' lang='grc'>5.</span> <span class='ocrx_word' id='word_1_279' title='bbox 213 2860 390 2919; x_wconf 43' lang='grc' dir='ltr'>πλήρωσις</span> <span class='ocrx_word' id='word_1_280' title='bbox 407 2877 460 2897; x_wconf 89' lang='grc' dir='ltr'>και</span> <span class='ocrx_word' id='word_1_281' title='bbox 477 2879 504 2898; x_wconf 90' lang='grc' dir='ltr'>ν.</span> <span class='ocrx_word' id='word_1_282' title='bbox 523 2865 583 2898; x_wconf 87' lang='lat'>3.&#39;</span> <span class='ocrx_word' id='word_1_283' title='bbox 572 2867 611 2911; x_wconf 76' lang='grc' dir='ltr'>ἐχ</span> <span class='ocrx_word' id='word_1_284' title='bbox 614 2881 642 2900; x_wconf 85' lang='grc' dir='ltr'>ει</span> <span class='ocrx_word' id='word_1_285' title='bbox 661 2867 706 2901; x_wconf 94' lang='lat' dir='ltr'>D.</span> <span class='ocrx_word' id='word_1_286' title='bbox 727 2867 818 2902; x_wconf 88' lang='lat' dir='ltr'>Edd.</span> <span class='ocrx_word' id='word_1_287' title='bbox 838 2871 1026 2914; x_wconf 81' lang='grc' dir='ltr'>πρόσταξις</span> <span class='ocrx_word' id='word_1_288' title='bbox 1044 2871 1086 2906; x_wconf 93' lang='grc' dir='ltr'>Β.</span> <span class='ocrx_word' id='word_1_289' title='bbox 1284 2874 1317 2908; x_wconf 91' lang='grc'>8.</span> <span class='ocrx_word' id='word_1_290' title='bbox 1344 2875 1397 2908; x_wconf 83' lang='grc' dir='ltr'>καὶ</span> <span class='ocrx_word' id='word_1_291' title='bbox 1415 2876 1506 2920; x_wconf 83' lang='grc' dir='ltr'>καρδ.</span> <span class='ocrx_word' id='word_1_292' title='bbox 1500 2881 1684 2923; x_wconf 79' lang='grc' dir='ltr'>.-γνῶσιν</span> 
     </span>
     <span class='ocr_line' id='line_1_32' title="bbox 109 2907 1682 2965; baseline 0.012 -25"><span class='ocrx_word' id='word_1_293' title='bbox 109 2916 177 2940; x_wconf 89' lang='lat' dir='ltr'>om.</span> <span class='ocrx_word' id='word_1_294' title='bbox 198 2907 240 2941; x_wconf 89' lang='lat' dir='ltr'>B.</span> <span class='ocrx_word' id='word_1_295' title='bbox 293 2909 418 2944; x_wconf 84' lang='grc' dir='ltr'>ε’νιεντα</span> <span class='ocrx_word' id='word_1_296' title='bbox 437 2911 483 2945; x_wconf 89' lang='lat' dir='ltr'>D.</span> <span class='ocrx_word' id='word_1_297' title='bbox 502 2911 629 2946; x_wconf 80' lang='grc' dir='ltr'>ε’νιόντα</span> <span class='ocrx_word' id='word_1_298' title='bbox 646 2913 738 2948; x_wconf 87' lang='lat' dir='ltr'>Edd.</span> <span class='ocrx_word' id='word_1_299' title='bbox 858 2928 959 2961; x_wconf 87' lang='lat'>9—11.</span> <span class='ocrx_word' id='word_1_300' title='bbox 985 2919 1024 2952; x_wconf 91' lang='grc' dir='ltr'>τὸ</span> <span class='ocrx_word' id='word_1_301' title='bbox 1040 2921 1191 2953; x_wconf 85' lang='grc' dir='ltr'>τοιοῦτον</span> <span class='ocrx_word' id='word_1_302' title='bbox 1208 2932 1270 2965; x_wconf 88' lang='lat' dir='ltr'>pro</span> <span class='ocrx_word' id='word_1_303' title='bbox 1288 2922 1340 2955; x_wconf 84' lang='grc' dir='ltr'>καὶ</span> <span class='ocrx_word' id='word_1_304' title='bbox 1357 2923 1470 2956; x_wconf 84' lang='grc' dir='ltr'>ἀποπλ</span> <span class='ocrx_word' id='word_1_305' title='bbox 1478 2927 1622 2959; x_wconf 82' lang='grc' dir='ltr'>.-Θεὸν</span> <span class='ocrx_word' id='word_1_306' title='bbox 1639 2926 1682 2961; x_wconf 90' lang='grc' dir='ltr'>Β.</span> 
     </span>
     <span class='ocr_line' id='line_1_33' title="bbox 110 2952 1681 3010; baseline 0.013 -24"><span class='ocrx_word' id='word_1_307' title='bbox 110 2952 219 2987; x_wconf 81' lang='lat' dir='ltr'>invito</span> <span class='ocrx_word' id='word_1_308' title='bbox 238 2954 284 2988; x_wconf 93' lang='lat' dir='ltr'>D.</span> <span class='ocrx_word' id='word_1_309' title='bbox 446 2969 498 2993; x_wconf 87' lang='lat'>11.</span> <span class='ocrx_word' id='word_1_310' title='bbox 525 2958 680 3004; x_wconf 82' lang='grc' dir='ltr'>λέγοιντο</span> <span class='ocrx_word' id='word_1_311' title='bbox 697 2961 787 2995; x_wconf 86' lang='lat' dir='ltr'>Edd.</span> <span class='ocrx_word' id='word_1_312' title='bbox 949 2974 1002 3009; x_wconf 85' lang='lat'>13.</span> <span class='ocrx_word' id='word_1_313' title='bbox 1027 2967 1116 3010; x_wconf 88' lang='grc' dir='ltr'>φημι</span> <span class='ocrx_word' id='word_1_314' title='bbox 1134 2966 1192 3000; x_wconf 87' lang='lat' dir='ltr'>iid.</span> <span class='ocrx_word' id='word_1_315' title='bbox 1384 2970 1436 3003; x_wconf 81' lang='lat'>18.</span> <span class='ocrx_word' id='word_1_316' title='bbox 1461 2984 1532 3006; x_wconf 84' lang='grc' dir='ltr'>πως</span> <span class='ocrx_word' id='word_1_317' title='bbox 1549 2983 1618 3006; x_wconf 89' lang='lat' dir='ltr'>om.</span> <span class='ocrx_word' id='word_1_318' title='bbox 1637 2973 1681 3009; x_wconf 93' lang='grc' dir='ltr'>Β.</span> 
     </span>
     <span class='ocr_line' id='line_1_34' title="bbox 113 3000 1622 3063; baseline 0.014 -31"><span class='ocrx_word' id='word_1_319' title='bbox 113 3009 165 3044; x_wconf 90' lang='lat'>19.</span> <span class='ocrx_word' id='word_1_320' title='bbox 191 3000 376 3037; x_wconf 83' lang='grc' dir='ltr'>ἀπιστοῦσι</span> <span class='ocrx_word' id='word_1_321' title='bbox 392 3003 452 3038; x_wconf 81' lang='lat' dir='ltr'>iid.</span> <span class='ocrx_word' id='word_1_322' title='bbox 597 3017 650 3051; x_wconf 82' lang='lat'>²3·</span> <span class='ocrx_word' id='word_1_323' title='bbox 677 3007 824 3053; x_wconf 80' lang='grc' dir='ltr'>εκφύτου</span> <span class='ocrx_word' id='word_1_324' title='bbox 842 3009 933 3044; x_wconf 86' lang='lat' dir='ltr'>Edd.</span> <span class='ocrx_word' id='word_1_325' title='bbox 953 3010 1158 3057; x_wconf 84' lang='lat' dir='ltr'>Legendum</span> <span class='ocrx_word' id='word_1_326' title='bbox 1177 3013 1328 3060; x_wconf 78' lang='grc' dir='ltr'>ἐμφύτου</span> <span class='ocrx_word' id='word_1_327' title='bbox 1346 3022 1385 3050; x_wconf 83' lang='lat' dir='ltr'>ut</span> <span class='ocrx_word' id='word_1_328' title='bbox 1402 3016 1491 3051; x_wconf 76' lang='lat' dir='ltr'>infra</span> <span class='ocrx_word' id='word_1_329' title='bbox 1508 3018 1575 3063; x_wconf 85' lang='lat'>376</span> <span class='ocrx_word' id='word_1_330' title='bbox 1592 3031 1622 3054; x_wconf 87' lang='lat' dir='ltr'>a.</span> 
     </span>
    </p>

    <p class='ocr_par' dir='ltr' id='par_1_18' title="bbox 167 3067 943 3116">
     <span class='ocr_line' id='line_1_35' title="bbox 167 3067 943 3116; baseline 0.014 -22"><span class='ocrx_word' id='word_1_331' title='bbox 167 3067 192 3094; x_wconf 98' lang='grc' dir='ltr'>Υ</span> <span class='ocrx_word' id='word_1_332' title='bbox 195 3068 312 3097; x_wconf 81' lang='lat' dir='ltr'>OL.1.</span> <span class='ocrx_word' id='word_1_333' title='bbox 871 3079 899 3116; x_wconf 90' lang='lat'>4</span> <span class='ocrx_word' id='word_1_334' title='bbox 918 3078 943 3105; x_wconf 84' lang='lat' dir='ltr'><strong>E</strong></span> 
     </span>
    </p>
   </div>
  </div>
 </body>
</html>
