2021 3434
309 175 394 214 394
698 176 746 216 B.
791 174 1068 215 CYRILLI
1107 173 1488 214 ALEXANDR.
1760 172 1787 212 i.
1813 184 1878 214 12.

307 284 525 336 Ἰωάννου
567 285 741 353 φωνὴν,
780 293 806 315 “
828 288 902 336 καὶ
941 287 966 336 ὁ
1005 286 1154 347 μένων
1198 286 1246 335 ἐν
1285 289 1342 353 τῇ
1377 283 1551 352 ἀγάπῃ,
1586 286 1633 335 ἐν
1669 287 1736 354 τῷ
1774 287 1882 353 Θεῷ

309 374 336 395 “
361 367 528 430 μένει.”
592 368 756 418 οὐκοῦν
788 369 812 419 ὁ
858 366 1043 433 ἀγάπης
1086 366 1193 435 δίχα
1233 367 1396 434 διαζῆν
1434 365 1673 434 ᾑρημένος,
1711 367 1792 416 οὐκ
1832 367 1882 416 ἐν

309 452 375 516 τῷ
407 452 527 517 Θεῷ
564 446 738 510 πόθεν;
779 451 887 501 ἀλλ’
923 449 1014 518 ἔξω
1048 450 1248 500 κείσεται
1286 453 1475 514 μᾶλλον
1501 451 1582 512 τῆς
1614 447 1732 514 πρὸς
1759 446 1882 499 Θεὸν

309 529 598 595 οἰκειότητος.

244 790 287 813 12
313 779 386 821 Καὶ
417 781 464 822 τὸ
501 782 672 838 ὅρμι-ιμα
710 782 837 823 αὐτοῦ
871 781 1081 838 ἐφύλαξεν
1119 779 1178 822 εἰε
1219 778 1343 822 νῖκος·
1389 781 1457 822 καὶ
1492 779 1770 823 ἐξαποστελῶ
1805 782 1925 837 πῦρ5

375 861 434 904 εἰς
461 863 638 915 Θαιμὰν,
667 865 734 905 καὶ
768 867 1056 920 καταφάΓεται
1084 866 1255 914 Θεμέλια
1282 865 1455 920 τειχέων
1483 863 1623 905 αὐτῆς.

382 995 556 1060 Τρίτον
597 993 653 1058 δὴ
691 1000 828 1045 τοῦτο
871 999 964 1045 τῶν
1001 995 1058 1063 ἐξ
1091 996 1255 1045 ζΗσαῦ
1295 993 1640 1058 πλημμέλημα.
1705 992 1751 1044 τὶ
1791 991 1884 1059 γὰρ

309 1078 486 1145 {ppt-alum
535 1079 678 1140 αὐτοῦ,
730 1075 782 1128 τὸ
831 1076 948 1143 πρὸς
997 1076 1169 1144 ἔχθραν
1217 1074 1433 1140 δηλονότι
1483 1077 1558 1126 καὶ
1602 1073 1885 1139 ἀνοσιότητα

308 1157 532 1226 χαλεπὸν,
574 1160 792 1229 ἐφύλαξεν
844 1165 902 1214 εἷς
949 1162 1075 1217 νῖκος,
1116 1159 1357 1210 τουτέστιν
1399 1162 1461 1212 εἷς
1510 1157 1760 1222 ἐκνίκησιν,
1809 1160 1884 1208 καὶ

272 1264 293 1290 e
310 1243 445 1310 μέχρι
481 1243 668 1297 παντός.
732 1243 958 1312 κατέληξε
996 1242 1088 1309 γὰρ
1126 1244 1335 1307 οὐδαμῶς
1373 1247 1467 1293 τῶν
1501 1243 1706 1293 ἀνοσίων
1736 1243 1884 1309 ἐγχει-
1909 1265 1953 1291 ιο
1988 1266 2010 1288 ῃ

307 1325 545 1390 ρημάτων,
569 1327 729 1388 καίτοι,
757 1324 966 1391 καθάπερ
990 1325 1077 1389 ἤδη
1103 1329 1340 1390 προεῖπον,
1366 1322 1776 1392 ἀποφοιτήσαντος
1801 1329 1885 1375 τοῦ

307 1408 471 1457 “Ησαῦ
505 1410 586 1470 τῆς
621 1408 816 1474 ἀρχαίας
850 1408 1020 1471 ἐκεῖνης
1054 1406 1371 1470 ἀνοσιότητος,
1412 1410 1486 1456 καὶ
1526 1410 1764 1474 φονῶντος
1800 1404 1886 1470 μὲν

309 1489 391 1549 οὐκ
429 1488 492 1538 ε”τι
529 1488 646 1539 κατὰ
679 1494 761 1540 τοῦ
785 1488 970 1551 Ἰακὼβ,
995 1488 1348 1552 μετατιθεμένου
1382 1487 1430 1538 δὲ
1469 1491 1658 1551 μᾶλλον
1684 1489 1745 1540 εἷς
1770 1487 1881 1550 ἡμε-

307 1570 482 1636 ρότητα
507 1573 582 1621 καὶ
609 1571 955 1640 φιλαλληλίαν.
1022 1571 1367 1638 ἐπιστρέφοντα
1395 1568 1488 1636 γὰρ
1523 1571 1572 1620 ἐκ
1605 1572 1687 1632 τῆς
1713 1568 1885 1631 Λάβαν
1984 1639 1988 1644 A

308 1653 479 1716 ἑστίας,
506 1653 830 1720 κατησπάζετο
865 1652 949 1715 μὲν
983 1651 1099 1716 μετὰ
1137 1656 1395 1716 κλαυθμοῦ·
1440 1656 1574 1720 φιλεῖ
1602 1650 1656 1702 δέ
1686 1674 1787 1705 πως
1816 1652 1885 1703 ἀεὶ
1909 1672 1953 1712 15

307 1738 381 1786 καὶ
408 1737 481 1786 ἐπὶ
501 1740 599 1790 ταῖς
619 1735 742 1801 ἄγαν
769 1735 1001 1798 εὐθυμίαις
1021 1736 1256 1802 ἐκχεῖσθαι
1281 1732 1334 1785 τὸ
1361 1732 1574 1800 δάκρυον·
1613 1735 1816 1800 σκληροὶ
1836 1733 1886 1785 δὲ

308 1818 416 1867 λίαν
440 1820 481 1868 οἱ
515 1818 572 1886 ἐξ
603 1819 757 1880 αὐτοῦ,
781 1820 839 1884 τῇ
870 1821 963 1868 τῶν
988 1818 1176 1883 τρόπων
1200 1814 1443 1880 σκαιότητι
1468 1817 1542 1867 καὶ
1567 1815 1712 1880 αὐτὴν
1738 1817 1879 1884 ὑπερ-

90 1912 173 1944 262
187 1911 235 1945 A.
271 1921 291 1944 a
308 1898 598 1963 βαλλόμενοι
622 1900 708 1964 τὴν
731 1905 814 1950 τοῦ
839 1897 1073 1966 προγόνου
1090 1898 1377 1967 φαυλότητα.
1424 1899 1534 1949 ἀλλ’
1553 1898 1682 1949 ἔστιν
1701 1896 1885 1963 ἀληθὲς,

89 1987 185 2019 Prov.

89 2031 143 2062 xii.
164 2040 213 2072 27.

310 1981 380 2032 ὅτι
410 1981 562 2046 πάντη
596 2005 644 2033 τε
683 1986 756 2033 καὶ
790 1981 976 2035 πάντως
1002 1989 1029 2011 “
1049 1982 1182 2032 Ὁδοὶ
1217 1980 1519 2046 μνησικάκων
1545 1984 1607 2034 εἷς
1639 1979 1881 2032 θάνατον.”

309 2064 526 2132 ταύτῃτοι
572 2065 652 2115 καί
698 2068 848 2133 φησιν
903 2062 1194 2134 ἐξαποστελῶ
1238 2065 1320 2133 πῦρ
1361 2068 1417 2118 εἷς
1458 2062 1658 2131 &aulaeis
1702 2063 1880 2131 μητρό·
1904 2094 1952 2118 20

306 2152 445 2200 πολις
490 2145 538 2197 δὲ
580 2149 662 2211 τῆς
697 2147 959 2210 Ἰδουμαίας
1002 2147 1130 2210 αὕτη·
1188 2148 1266 2197 καὶ
1322 2145 1655 2214 καταφάγεται
1697 2144 1884 2214 θεμέλια.

307 2227 481 2291 τειχέων
507 2228 651 2289 αὐτῆς·
689 2228 1013 2295 ε’μπέπρησται
1041 2227 1133 2294 γὰρ
1158 2227 1396 2290 πολεμίων
1423 2226 1784 2294 κεκρατηκότων,
1809 2229 1884 2280 καὶ

310 2312 424 2373 ὁμοῦ
450 2315 549 2365 ταῖς
575 2311 745 2364 ἄλλαις
772 2309 999 2361 διόλωλεν
1022 2310 1050 2373 ἡ
1075 2309 1280 2373 Θαιμάν.

357 2519 472 2561 2ζῆν
490 2517 532 2552 Β.
748 2529 782 2562 3.
808 2520 894 2563 Θεῷ
919 2517 1022 2551 πόθεν
1039 2517 1083 2551 Α.
1102 2519 1176 2563 Θεῷ
1193 2516 1352 2551 πέποιθεν
1370 2515 1462 2551 Edd.
1672 2527 1705 2562 5.
1731 2515 1880 2562 ὅρμημα]

308 2564 397 2609 ῥῆμα
413 2567 456 2598 A.
507 2566 612 2600 νεῖκος
631 2563 721 2598 Edd.
736 2564 799 2609 (22
814 2564 878 2609 al.)
929 2563 1024 2598 Haec
1042 2564 1095 2597 καὶ
1113 2553 1480 2607 ἐξαποστελῶ-αὐτῆς
1495 2569 1715 2597 accesserunt
1731 2575 1774 2598 ex
1790 2563 1834 2598 A.
1838 2563 1882 2599 Β.

309 2612 342 2646 8.
367 2611 577 2646 ἀνοσιώτατα
594 2613 638 2644 A
805 2623 838 2656 9.
863 2612 1014 2656 χαλεπὸν
1031 2611 1175 2645 accessit
1192 2622 1233 2644 ex
1250 2610 1293 2644 A.
1300 2610 1343 2644 B.
1392 2609 1616 2655 ἐφυλαξεν]’
1598 2611 1644 2655 εφ
1615 2609 1774 2655 φύλαξαν
1791 2609 1883 2645 Edd.

310 2660 409 2696 νῖκος.
427 2658 601 2693 τουτέστιν
618 2658 664 2694 εἷς
681 2669 795 2692 access
799 2665 900 2692 elunt
917 2669 958 2692 ex
976 2659 1020 2692 A.
1026 2657 1067 2692 B.
1309 2667 1362 2691 10.
1388 2655 1566 2702 κατ-ἔληξε]
1585 2657 1772 2701 κατέληξαν
1789 2656 1881 2691 Edd.

314 2716 327 2739 Ι
338 2716 366 2739 Ι.
393 2705 540 2750 καθάπερ
558 2705 618 2749 ἤδη
634 2706 795 2750 προεῖπον
813 2702 1125 2750 ἀποφοιτὴσαντος]
1144 2702 1354 2749 ἀποφοιτὴσ.
1373 2704 1433 2747 ἤδη
1451 2703 1510 2738 ild.
1704 2715 1757 2749 13.
1781 2718 1883 2747 μετα-

310 2751 498 2797 τιθεμένου]
517 2751 789 2796 μετατεθειμένου
805 2751 863 2785 iid.
1256 2761 1309 2793 14.
1334 2751 1526 2807 φιλαλλίαν
1542 2749 1634 2785 Edd.
1652 2756 1732 2785 ante
1748 2750 1882 2795 Migne.

316 2809 366 2840 15.
392 2800 621 2841 κατησπάζετο
637 2799 681 2833 A.
686 2799 727 2833 B.
745 2798 988 2842 κατησπάσατο
1006 2797 1098 2832 Edd.
1161 2797 1287 2832 Statim
1310 2812 1371 2842 μεν
1395 2803 1616 2842 assumptum
1633 2809 1674 2831 ex
1690 2798 1735 2832 A.
1791 2796 1880 2843 πως]

310 2847 374 2878 ποῦ
392 2845 483 2878 Edd.
534 2845 694 2879 Statim'
675 2846 726 2879 αεὶ
743 2852 965 2890 assumptum
982 2856 1024 2879 ex
1036 2844 1080 2878 A.
1086 2844 1128 2879 B.
1375 2844 1427 2878 16.
1452 2844 1506 2878 ἐπὶ
1523 2850 1746 2888 assumptum
1762 2856 1804 2878 ex
1819 2843 1881 2878 iid.

314 2899 365 2933 17.
389 2892 656 2935 ὑπερβαλόμενοι
674 2891 766 2926 Edd.
1119 2902 1173 2925 20.
1200 2890 1255 2925 καί
1268 2892 1378 2936 φησιν
1396 2890 1439 2925 Β.
1456 2891 1576 2936 φησίν.
1603 2891 1667 2924 Και
1685 2889 1778 2925 Edd.
1793 2901 1882 2942 quae

312 2936 376 2970 SS.
389 2941 524 2972 textum
540 2938 596 2972 hic
609 2939 796 2983 ponebant
812 2938 915 2974 verba
926 2939 1071 2983 μητρόπ.
1064 2937 1202 2982 .-αὕτη
1219 2944 1299 2983 post
1314 2937 1452 2983 τειχέων
1467 2938 1568 2982 αὐτῆς
1581 2949 1643 2983 pro
1656 2936 1788 2972 scholii
1799 2935 1882 2972 novi

311 2982 407 3017 initio
424 2990 699 3029 transponentes.
935 2996 988 3020 22.
1015 2985 1249 3030 ἐμπεπρῆσθαι
1266 2985 1309 3019 Α.
