2021 3434
104 191 143 232 ii.
169 202 204 244 7.
586 196 659 236 IN
700 197 897 238 AMOS.
957 198 1109 239 TOM.
1153 198 1188 237 Ι.
1590 196 1672 235 403

422 378 495 419 Καὶ
533 379 795 437 ἐκονὸύλιςον
833 379 892 423 εἰς
930 380 1121 436 κεφαλὰς
1158 379 1351 435 Πτωχών.

207 489 622 539 Καταδυναστείαν
675 490 828 542 αὐτοῖς
892 492 965 539 καὶ
1025 485 1304 553 πλεονεξίαν
1361 487 1554 550 ἐγκαλεῖ
1599 484 1674 533 καὶ

99 572 385 619 καταιτιᾶται
438 574 621 638 σαφῶς,
661 572 723 623 ὡς
764 571 981 624 ἀνοσίους
1023 592 1072 620 τε
1122 571 1196 620 καὶ
1247 567 1673 636 ἀφιλοικτίρμονας,

100 650 174 699 καὶ
212 648 290 702 οὓς
323 648 380 713 ἧν
412 651 598 714 ἄμεινον
630 654 705 703 καὶ
737 652 982 721 φροντίδος
1006 652 1166 720 ἀξιοῦν
1193 651 1268 701 καὶ
1305 654 1442 712 τιμᾶν
1467 647 1674 710 ἑλέσθαι,
1693 665 1715 691 e

58 746 80 785 5
100 732 175 781 καὶ
215 736 309 784 τοῖς
355 733 411 801 ἐξ
449 733 634 799 ἀγάπης
678 733 1043 800 ἐπικουρήμασιν
1087 734 1378 783 ἀνακτᾶσθαι
1417 734 1586 798 φιλεῖν,
1627 730 1677 779 ἐκ

99 817 192 863 τῶν
218 814 434 865 ἐναντίων
469 817 543 865 καὶ
577 817 746 867 ἀδικεῖν
772 816 1002 878 εἰωθότας,
1029 812 1281 882 ἀφορήτοις
1307 835 1355 862 τε
1390 813 1464 862 καὶ
1492 815 1676 876 πικραῖς

100 894 441 959 κατατήκοντας
503 896 688 960 λύπαις,
735 896 841 951 τοὺς
887 900 944 964 τῇ
992 895 1199 963 πτωχείᾳ
1260 892 1674 962 πεφορτισμένους.

99 975 209 1027 ἀλλ’
237 977 262 1027 ὅ
296 1000 348 1042 γε
378 978 549 1044 Κύριος
577 979 707 1043 ἡμῶν
731 977 915 1043 Ἰησοῦς
946 976 1158 1044 Χριστὸς
1183 980 1243 1029 εἷς
1282 978 1446 1026 οἰκεῖον
1472 972 1677 1039 ἀναγρά-

100 1066 178 1126 φει
203 1058 462 1124 πρόσωπον
487 1059 546 1111 τὰ
580 1084 642 1115 εις
676 1059 840 1113 αὐτοὺς
873 1057 1183 1126 πραττόμενα.
1251 1059 1373 1126 φησὶ
1399 1055 1492 1122 γάρ
1519 1062 1545 1084 “
1564 1054 1674 1151 Ἐφ’

35 1147 127 1180 10“
151 1140 267 1191 ὅσον
307 1142 554 1207 ἐποιήσατε
600 1143 664 1192 ἑνὶ
707 1142 884 1193 τούτων
928 1145 1022 1192 τῶν
1063 1141 1344 1208 ἐλαχίστων,
1381 1140 1481 1200 ἐμοὶ
1523 1136 1676 1201 ἐποιή-

100 1224 244 1274 σατεῖ
297 1225 460 1275 οὐκοῦν
485 1225 537 1274 οὐ
563 1225 758 1291 μετρίως
776 1227 884 1292 Θεῷ
910 1222 1318 1289 προσκρούσομεν,
1344 1225 1677 1273 πλεονεκτοῦν-

100 1327 173 1358 τες
212 1303 294 1356 τὸν
331 1308 507 1369 ἀσθενῆ
552 1308 625 1356 καὶ
671 1313 698 1335 “
726 1305 992 1358 Τύπτοντες
1037 1304 1122 1369 μὲν
1171 1309 1378 1369 πυγμαῖς
1418 1302 1647 1364 ταπεινὸν,

100 1385 222 1438 καθὰ
251 1388 526 1453 γέγραπται,
565 1389 999 1452 καταπικραίνοντες
1039 1387 1086 1438 δὲ
1124 1391 1223 1440 ταῖς
1259 1386 1534 1449 δυσθυμίαις
1572 1383 1677 1437 τοὺς

99 1473 157 1536 τῇ
183 1471 391 1538 πτωχεία
417 1470 830 1537 κατηχθισμένους,
858 1471 1005 1520 καίτοι
1029 1474 1160 1536 χεῖρα
1192 1473 1382 1531 μᾶλλον
1408 1469 1678 1536 ὀφείλοντες

35 1567 80 1607 15
100 1551 277 1617 ὀρέγειν
314 1552 467 1605 αὐτοῖς
502 1551 585 1616 τὴν
618 1550 940 1621 φιλάλληλον.
971 1559 997 1581 “
1015 1552 1161 1602 Πενία
1199 1549 1304 1617 γὰρ,
1335 1552 1498 1618 φησιν,
1532 1549 1678 1615 ἄνδρα

99 1640 126 1662 “
151 1639 375 1697 ταπεινοῖ,
407 1639 551 1702 χεῖρες
586 1631 633 1685 δὲ
668 1635 889 1700 ἀνδρείων
921 1632 1270 1698 πλουτίζουσι·”
1311 1631 1482 1699 γράφει
1509 1631 1563 1682 δέ
1586 1654 1678 1683 που

100 1717 174 1765 καὶ
217 1716 241 1766 ὁ
285 1720 499 1783 Χριστοῦ
538 1715 764 1780 μαθητὴς,
806 1716 875 1767 ὅτι
918 1716 1202 1782 6(Θρηο-κεία
1244 1713 1425 1781 καθαρὰ
1461 1716 1535 1764 καὶ
1574 1714 1678 1776 ἀμί-

100 1803 127 1825 “
153 1819 289 1851 αντος
322 1797 452 1864 παρὰ
483 1802 548 1868 τῷ
573 1801 682 1867 Θεῷ
707 1799 783 1848 καὶ
813 1800 965 1864 Πατρὶ
997 1798 1113 1860 αὕτη
1145 1798 1288 1858 ἐστὶν,
1315 1796 1679 1847 ἐπισκέπτεσθαι

101 1885 128 1908 “
154 1879 388 1948 ὀρφανοὺς
427 1883 503 1931 καὶ
552 1880 699 1948 χήρας
743 1882 791 1930 ἐν
834 1883 892 1948 τῇ
937 1880 1213 1931 ταπεινώσει
1259 1879 1424 1941 αὐτῶν,
1470 1877 1679 1929 ὀίσπιλον

35 1967 128 2003 20⁶⁶
155 1961 318 2013 ἑαυτὸν
355 1967 510 2029 τηρεῖν
549 1962 642 2013 ἀπὸ
680 1968 762 2013 τοῦ
801 1962 1022 2024 κόσμου.”

518 2177 592 2218 Καὶ
629 2176 729 2220 ὁδὸν
767 2176 979 2218 ταπεινῶν
1018 2176 1252 2219 ἐξέκλιναν.

171 2283 327 2331 Τοῦτο
370 2279 552 2345 νοήσεις
593 2282 716 2347 διχῆ·
757 2278 786 2344 ἢ
826 2279 918 2345 γὰρ
953 2277 1095 2329 ἐκεῖνό
1135 2282 1299 2347 φησιν,
1336 2276 1405 2327 ὅτι
1434 2275 1674 2343 πεφρονή-

100 2383 239 2412 κασιν
275 2361 526 2428 ὑπέρογκα,
557 2364 632 2413 καὶ
667 2365 950 2426 θεοστυγοῦς
984 2360 1251 2426 ἀλαζονείας
1277 2362 1338 2412 εἷς
1371 2364 1508 2409 τοῦτο
1534 2358 1677 2422 ἥκασι

3 2482 7 2507 1
100 2443 279 2510 με’τρον,
316 2446 377 2498 ὡς
407 2448 734 2511 παραιτεῖσθαι
770 2447 845 2494 καὶ
883 2442 1132 2511 ἀδελφοὺς,
1158 2445 1195 2492 εἰ
1233 2441 1297 2506 μὴ
1328 2442 1521 2510 πλούτῳ
1551 2463 1677 2506 περι-

150 2637 181 2662 2.
207 2628 498 2663 Καταδυναστείαν
515 2629 559 2663 Α.
574 2629 656 2662 κατὰ
674 2629 743 2663 δυν.
760 2628 801 2662 Β.
817 2627 909 2661 Edd.
950 2628 1082 2662 α’πειλεῖ
1098 2639 1161 2672 pro
1179 2627 1314 2671 ἐγκαλεῖ
1330 2627 1373 2660 Α.
1469 2625 1501 2659 6.
1526 2625 1675 2672 πικραῖς]

6 2659 9 2697 Ι
103 2673 223 2710 δειναῖς
239 2675 283 2709 A.
405 2676 439 2710 8.
467 2676 564 2710 Haec
580 2674 712 2719 Ἰησοῦς
729 2675 877 2718 Χριστὸς
894 2680 1112 2708 accesserunt
1130 2686 1171 2707 ex
1189 2674 1232 2707 A.
1238 2673 1279 2706 Β.
1414 2684 1447 2717 9.
1476 2672 1572 2707 Haec
1589 2675 1679 2718 φησὶ

7 2739 10 2780 ι
103 2721 221 2765 -ἐμοι
239 2720 419 2766 ἐποιήσατε
438 2726 659 2756 accesserunt
676 2734 717 2755 ex
735 2723 777 2755 A.
785 2721 825 2755 B.
972 2732 984 2754 1
997 2732 1024 2754 1.
1041 2720 1298 2765 προσκρούομεν
1316 2719 1407 2754 Edd.
1426 2731 1573 2764 repugn.
1588 2721 1631 2755 A.
1637 2720 1678 2754 B.

108 2777 159 2800 12.
184 2770 331 2814 πυγμαῖς
346 2770 501 2803 ταπεινὸν
519 2768 585 2802 hoc
602 2768 722 2802 ordine
740 2769 783 2802 A.
789 2768 830 2801 Β.
883 2767 1007 2801 Statim
1026 2768 1132 2802 καθὼς
1150 2766 1241 2801 Edd.
1502 2778 1553 2809 14.
1580 2782 1678 2810 κατη-

104 2813 288 2858 χθημενους
304 2815 363 2849 iid.
556 2815 609 2849 16.
636 2815 787 2860 ἀνδρεῖον
804 2813 893 2859 (sic)
910 2814 951 2847 Β.
1144 2822 1195 2858 17.
1222 2813 1273 2847 ὅτι
1291 2818 1510 2857 assumptum
1529 2825 1570 2847 ex
1587 2815 1630 2848 A.
1636 2814 1678 2848 Β.

106 2859 231 2895 Statim
248 2862 301 2895 καὶ
318 2862 398 2896 add.
416 2862 460 2896 A.
824 2861 876 2894 18.
903 2863 948 2906 τῷ
968 2867 1190 2905 assumptum
1208 2872 1250 2894 ex
1269 2860 1311 2894 B.
1362 2861 1414 2894 καὶ
1431 2861 1532 2904 πατρὶ
1550 2872 1619 2895 om
1636 2861 1678 2895 B.

109 2917 161 2951 19.
186 2910 384 2943 ταπεινώσει
411 2909 453 2943 Β.
482 2907 573 2943 Edd.
604 2908 727 2952 θλίψει
753 2908 797 2941 A.
847 2896 971 2952 αὐτῶν]
1003 2912 1040 2948 -ἦ-
1068 2907 1121 2941 καὶ
1147 2906 1238 2941 Edd.
1287 2907 1455 2942 ἀσπιἍους
1478 2908 1613 2943 ἑαυτοὺς
1636 2908 1679 2943 A.

108 2963 162 2987 22.
187 2954 283 3013 διχῆ]
303 2955 381 3000 δίχα
399 2955 492 2990 Edd.
775 2965 829 2999 23.
854 2954 953 2998 ἥκασι
974 2954 1014 2987 Β.
1032 2954 1151 2998 ἥκουσι
1168 2954 1211 2988 A.
1230 2954 1385 2999 (Migne.
1390 2953 1439 2999 )‘
1424 2954 1571 2997 η’κουσαν
1590 2954 1680 2989 Edd.

109 2999 233 3035 Statim
250 3016 288 3035 το
306 3002 387 3036 add.
405 3001 463 3036 iid.

858 3068 972 3110 3F2

1739 1054 1899 1084 S.Matth.

1738 1108 1813 1128 xxv.
1834 1107 1887 1136 40.

1649 1301 1674 1316 ”
1738 1295 1793 1326 Es.
1809 1295 1889 1325 lviii.

1696 1409 1717 1432 a
1738 1349 1827 1433 {67
1844 1397 1897 1431 A.

1738 1556 1837 1586 Prov.

1740 1611 1768 1631 x.
1788 1609 1818 1638 4.

1739 1717 1771 1748 S.
1789 1717 1864 1748 Jac.

1739 1773 1760 1791 1.
1781 1768 1828 1801 27.

1697 2157 1722 2197 b
