2021 3434
300 197 385 236 450
702 195 752 236 B.
795 194 1072 235 CYRILLI
1110 195 1489 235 ALEXANDR.
1732 193 1786 235 iv.
1815 205 1879 235 12.

301 306 566 373 θεραπεύειν
599 306 827 359 δύνασθαι
859 307 943 372 τὴν
974 313 1137 375 πεῖραν
1167 306 1492 377 ἐξησκηκότες,
1517 305 1576 358 τὰ
1610 310 1704 357 τῶν
1736 329 1878 372 τραυ-

299 390 460 452 μάτων
485 388 892 455 δυσαισθητότερα
928 394 1112 456 θερμοῖς
1143 392 1218 440 καὶ
1256 390 1439 456 δριμέσι
1474 386 1738 458 φαρμάκοις
1765 390 1881 438 ἀπο-

299 471 588 536 καθαίρουσι,
630 473 705 522 καὶ
749 475 832 536 τῆς
868 471 1064 536 ἐνούσης
1109 472 1263 525 αὐτοῖς
1308 471 1600 537 ἀκαθαρσίας
1637 469 1691 520 τὸ
1729 468 1882 536 πάχος

298 552 718 612 ἀπολεπτύνοντες,
764 558 860 608 τοῖς
899 555 949 604 ἐκ
1001 557 1083 617 τῆς
1132 554 1296 621 τέχνης
1339 552 1678 618 ἐπικουρήμασι
1720 573 1875 617 παρα-

296 640 464 701 χωρεῖν
488 637 832 699 ἀναπείθουσιν,
861 638 980 687 οὖτω
1007 638 1080 687 καὶ
1117 638 1141 687 ὁ
1168 637 1323 687 πάντα
1356 635 1603 701 γινώσκων
1627 633 1747 687 Θεὸς
1772 630 1879 686 τοὺς
1900 654 1922 691 5

76 737 162 771 295
180 735 228 769 A.
260 715 578 783 ειάναλγήτως
612 717 803 784 ἔχοντας
838 720 941 784 περὶ
977 716 1036 768 τὰ
1073 717 1267 784 σμικρὰ,
1304 722 1403 771 ταῖς
1435 717 1500 767 ε”τι
1534 713 1880 784 χαλεπωτέραις

297 801 621 869 καταφορτίζει
646 807 866 867 πληγαῖς,
893 799 957 852 ὧν
982 802 1109 868 εἴπερ
1140 825 1209 856 τις
1239 800 1394 870 σοφός
1425 823 1474 852 τε
1509 800 1612 851 ἐστὶ
1644 801 1717 851 καὶ
1744 799 1880 867 ἀγχί-
2017 836 2021 864 1

296 905 415 946 νους,
441 888 714 950 παραιτοῖτο
740 882 797 934 ἂν
823 883 1007 938 εἰκότως
1031 884 1122 952 πρὸ
1147 884 1307 951 πείρας
1333 882 1418 947 τὴν
1446 883 1629 952 ἐῖροδον.

229 1090 274 1115 12
616 1079 695 1120 Διὰ
733 1081 855 1121 τοῦτο
893 1081 1030 1121 οὕτως
1067 1079 1236 1120 Ποιύσω
1274 1093 1338 1120 σοι
1368 1078 1558 1135 Ἰσραήλ.

367 1184 560 1251 Ἐπειδὴ
599 1186 708 1254 γὰρ,
745 1190 880 1256 φησὶ,
921 1187 1024 1239 τόδε
1061 1211 1106 1239 τι
1139 1187 1458 1253 πεποιηκότος,
1498 1187 1679 1257 κᾴκεΐνο
1716 1211 1872 1255 προσ·
1904 1211 1949 1236 10
2012 1187 2016 1229 Ι

295 1267 463 1331 θέντος,
508 1271 583 1319 καὶ
626 1271 874 1338 μονονουχὶ
923 1274 1018 1321 πᾶν
1069 1268 1185 1324 εἶδος
1234 1271 1556 1337 ἐπαγάγοντος
1605 1271 1753 1325 αἰκίας
1803 1272 1879 1322 καὶ

293 1350 463 1413 πόνων,
521 1350 837 1416 δυσαλγήτως
899 1352 1091 1419 ἔχοντας
1142 1353 1364 1416 τεθέαμαί
1412 1376 1460 1403 τε
1509 1353 1584 1403 καὶ
1635 1353 1693 1421 ἐξ
1736 1354 1879 1417 αὐτῆς

249 1431 555 1496 ὒέμάνθανον
592 1433 767 1500 πείρας,
804 1433 1025 1502 ταύτῃτοι
1062 1436 1138 1485 καὶ
1172 1434 1301 1490 οὕτως
1340 1435 1504 1495 ποιήσω
1543 1459 1626 1486 σοι.
1692 1440 1793 1490 πῶς
1828 1434 1877 1486 δὲ

295 1516 450 1576 οὕτως,
491 1516 545 1566 οὐ
585 1513 678 1582 γὰρ
721 1516 958 1582 ἠρκέσθην
1002 1521 1098 1570 τοῖς
1142 1517 1359 1583 πρώτοις·
1410 1516 1785 1584 προσεπήγαγον
1829 1517 1877 1569 δὲ

292 1599 368 1649 καὶ
416 1595 502 1662 τὴν
551 1599 599 1647 ἐν
646 1597 737 1667 ἴσῳ
787 1597 1014 1660 Σοδόμοις
1060 1598 1413 1666 καταστροφήν.
1486 1600 1745 1650 τελευταία
1769 1599 1876 1666 γὰρ,
1900 1618 1945 1656 15

293 1682 355 1733 ὡς
406 1679 538 1748 ἔφην,
592 1680 745 1734 αὐτοῖς
797 1680 825 1744 ἡ
872 1679 1025 1731 τοιάδε
1076 1679 1242 1746 πληγὴ
1292 1680 1366 1732 διὰ
1423 1684 1505 1746 τῆς
1557 1682 1682 1736 θείας
1732 1683 1878 1749 ὀργῆς

293 1764 601 1829 ἐπενήνεκται.

292 1955 410 1996 Πλὴν
454 1957 518 1998 ὅτι
558 1956 695 1996 οὕτως
738 1956 906 1998 Ποιήσω
946 1971 1023 2007 σοι,
1067 1957 1286 2014 ἑτοιμάςου
1323 1954 1618 2000 ἐπικαλεῖσθαι
1654 1959 1726 2002 τὸν
1767 1959 1874 2003 Θεόν

359 2053 447 2090 σου,
478 2038 668 2095 Ἰσραήλ.

363 2149 504 2199 Ἀλλ’
533 2151 570 2199 εἰ
596 2147 652 2212 δὴ
679 2147 891 2212 βούλοιο,
931 2151 1096 2218 φησὶν,
1126 2151 1380 2213 ἀναμαθεΐν
1416 2148 1501 2214 τὴν
1531 2151 1699 2212 αἰτίαν,
1731 2152 1788 2202 δι’
1817 2150 1874 2216 ἢν
1895 2175 1944 2201 20
1997 2162 2008 2211 ς’

293 2231 422 2286 οὕτως
448 2232 614 2290 ποιήσω
640 2254 722 2293 σοι,
748 2230 903 2299 πεύσῃ
937 2230 992 2296 δὴ
1027 2232 1234 2295 πάντως,
1262 2235 1511 2301 μονονουχὶ
1536 2233 1875 2298 πληττομένοις
1996 2248 1999 2255 “

250 2330 271 2355 C
291 2314 397 2375 ὑμῖν
422 2312 706 2372 ἐπιβοῶντός
731 2335 781 2364 τε
816 2316 891 2364 καὶ
924 2313 1143 2380 λέγοντος
1171 2314 1434 2386 Ἕταιμάζου
1460 2317 1530 2367 τοῦ
1556 2315 1873 2369 ἐπικαλεῖσθαι

289 2396 355 2446 τὶν
383 2396 488 2446 Θεᾶν
515 2419 590 2446 σου
615 2396 810 2464 Ἰσραήλ.
877 2395 931 2447 τὸ
958 2396 1188 2467 ἑτοιμάζοι)
1213 2399 1364 2465 φησὶν
1390 2399 1492 2448 ἀντὶ
1517 2404 1600 2449 τοῦ
1621 2398 1872 2466 Σπούδαζὲ,

290 2477 456 2531 ἄοκνός
493 2500 543 2528 τε
582 2479 657 2528 καὶ
691 2476 931 2544 πρόθυμος
970 2477 1055 2529 ε”σο
1093 2484 1175 2530 τοῦ
1214 2478 1530 2532 ἐπικαλεῖσθαι
1565 2479 1648 2532 τὸν
1680 2480 1746 2546 μὴ
1785 2484 1874 2533 ἀλ-

334 2633 367 2663 4.
393 2621 451 2664 τῆς
468 2626 690 2665 assumptum
708 2633 749 2655 ex
769 2620 811 2657 Β.
1169 2622 1201 2657 6.
1228 2623 1429 2669 ἀπηλγηκῶς
1446 2623 1489 2658 A.
1540 2624 1666 2669 σμικρὰ
1685 2624 1728 2659 Β.
1746 2626 1873 2682 ςμικρὰ

289 2693 474 2740 (εμικρὰ)
489 2695 531 2727 Α.
549 2695 651 2738 μικρὰ
670 2695 761 2729 Edd.
964 2704 996 2741 7.
1021 2711 1057 2730 τε
1074 2703 1295 2742 assumptum
1314 2709 1355 2731 ex
1369 2697 1413 2732 A.
1619 2699 1652 2733 8.
1676 2699 1761 2743 πρὸς
1779 2698 1872 2735 Edd.

292 2751 304 2773 1
316 2752 344 2774 Ι.
372 2743 425 2775 καὶ
443 2742 538 2785 prius
557 2753 626 2775 orn.
645 2742 689 2776 A.
739 2742 966 2788 ἐπαγάγοντος
986 2743 1027 2777 Β.
1047 2744 1230 2789 ἐπάγοντος
1247 2743 1340 2778 Edd.
1507 2756 1560 2779 12.
1587 2745 1809 2790 δυσαλγὴτως
1826 2747 1870 2781 Α.

290 2786 347 2830 [δυ
365 2788 505 2834 reliquis
524 2788 657 2829 litteris,
677 2789 803 2834 pagina
821 2790 926 2827 finita,
945 2791 1082 2824 omissis
1097 2790 1157 2837 ss.]
1172 2790 1249 2824 ἀλλ’
1264 2789 1458 2835 ἀναλγήτως
1473 2791 1564 2826 Edd.
1677 2803 1729 2834 14.
1747 2791 1870 2837 ἠρκέσ-

288 2833 348 2876 θην
366 2835 456 2868 Α.Β.
475 2833 622 2879 ἠρκέσθη
642 2835 733 2869 Edd.
783 2836 1026 2883 προσεπὴγαγε
1044 2837 1103 2871 iid.
1219 2847 1272 2883 15.
1299 2838 1459 2881 Σοδόμοις
1476 2839 1520 2872 Α.
1540 2837 1633 2873 Edd.
1651 2839 1808 2883 Σοδόμων
1827 2839 1869 2874 Β.

291 2879 343 2913 16.
371 2881 424 2914 διὰ
441 2882 499 2924 τῆς
516 2882 607 2917 θείας
623 2882 726 2927 ὀργῆς
743 2894 813 2917 om.
834 2883 875 2917 Β.
1061 2884 1113 2919 18.
1141 2884 1193 2920 ὅτι
1210 2896 1280 2918 om.
1298 2885 1342 2918 A.
1362 2884 1437 2929 (42,
1457 2884 1556 2931 240.)
1747 2897 1801 2920 20.
1827 2886 1868 2930 δὴ

285 2937 356 2959 om.
375 2927 418 2960 A.
467 2928 646 2972 ἀναμαθεῖν
662 2929 706 2964 Α.
723 2930 841 2974 μαθεῖν
859 2929 952 2965 Edd.
1338 2942 1392 2965 21.
1418 2931 1650 2977 πληττομένου
1666 2933 1758 2975 ὑμῶν
1774 2931 1867 2967 Edd.

285 2971 402 3005 invitis
422 2973 511 3008 A.B.
910 2988 965 3013 22.
991 2977 1196 3019 ἐπιβοῶντός
1209 2977 1252 3013 Α.
1269 2979 1419 3019 βοῶντός
1433 2978 1525 3014 Edd.
1574 2978 1789 3014 ἐκκαλεῖσθαι
1806 2978 1866 3015 fid.

287 3029 341 3062 23.
369 3021 478 3064 φησὶν
495 3028 715 3066 assumptum
733 3035 774 3057 ex
794 3023 882 3058 A.B.
