2021 3434
174 171 228 211 vi.
255 172 376 212 8-10.
639 174 711 214 IN
750 173 945 214 AMOS.
1007 172 1157 213 TOM.
1200 172 1284 213 III.
1656 171 1732 210 491

172 281 345 345 ἀγρίως
389 283 533 335 οὕτως
585 282 1022 347 καταθρασύνεσθαι
1071 284 1151 344 τῆς
1201 283 1263 333 εἰς
1311 278 1435 330 Θεὸν
1484 276 1734 337 εὐσεβείας.

172 361 332 415 ἄλλως
354 381 418 413 τε·
459 365 716 428 προσθείην
741 363 832 429 γὰρ
867 362 923 414 ἂν
952 367 1046 416 τοῖς
1079 361 1328 428 εἰρημένοις
1359 363 1434 411 καὶ
1471 358 1592 410 τόδε·
1631 359 1742 409 ποία

170 442 262 510 γὰρ
305 441 363 507 ἦν
411 443 591 510 ἀνάγκη
641 449 729 500 τοῖς
783 447 1069 515 προεστηκόσι
1114 443 1189 503 τῆς
1241 444 1383 498 οἰκίας
1434 440 1742 508 ἐρωτωμένοις

171 524 214 574 εἴ
242 548 309 590 πη
340 549 409 580 τις
440 527 531 591 ἄρα
567 529 674 593 παρ’
709 528 861 580 αὐτοῖς
898 526 926 591 ἢ
964 525 1052 592 ζῶν
1089 526 1153 576 ἔτι
1184 526 1339 592 τυχὸν,
1374 524 1519 589 η’γουν
1550 521 1742 576 τεθνεὼς

133 606 259 671 5ἥδη
299 609 538 671 λανθάνει,
579 613 853 675 προσθεῖναι
905 611 979 659 καὶ
1027 608 1177 674 ὅρκον,
1224 610 1285 661 ὡς
1336 607 1482 659 οὐδεὶς
1526 605 1585 655 ἔτι
1631 605 1739 670 παρ’

173 690 325 743 αὐτοῖς
347 712 359 752 ;

245 772 312 821 Τί
334 772 413 821 οῦν
444 774 545 822 ἐστὶ
570 770 623 823 τὸ
664 775 741 839 ἐρεῖ
764 774 886 836 Σίγοι
913 770 1045 822 ἕνεκεν
1077 773 1147 822 τοῦ
1180 770 1240 838 μὴ
1276 769 1488 837 ὂνομοίσοιι
1522 768 1568 819 το
1609 768 1742 834 ὄνομα.
1761 788 1782 813 e

176 854 351 920 Κυρίους
389 852 552 922 φαμὲν,
581 853 650 904 ὅτι
681 852 765 916 τὴν
799 851 918 903 κατὰ
945 856 1068 903 Θεοῦ
1099 851 1384 918 κατάῤῥησίν
1407 872 1456 900 τε
1481 851 1554 900 καὶ
1581 855 1742 909 βλασ-

174 934 353 1001 φημίαν
390 935 492 988 ε”θος
524 934 580 998 ἧν
618 936 762 987 οὕτως
801 936 1056 984 ἀποκαλεῖν
1093 938 1187 986 τοῖς
1226 933 1281 1001 ἐξ
1316 933 1507 994 αἵματος
1541 931 1741 997 Ἰσραὴλ

109 1038 155 1063 10
173 1017 222 1066 ἐκ
253 1021 452 1080 νομικῶν
486 1017 785 1079 ἐνταλμάτων
820 1016 980 1082 ἔχουσι
1013 1015 1097 1078 τὴν
1135 1014 1298 1081 ἀρχήν.
1363 1012 1625 1079 γέγραπται
1658 1014 1742 1077 μὲν

174 1098 266 1163 γὰρ
305 1101 352 1150 ἐν
395 1103 459 1167 τῷ
495 1102 731 1166 Λευιτικῲ,
774 1098 844 1148 ὅτι
888 1097 969 1148 δύο
1013 1096 1131 1150 τινες
1171 1097 1333 1161 ἄνδρες
1371 1094 1742 1157 συνεπλάκησαν
1803 1102 1880 1174 {JK
1916 1154 1952 1175 ¹0

173 1180 402 1244 ἀλλήλοις
427 1183 474 1231 ἐν
499 1185 555 1248 τῇ
583 1184 852 1247 συναγωγῇ,
880 1177 976 1229 εἶτα
1007 1177 1364 1246 δεδυσφήμηκεν
1390 1176 1451 1231 εἷς
1480 1182 1574 1228 τῶν
1597 1200 1743 1240 μεμα-
1804 1170 1890 1228 ἔζη.

173 1261 402 1328 χημένων,
458 1263 482 1312 ὁ
526 1265 608 1326 τῆς
653 1261 912 1327 Αἰγυπτίας
957 1260 1067 1323 υἱὸς,
1115 1262 1189 1311 καὶ
1237 1263 1432 1328 τελευτᾷ
1478 1258 1562 1323 μὲν
1605 1258 1736 1312 λιθό-

174 1351 386 1398 λευστος.
450 1344 582 1395 ἐτίθει
625 1343 673 1394 δὲ
712 1344 854 1406 νόμον
895 1343 1025 1396 εὐθὺς
1066 1341 1147 1393 τὸν
1190 1344 1262 1393 ἐπὶ
1301 1345 1416 1411 τῷδε
1450 1341 1582 1404 Θεὸς,
1623 1343 1742 1392 οὕτω

1805 1425 1855 1456 Ib.
1878 1434 1926 1464 15,

1808 1470 1854 1499 16.

174 1517 200 1539 ‘⁶
227 1510 445 1579 λήψεται,
486 1510 721 1576 ὀνομάζων
766 1509 814 1559 δὲ
848 1509 901 1559 τὸ
940 1509 1086 1572 ὄνομα
1129 1508 1316 1573 Κυρίου,
1360 1507 1545 1577 θανάτῳ
1593 1511 1736 1557 θανα-
1761 1519 1889 1552 a320
1911 1516 1962 1550 A·

360 1426 683 1494 “”Ανθρωπος
723 1427 780 1478 ἂν
815 1427 1135 1492 καταράσηται
1166 1424 1290 1477 Θεὸν
1328 1427 1482 1484 αὐτοῦ,
1515 1427 1742 1491 ἁμαρτίαν

109 1444 154 1481 15
175 1427 327 1493 λέγων

174 1598 201 1620 “
225 1592 458 1643 τούσθω.”
517 1593 679 1643 οὐκοῦν
709 1591 762 1642 τὸ
798 1591 1010 1658 ὀνομάσαι
1043 1592 1088 1641 το
1127 1591 1261 1657 ὄνομα,
1290 1594 1447 1659 Κυρίου,
1474 1588 1527 1639 τὸ
1558 1591 1744 1657 δυσφη-

174 1679 275 1737 μεῖν
309 1675 453 1737 ἐστὶν,
491 1673 712 1743 εὐφήμοις
750 1673 910 1742 λέξεσι
946 1671 1020 1722 διὰ
1063 1677 1157 1722 τῶν
1195 1674 1327 1737 ἱερῶν
1361 1672 1745 1740 ἐκπεφωνημένον

174 1756 476 1821 γραμμάτων.
543 1755 695 1820 ἐπειδὴ
737 1755 785 1806 δὲ
825 1759 1024 1808 πολλοῖς
1069 1755 1184 1817 ἔθος,
1231 1758 1268 1804 εὶ
1310 1753 1517 1819 γε’νοιντό
1559 1777 1658 1807 πως
1697 1755 1745 1804 ἐν

109 1860 157 1884 20
176 1837 359 1899 λύπαις,
400 1837 739 1906 παλιμφήμους
780 1837 886 1888 ἔσθ’
927 1836 1002 1887 ὅτε
1040 1837 1215 1903 ῥίπτειν
1256 1835 1374 1886 κατὰ
1410 1839 1534 1886 Θεοῦ
1569 1834 1743 1903 φωνὰς,

175 1918 555 1985 ἀπαγγέλλοντα,
582 1922 716 1989 φησὶ,
750 1918 832 1970 τὸν
862 1920 1155 1987 προεστηκότα
1192 1917 1265 1978 τῆς
1306 1919 1462 1980 οἰκίας,
1501 1920 1562 1971 ὡς
1601 1919 1746 1972 οὐδείς

174 2003 304 2052 ἐστιν
343 2002 401 2052 ἔτι
442 2002 550 2068 παρ’
591 2003 727 2070 αὐτῷ,
767 2002 848 2052 καί
884 2024 928 2052 τι
961 1998 1229 2052 πεπονθότα
1265 2004 1358 2050 τῶν
1393 2000 1450 2068 ἐξ
1487 2000 1745 2064 ἀνηκέστου

174 2088 436 2151 συμφορᾶς,
463 2085 723 2147 ἐπιστομιεῖ
752 2085 902 2152 φησὶν
931 2083 1006 2133 ἵνα
1034 2081 1098 2146 μὴ
1126 2082 1320 2150 ὀνομάσῃ
1345 2080 1391 2133 το
1419 2083 1552 2150 ὄνομα
1581 2082 1744 2151 Κυρίου,

173 2166 428 2227 τουτέστιν,
472 2165 546 2216 ἵνα
587 2165 650 2229 μή
695 2188 737 2216 τι
787 2170 880 2215 τῶν
929 2163 1254 2232 παλιμφήμων
1295 2163 1399 2231 ε’ίπῃ
1440 2163 1557 2214 κατὰ
1600 2167 1737 2215 Θεοῦ.
1763 2175 1787 2214 b

108 2270 156 2307 25
175 2254 311 2299 τοῦτο
354 2248 394 2298 δ’
432 2247 561 2298 ε”στιν
605 2248 685 2298 οὐκ
731 2249 826 2310 εἰκῆ
871 2246 1152 2299 δεικνύοντος
1193 2245 1553 2310 ἐπενηνεγμένην
1591 2246 1744 2300 αὐτοῖς

175 2329 260 2393 τὴν
297 2327 521 2394 μάστιγα,
555 2331 629 2379 καὶ
667 2328 944 2395 κολάζοντος
978 2329 1031 2378 οὐ
1068 2327 1234 2392 μάτην,
1273 2326 1382 2377 ἀλλ’
1415 2329 1487 2378 ἐπὶ
1525 2329 1744 2397 χρησίμῳ

177 2414 251 2462 καὶ
289 2411 536 2480 ἀναγκαίῳ.
607 2410 706 2460 ε”στι
740 2409 832 2475 γὰρ
870 2409 985 2472 ἔστι,
1021 2411 1095 2460 καὶ
1133 2408 1264 2473 μάλα
1303 2407 1516 2471 εὐκόλως,
1553 2411 1614 2462 ὡς
1652 2407 1745 2460 ἀπό

177 2519 230 2561 γε
271 2501 352 2547 τοῦ
397 2494 752 2560 συμβεβηκότος
797 2497 918 2556 ἰδεῖν,
963 2494 1032 2545 ὅτι
1074 2494 1363 2559 μετέστησεν
1400 2497 1462 2547 εἷς
1499 2492 1746 2555 εὐλάβειαν

222 2657 255 2691 3.
280 2646 346 2690 γὰρ
363 2656 432 2679 om.
452 2645 493 2678 B.
514 2644 617 2679 habet
632 2645 675 2678 A.
888 2657 921 2686 4.
947 2643 978 2678 εἵ
991 2658 1035 2687 πη
1054 2644 1097 2678 A.
1116 2644 1220 2678 εἰπεῖν
1239 2643 1281 2678 Β.
1299 2643 1390 2678 Edd.
1439 2643 1504 2690 τις]
1526 2643 1583 2678 Sic
1601 2645 1743 2679 correxi.

175 2692 225 2728 τίς
244 2692 334 2726 Edd.
586 2702 618 2734 5.
644 2691 799 2725 λανθάνει
816 2690 945 2724 habent
963 2691 1052 2724 A.B.
1313 2702 1365 2725 10.
1392 2691 1529 2735 ἔχοντας
1546 2692 1589 2724 Α.
1602 2691 1636 2725 b.
1685 2692 1745 2734 μὲν

175 2745 397 2783 assumptum
414 2750 455 2772 ex
473 2739 516 2772 A.
529 2738 563 2772 b.
796 2748 847 2771 11.
874 2738 925 2771 ὅτι
943 2749 1012 2770 om.
1031 2738 1074 2771 A.
1125 2736 1250 2771 Statim
1266 2736 1424 2781 δύστηνοι
1442 2750 1504 2782 pro
1522 2737 1581 2772 δύο
1598 2739 1683 2773 τινὲς
1703 2738 1744 2773 Β.

179 2797 233 2828 14.
259 2789 324 2820 τῶν
340 2797 402 2830 pro
419 2786 476 2819 τὸν
494 2786 536 2819 Α.
551 2785 586 2819 b.
778 2794 829 2828 15.
854 2782 895 2817 ἂν
912 2784 955 2817 Α.
975 2784 1031 2817 ἐὰν
1050 2784 1090 2817 Β.
1110 2784 1201 2817 Edd.
1409 2794 1462 2830 17.
1489 2785 1665 2828 δυσφημία
1685 2797 1744 2829 pro

176 2834 214 2867 τὸ
233 2833 341 2877 δυσφ.
360 2833 402 2865 A.
419 2831 453 2865 b.
622 2831 672 2865 18.
698 2831 910 2875 ἐκπεφώνηκε
928 2832 971 2863 A.
990 2830 1238 2874 ἐκπεφονημένη
1257 2830 1336 2872 (Sic)
1356 2830 1390 2864 b.
1564 2843 1618 2865 20.
1643 2831 1742 2877 κατὰ]

182 2884 218 2920 -1-
233 2881 291 2913 τοῦ
308 2879 348 2912 Β.
445 2889 497 2912 22.
525 2879 577 2912 καί
593 2893 624 2912 τι
644 2878 682 2911 Β.
701 2879 753 2911 καὶ
770 2878 802 2911 τί
819 2877 852 2912 b.
871 2877 975 2911 καίτοι
994 2878 1036 2910 A.
1056 2877 1146 2911 Edd.
1194 2878 1386 2919 πεπορθότα
1407 2877 1496 2912 Edd.
1510 2885 1588 2912 ante
1607 2879 1741 2923 Migne.

179 2927 216 2969 ἐξ
233 2925 415 2969 ἀνηκέστου
434 2925 520 2958 Α.Β.
535 2925 569 2958 b.
589 2925 830 2970 (ἐξανηκέστου
848 2925 890 2957 A.
902 2924 957 2967 b.)
976 2924 1204 2968 ἐξανηκέστων
1223 2923 1312 2959 Edd.
1476 2936 1531 2969 23.
1558 2928 1746 2971 συμφορῶν

180 2972 272 3007 Edd.
322 2973 482 3016 ἐπιτομιεῖ
500 2972 541 3005 Α.
732 2981 784 3016 25.
812 2971 849 3004 δέ
864 2971 898 3005 b.

917 3038 1033 3080 3R2
