2021 3434
113 172 168 213 vi.
196 186 231 223 1,
255 186 293 216 2.
589 174 663 214 IN
714 173 908 214 AMOS.
969 171 1117 212 TOM.
1158 170 1244 210 III.
1610 168 1691 206 481

114 283 349 348 ταγμένην
390 283 482 352 ἔχει
531 284 615 348 τὴν
665 284 911 348 Χαλάνην.
985 282 1240 348 πορεύεσθε
1283 279 1389 346 γὰρ,
1430 280 1593 345 φησὶν,
1634 282 1697 330 εἰς

114 362 347 429 Χαλάνην
384 369 459 417 καὶ
493 370 552 420 εἷς
582 366 742 430 Αἶμὰθ
776 368 851 417 καὶ
889 370 951 419 εἷς
990 365 1094 415 Γέθ·
1135 362 1339 426 Χαλοίνη
1368 361 1423 412 δέ
1449 362 1579 410 ἐστιν
1607 358 1696 410 ὑπὸ

113 446 200 511 τὴν
235 451 439 514 Περσῶν
472 449 737 511 βασιλείαν,
771 447 800 512 ἢ
839 453 919 498 νῦν
958 451 1166 497 καλεῖται
1201 444 1480 496 Λυσίππων.
1542 440 1696 504 ἐπειδὴ

114 528 164 579 δὲ
201 531 277 579 καὶ
315 533 396 594 τῆς
437 534 642 597 Περσῶν
673 531 923 592 βασιλείας
961 527 1304 592 ἐμνημόνευσεν
1341 530 1434 577 τῶν
1460 525 1698 590 εΕβραίων

74 611 142 673 5ἡ
170 611 366 675 ε”κδοσις,
394 612 617 681 ταύτῃτοί
646 617 802 680 φαμεν
841 613 916 662 καὶ
954 610 1036 661 τὸν
1071 607 1298 674 μακάριον
1324 607 1569 675 Στέφανον
1595 607 1698 656 ἀντὶ

113 699 196 744 τοῦ
225 694 450 746 Μετοικιῶ
480 696 600 764 ὑμᾶς
639 693 838 746 ἐπέκεινα
868 694 1142 761 Δαμασκοῦ,
1168 689 1221 742 τὸ
1249 690 1494 741 Ἐπέκεινα
1530 692 1689 749 Βαβυ-
1715 703 1736 728 C

114 779 267 829 λῶνος
293 780 446 828 εἰπεῖν.

189 858 498 925 Ἀχαριστιάς
536 858 617 908 οὖν
655 857 870 923 ἔγκλημα
908 861 1003 909 τοῖς
1041 855 1096 924 ἐξ
1116 852 1332 920 Ἰσραὴλ,
1358 852 1428 903 ὅτι
1457 852 1597 903 πίονα
1623 852 1698 901 καὶ

116 938 349 1005 εὐήροτον,
378 942 451 991 καὶ
477 944 706 991 πλατεῖαν
732 940 852 989 οὕτω
876 934 1440 1003 κατακληρονομήσαντες
1465 936 1568 998 γῆν,
1596 933 1698 999 οὐχὶ

52 1040 98 1065 10
117 1025 226 1090 Θεῷ
250 1027 438 1084 μᾶλλον
465 1024 672 1085 ἀνῆπτον
697 1020 756 1071 τὰ
781 1018 1078 1087 χαριστήρια,
1105 1017 1214 1068 ἀλλ’
1243 1020 1285 1067 οἱ
1316 1015 1402 1080 μὲν
1428 1015 1700 1084 ἐξουθένουν

115 1102 200 1168 τὴν
236 1104 373 1167 Σιὼν,
400 1108 442 1155 οἱ
476 1103 537 1166 δὲ,
564 1101 837 1155 πεποιθότες
875 1103 948 1153 ἐπὶ
987 1100 1041 1151 τὸ
1080 1100 1187 1167 ὅρος
1222 1099 1507 1166 Σαμαρείας,
1537 1094 1700 1148 οὐδένα

115 1188 198 1250 τῆς
223 1190 284 1240 εἷς
310 1185 451 1237 αὐτὸν
477 1187 631 1240 αἰδοῦς
657 1186 897 1236 ἐποιοῦντο
923 1182 1084 1250 λόγον.

191 1266 442 1334 Χρήσιμον
487 1266 546 1329 δὲ,
593 1269 654 1320 ὡς
703 1266 832 1328 ἔοικε,
873 1267 948 1316 καὶ
992 1270 1088 1319 τοῖς
1130 1263 1248 1328 μετὰ
1291 1262 1377 1327 τὴν
1415 1262 1579 1314 πίστιν
1617 1260 1702 1325 τὴν

115 1348 368 1414 “Ελλήνων
406 1350 584 1417 σοφίαν
617 1347 974 1412 τεθαυμακόσιν,
1003 1350 1063 1401 ὡς
1099 1346 1309 1411 ἀμείνους
1336 1349 1431 1396 τῶν
1455 1345 1564 1410 παρ’
1593 1344 1702 1407 ἡμῖν

51 1451 97 1489 15
116 1430 199 1485 τὰς
243 1433 425 1483 ἐκείνων
464 1432 680 1498 ἡγεῖσθαι
722 1428 876 1499 δόξας,
921 1432 996 1481 καὶ
1047 1435 1142 1484 τοῖς
1192 1428 1500 1480 ἀπονεύουσιν
1543 1430 1604 1479 εἷς
1646 1424 1746 1476 τὸᾶ

115 1519 431 1580 προσκεῖσθαι
463 1517 611 1581 ζητεῖν
642 1518 737 1568 τοῖς
770 1512 1191 1581 παραχαράττουσι
1229 1508 1314 1574 τὴν
1352 1508 1588 1574 ἀλήθειαν,
1627 1510 1701 1558 καὶ

116 1600 211 1646 τῶν
255 1598 662 1661 ἐκκλησιαστικῶν
704 1593 953 1661 δογμάτων
997 1592 1082 1656 τὴν
1127 1591 1359 1660 ὀρθότητα
1401 1589 1701 1658 παραλύουσι

116 1675 171 1728 τὸ
214 1677 442 1749 Πορεύεσθε
487 1683 546 1733 εἷς
588 1676 741 1746 Αἶμαθ
777 1675 934 1735 (Ραβα
979 1680 1056 1727 καὶ
1101 1680 1160 1730 εἷς
1200 1673 1276 1726 Γὲθ
1315 1672 1592 1742 ἀλλοφύλων
1626 1674 1702 1723 καὶ

118 1759 234 1811 ’ίδετε
261 1765 294 1812 εἶ
320 1765 506 1812 πλείονα
541 1759 602 1811 τα
636 1760 728 1829 ’ὅρια
760 1758 897 1811 αὐτῶν
924 1759 1014 1810 ἐστὶ
1043 1757 1121 1809 τῶν
1148 1755 1352 1825 ὑμετέρων
1378 1762 1505 1823 ὁρίων.
1573 1756 1702 1821 εὐρυ-

50 1866 100 1891 20
118 1841 228 1908 τέρα
260 1841 352 1909 γὰρ
384 1845 467 1906 τῆς
490 1842 742 1906 “Ελλήνων
767 1841 1108 1908 στενολεσχίας
1133 1840 1161 1903 ἡ
1187 1839 1499 1891 θεόπνευστος
1521 1836 1701 1906 γραφὴ,

117 1923 173 1975 τὸ
213 1927 295 1989 τῆς
330 1926 549 1989 ἀληθείας
588 1923 990 1990 καταγγέλλουσα
1029 1927 1130 1991 φῶς
1175 1923 1249 1972 καὶ
1289 1919 1536 1986 δογμάτων
1572 1921 1694 1971 ἐπω-

119 2011 283 2076 φελῶν
309 2005 598 2075 εἰσφέρουσα
631 2011 825 2071 γνῶσιν,
852 2007 927 2056 καὶ
957 2004 1074 2071 πρὸς
1111 2009 1207 2055 πᾶν
1245 2004 1398 2054 ὁτιοῦν
1435 2006 1529 2053 τῶν
1562 2003 1695 2053 ἐπαι-
1717 2018 1739 2044 Θ

119 2089 353 2153 νουμένων
378 2090 460 2140 τὸν
485 2093 578 2139 τῶν
603 2087 919 2139 πιστευόντων
945 2084 1298 2152 ἀναβιβάζουσα
1325 2091 1444 2136 νοῦν.

195 2171 453 2238 Εὐρύτερος
488 2170 535 2222 δὲ
569 2170 716 2222 πάλιν
749 2173 832 2234 τῆς
862 2174 1101 2237 αἱρετικῶν
1134 2167 1413 2231 στενότητος
1439 2167 1464 2216 ὁ
1489 2167 1594 2232 περὶ
1619 2168 1702 2229 τῆς

53 2266 100 2304 25
120 2255 341 2318 ἀληθείας
368 2255 469 2304 ἐστὶ
495 2252 652 2319 λόγος.
721 2256 762 2304 οἱ
787 2252 870 2315 μὲν
895 2251 988 2319 γὰρ
1013 2252 1129 2319 αὐτῇ
1160 2249 1428 2317 μαχόμενοι,
1454 2249 1703 2314 μονονουχὶ

119 2337 497 2402 καταπνίγονται,
532 2339 736 2403 ψυχροῖς
773 2358 821 2385 τε
856 2337 931 2385 καὶ
969 2332 1219 2400 ἀτρανέσιν
1257 2329 1576 2398 ἐπινηχόμενοι
1610 2337 1695 2380 λο-

120 2423 325 2484 γισμοῖς·
369 2422 411 2469 οἱ
445 2417 494 2468 δὲ
527 2422 622 2471 τοῖς
656 2420 737 2480 τῆς
772 2417 1009 2477 εὐσεβείας
1048 2412 1440 2480 συναγορεύοντες
1479 2411 1700 2477 δόγμασι,

121 2504 196 2552 καὶ
238 2501 291 2553 τὸ
343 2499 566 2566 λαμπρὸν
608 2503 690 2564 τῆς
734 2500 954 2563 ἀληθείας
1001 2502 1356 2564 περιαθροῦντες
1405 2494 1597 2557 κάλλος,
1641 2498 1702 2547 εἷς

172 2670 201 2692 1.
227 2659 383 2702 Χαλάνην
402 2658 442 2692 Β.
461 2659 631 2701 Χαλα.νην
648 2657 744 2701 (hic)
761 2657 804 2690 A.
824 2657 999 2700 Χαλάννην
1017 2655 1108 2690 Edd.
1238 2666 1269 2689 2.
1297 2655 1432 2699 Χαλάνη
1450 2654 1526 2701 alt.]
1546 2656 1700 2700 Χαλάννη

121 2705 226 2740 habet
243 2705 277 2739 b.
374 2716 407 2749 3.
435 2705 620 2739 Λυσίππων
639 2704 680 2737 Β.
701 2707 887 2737 Λυσιππῶν
900 2704 942 2737 Α.
963 2702 1138 2738 Λύσιππος
1155 2702 1190 2737 b.
1209 2702 1368 2746 Λυσίππη
1388 2702 1479 2736 Edd.
1576 2715 1609 2745 4.
1635 2707 1702 2737 τῶν

122 2764 185 2797 pro
203 2753 261 2795 τῆς
278 2750 369 2785 Edsl.
388 2752 506 2785 invitis
523 2751 614 2784 AB.
664 2754 730 2784 τῶν
743 2750 840 2794 Ἑβρ.
859 2749 877 2793 ἡ
895 2749 962 2784 hoc
980 2749 1100 2783 ordine
1119 2749 1161 2783 B.
1256 2750 1289 2783 8.
1312 2749 1407 2783 Haec
1424 2751 1494 2784 τοῖς
1510 2749 1548 2792 ἐξ
1560 2748 1701 2793 Ἰσραὴλ

123 2798 252 2833 desunt
268 2798 303 2831 in
326 2797 418 2832 Edd.
466 2798 605 2832 πλείονα
623 2809 686 2842 pro
702 2798 801 2831 πίονα
819 2796 877 2830 iid.
1125 2807 1178 2830 10.
1204 2796 1399 2839 ἐξουθένουν
1415 2797 1458 2830 Α.
1478 2796 1589 2839 ἐξουδ.
1608 2796 1701 2831 Edd.

127 2857 180 2879 12.
207 2845 309 2888 αὐτὴν
326 2856 389 2888 pro
407 2844 506 2878 αὐτὸν
522 2843 582 2878 iid.
746 2855 799 2888 13.
825 2844 884 2887 τὴν
900 2843 956 2877 alt.
973 2855 1042 2877 om.
1061 2842 1251 2877 Aubertus.
1437 2854 1489 2885 14.
1514 2843 1591 2885 ὑμῖν
1608 2843 1700 2877 Edd.

128 2902 182 2937 17.
208 2892 394 2934 ἐκκλησιῶν
410 2890 470 2925 iid.
708 2901 760 2936 19.
786 2890 880 2924 ἐστιν
896 2890 1004 2923 αὐτῶν
1019 2890 1089 2924 inv.
1109 2889 1229 2923 ordine
1249 2889 1290 2923 B.
1538 2900 1593 2924 21.
1622 2890 1701 2924 Hoc

126 2939 315 2984 ἐπωφελῶν
331 2939 475 2972 accessit
493 2950 533 2972 ex
551 2938 594 2971 A.
848 2948 902 2971 22.
927 2937 1059 2971 πάντων
1077 2948 1139 2981 pro
1156 2938 1221 2970 πᾶν
1237 2936 1297 2971 iid.
1545 2947 1599 2980 24.
1625 2939 1702 2982 περὶ

127 2985 222 3020 deest
239 2986 274 3019 in
293 2984 384 3020 Edd.
575 2984 628 3018 26.
655 2983 834 3029 ἀδρανέσιν
851 2996 868 3018 e
886 2996 950 3018 suo
969 2983 1115 3018 correxit
1134 2983 1267 3028 Migne.

184 3053 275 3081 voL.
299 3054 326 3080 1.
884 3053 907 3093 3
933 3052 960 3089 Q

1759 1020 1866 1060 Supra

1761 1075 1828 1095 ver.
1849 1073 1861 1094 1
1870 1088 1877 1095 .
