2021 3434
123 199 177 241 vi.
201 216 241 256 9,
266 214 330 242 10.
488 203 561 244 IN
602 203 992 245 MICHAEAM.
1051 202 1203 244 TOM.
1238 201 1326 242 III.
1616 198 1697 238 703

209 338 302 370 μων
362 325 621 383 θΗσαυρίζων
689 326 925 382 θΗσαυροὺε
991 325 1169 374 ἀνομίας
1237 323 1304 364 καὶ
1370 322 1475 370 μετὰ
1535 322 1698 376 ὕβρεως

210 405 402 460 ἀδικίας;

198 523 335 574 Κατὰ
376 524 529 593 φυλὰς
569 525 662 591 γὰρ
701 528 774 576 καὶ
813 525 945 591 γένος
990 523 1290 594 κατῳκήκασι
1328 521 1414 586 τὴν
1446 520 1699 579 Ἰουδαίων,

122 606 197 654 καὶ
230 606 386 667 με’ντοι
423 609 496 657 καὶ
532 606 616 672 τὴν
643 607 921 673 Σαμάρειαν,
947 610 989 658 οὶ
1020 606 1076 675 ἐξ
1106 606 1297 670 αἵματος
1322 601 1537 670 Ἰσραὴλ,
1561 624 1702 652 κατα-

80 690 514 752 5κληροδοτοῦντος
551 690 703 743 αὐτοῖς
741 693 822 753 τῆς
860 690 1141 756 ἐπαγγελίας
1179 687 1263 752 τὴν
1300 689 1391 752 γῆν
1420 686 1581 749 Ἰησοῦ
1619 688 1702 734 τοῦ

121 767 317 833 ἐπίκλην
359 773 512 834 Ναυῆ.
594 771 855 837 διαλέγεται
907 771 1060 822 τοίνυν
1102 772 1126 821 ὁ
1173 769 1292 822 Θεὸς
1336 769 1389 819 οὐ
1429 765 1545 834 πρὸς
1591 766 1701 829 μίαν

122 849 297 918 φυλὴν,
338 853 447 901 ἀλλ’
468 851 564 903 οἷον
589 852 707 919 πρὸς
731 853 904 915 πάσας,
932 852 1032 916 ἤτοι
1057 851 1175 918 πρὸς
1202 850 1418 914 ἑκάστην,
1443 848 1702 913 πρέποντος

0 652 9 987 ...μ’-.’,νή--Ὶ.,..-

1683 928 1702 948 5*

121 938 203 983 τοῦ
241 932 391 998 λόγου
429 936 503 984 καὶ
536 938 688 988 ἱδικῶς
720 935 910 1002 ἑκάστῃ,
937 938 1011 985 καὶ
1042 935 1236 986 πάσαις.
1302 932 1434 984 ἄκουε
1461 930 1516 995 δὴ
1542 932 1636 994 οὖν,
1663 954 1700 981 ω

120 1018 256 1065 πᾶσα
300 1015 436 1083 φυλὴ,
477 1017 675 1083 σώζεται
715 1017 797 1079 μὲν
840 1016 979 1070 πόλις
1028 1015 1147 1083 ᾗπερ
1188 1014 1245 1066 ἂν
1285 1012 1604 1081 ἐπιφημίζοιτο
1647 1012 1702 1063 τὸ

56 1114 103 1139 10
122 1095 268 1160 ὄνομα
311 1103 393 1148 τοῦ
435 1101 571 1150 Θεοῦ.
643 1097 916 1166 περιόψεται
957 1097 1050 1163 γὰρ
1099 1099 1311 1160 οὐδαμῶς
1360 1094 1466 1148 τοὺς
1515 1099 1695 1161 φοβον·
1719 1107 1741 1133 0

120 1179 284 1240 μένους
314 1178 467 1241 αὐτὸν,
494 1182 603 1230 ἀλλ’
632 1181 766 1231 ἔσται
800 1185 949 1247 τεῖχος
983 1178 1262 1245 ἀπόρθητον,
1290 1176 1516 1241 κόσμημά
1545 1199 1593 1227 τε
1627 1179 1702 1227 καὶ

121 1260 240 1330 δόξα
276 1267 373 1316 τοῖς
407 1262 623 1312 ἐθέλουσι
663 1266 919 1328 κατορθοῦν
956 1261 1010 1312 τὸ
1045 1261 1276 1329 θεοφιλές.
1334 1259 1448 1311 εἰδὲ
1486 1257 1543 1322 δὴ
1582 1260 1700 1320 βού-

122 1347 279 1405 λεσθε,
307 1346 442 1411 φησὶ,
471 1346 546 1393 καὶ
582 1343 635 1394 τὸ
666 1346 871 1395 ἐναντίον
898 1347 1020 1406 ἰδεῖν,
1048 1345 1094 1394 τί
1132 1344 1342 1411 κοσμήσει
1372 1345 1533 1401 πόλινς
1587 1339 1704 1394 οἶκος·

122 1424 299 1492 ἀνόμων,
340 1424 368 1489 ἢ
419 1425 538 1493 μετ-ἀ
587 1425 749 1492 ὕβρεως
799 1423 991 1485 ἀδικίαις
1052 1423 1156 1491 ἆρα,
1203 1426 1338 1492 φησὶ,
1389 1422 1463 1474 διὰ
1512 1421 1704 1486 πολλὴν

56 1525 71 1549 ³
81 1522 103 1560 5
123 1509 353 1574 ἁμαρτίαν
391 1514 427 1560 εἰ
463 1513 711 1580 δαπανῲτο
744 1508 883 1564 πόλις
921 1509 1010 1560 ὑπὸ
1041 1508 1187 1575 πυρὸς
1213 1513 1311 1562 ταῖς
1345 1513 1438 1558 τῶν
1462 1507 1702 1570 πολεμίων

123 1593 312 1643 ἁλοῦσα
348 1594 527 1659 χερσὶν,
552 1592 804 1659 εὐσχήμων
837 1591 971 1642 ε”σται
997 1594 1072 1642 καὶ
1111 1590 1249 1655 καλὴ,
1275 1589 1500 1655 λαμπρὰν
1538 1588 1587 1639 δὲ
1623 1589 1704 1638 αὑ-

124 1673 208 1738 τὴν
242 1676 316 1724 καὶ
354 1672 693 1738 εὐκλεεστάτην
719 1673 998 1742 ἀποφήνειεν
1037 1672 1095 1724 ἂν
1135 1673 1248 1728 οἶκος
1287 1677 1466 1740 ἀνόμων,
1494 1673 1518 1722 ὁ
1545 1670 1704 1730 θησαυ-

124 1757 239 1826 ρίζων
280 1755 505 1826 θησαυροὺς
555 1754 755 1814 ἀδικίαις,
810 1757 1049 1824 ὠφελήσει
1100 1755 1147 1806 δὲ
1191 1753 1335 1819 αὐτὴν
1378 1752 1498 1821 μεται
1543 1754 1703 1821 ὕβρεως

123 1835 314 1898 ἀδικίαις
365 1839 474 1888 ἀλλ’
508 1836 785 1889 ἐνδοιάσειεν
820 1835 876 1888 ἂν
911 1839 1055 1891 οὐδεὶς
1093 1841 1187 1887 τῶν
1225 1836 1342 1902 ὀρθὰ
1382 1840 1570 1904 φρονεῖν
1604 1838 1748 1886 eico-d

54 1939 106 1964 20
126 1918 289 1983 θότων,
317 1920 387 1971 ὅτι
421 1922 632 1971 δυσκλεᾶ
669 1921 924 1983 καθίστησι
959 1919 1018 1970 τὰ
1048 1918 1214 1969 τοιάδε.
1282 1920 1335 1968 οὐ
1372 1917 1465 1984 γὰρ
1505 1916 1563 1968 ἂν
1600 1916 1703 1980 ἥλω

126 2003 271 2066 πόλις,
299 2005 375 2053 καὶ
409 2002 699 2066 δεδαπάνητο
731 2005 840 2068 πυρὶ
875 2001 939 2066 μὴ
972 2002 1073 2069 οὐχὶ
1103 2001 1290 2054 πάντως
1320 1998 1704 2066 προσκρούσασα

127 2086 202 2135 διὰ
233 2084 424 2148 πολλὴν
459 2086 704 2150 ἁμαρτίαν.
772 2085 820 2134 τί
848 2085 1002 2134 τοίνυν
1036 2082 1261 2146 μεθέντες,
1290 2085 1427 2150 φησὶ,
1459 2081 1517 2132 τὰ
1548 2079 1603 2132 δι’
1639 2078 1704 2130 ὧν

127 2166 184 2218 ἂν
209 2166 405 2233 σώζοιτό
431 2190 479 2218 τε
507 2169 581 2217 καὶ
616 2165 1017 2217 κατακαλλύνοιτο
1044 2167 1193 2227 πόλις,
1220 2163 1406 2229 ζηλωτὰ
1442 2164 1703 2226 πεποίησθε

127 2254 318 2313 μᾶλλον
348 2249 407 2300 τὰ
444 2250 781 2300 κατασίνεσθαι
806 2246 1063 2316 πεφυκότα,
1090 2246 1362 2310 τετιμήκατε
1389 2245 1436 2296 δὲ
1467 2243 1526 2296 τὰ
1559 2245 1612 2295 δι’
1640 2241 1706 2294 ὧν

180 2456 209 2480 Ι.
236 2445 373 2490 ἀνομίας
390 2445 481 2479 Α.Β.
501 2445 620 2489 (Alex.
640 2443 713 2478 XII
740 2442 800 2477 sed
826 2442 935 2486 corr.)
960 2443 1102 2485 ἀνόμους
1126 2440 1217 2475 Edd.
1237 2440 1359 2485 (Vat.)
1423 2439 1644 2484 ὑβρισμάτων
1661 2439 1705 2473 A.

132 2504 164 2527 2.
189 2491 318 2526 ἀδικίαν
339 2492 379 2526 Β.
398 2491 474 2536 (62,
500 2491 585 2536 147)
602 2491 710 2524 ἀδικια
728 2489 848 2534 (Alex.
867 2488 974 2533 XII.)
993 2488 1035 2522 cf.
1054 2488 1143 2522 infra
1160 2493 1193 2521 et
1211 2498 1275 2530 451
1297 2499 1326 2521 c.
1531 2498 1564 2530 3.
1590 2487 1707 2531 φυλὰς

128 2540 196 2583 ’γὰρ
215 2540 257 2572 Α.
276 2538 391 2584 φυλήν
407 2553 442 2573 τε
461 2538 553 2572 Edd.
602 2537 771 2571 Ἰουδαίων
788 2538 830 2569 Α.
847 2535 1013 2569 Ἰουδαίαν
1031 2534 1121 2568 Edd.
1357 2546 1389 2575 4.
1419 2535 1706 2577 κατακληροῦντος

131 2597 195 2630 pro
220 2586 443 2631 κατακληροδ.
467 2585 510 2619 Β.
791 2592 823 2627 5.
849 2585 908 2616 τοῦ
926 2581 1015 2616 Α.Β.
1039 2583 1077 2615 τὸ
1102 2580 1193 2615 Edd.
1260 2580 1385 2614 Statim
1410 2580 1549 2623 ἐπίκλην
1573 2591 1643 2613 om.
1664 2579 1706 2613 B.

133 2632 212 2667 6—8.
242 2632 338 2667 Haec
355 2633 394 2666 οὐ
410 2633 602 2675 πρὸς-τοῦ
618 2632 724 2676 λόγου
742 2636 960 2663 accesserunt
978 2641 1018 2662 ex
1037 2629 1081 2662 A.
1298 2637 1329 2671 7.
1357 2625 1427 2660 οἷον
1444 2626 1585 2661 correxi.
1612 2624 1648 2659 οἶ
1660 2626 1705 2659 Α.

129 2691 166 2724 19.
192 2678 268 2724 μὲν]
292 2683 328 2719 -1-
350 2679 368 2723 ἡ
388 2678 480 2713 Edd.
498 2679 607 2712 invito
625 2678 668 2711 A.
734 2676 967 2720 ἐπιφημίζοιτο
984 2676 1028 2708 Α.
1046 2675 1194 2718 ἇναφημ.
1215 2673 1304 2707 Edd.
1558 2684 1610 2706 12.
1636 2672 1708 2706 ἐθέ-

131 2725 252 2771 λουσι]
272 2725 414 2760 θέλουσι
431 2725 489 2759 iid.
744 2723 794 2756 16.
821 2722 922 2765 αὐτὴν
939 2728 1158 2766 assumptum
1176 2732 1217 2754 ex
1234 2720 1326 2754 Α.Β.
1576 2729 1628 2763 17.
1655 2720 1709 2752 καὶ

133 2773 228 2806 -εὐκλ,
247 2779 326 2816 post
343 2771 527 2817 ἀποφήνειε
544 2778 674 2815 transp.
696 2770 735 2803 B.
789 2766 828 2802 ἂν
845 2776 1066 2812 assumptum
1083 2780 1123 2801 ex
1141 2767 1184 2800 A.
1401 2767 1453 2800 18.
1479 2780 1515 2799 τε
1533 2777 1594 2810 pro
1611 2766 1646 2799 δέ
1666 2765 1708 2800 Β.

142 2830 191 2864 [9.
217 2817 313 2864 ἀλλ’]
349 2824 386 2860 -Ι-
415 2820 474 2852 οὐκ
508 2818 598 2851 Edd.
632 2815 908 2861 repugnantibus
941 2814 1032 2848 AB.
1103 2814 1187 2857 ὀρθὰ
1211 2814 1254 2847 A.
1278 2813 1386 2858 ὀρθῶς
1413 2812 1504 2846 Edd.
1532 2812 1707 2846 Neutrum

133 2865 240 2899 habet
259 2865 299 2899 B.
666 2875 719 2898 20.
746 2863 784 2896 οὐ
800 2863 865 2906 ’γὰρ
883 2859 923 2895 ἂν
938 2861 1010 2905 ἥλω
1026 2862 1126 2895 πόλις
1143 2861 1185 2894 Α.
1204 2862 1315 2894 πόλιν.
1333 2861 1372 2893 οὐ
1388 2861 1454 2904 γὰρ
1469 2858 1510 2893 ἂν
1527 2859 1598 2903 ἥλω
1617 2858 1708 2893 Edd.

137 2923 190 2946 21.
216 2912 480 2957 προσκρούουσα
500 2911 541 2945 Β.
778 2919 831 2942 22.
858 2907 1006 2952 πολλὴν]
1032 2912 1067 2947 -Ι-
1088 2907 1217 2941 ἀδικίαν
1235 2907 1288 2940 καὶ
1306 2907 1349 2941 Β.
1589 2917 1644 2950 23.
1669 2905 1710 2939 ἂν

134 2958 295 3004 σώζοιτό]
315 2960 521 3001 ἀνασώζοιτό
540 2956 630 2992 Edd.
946 2965 1000 2997 24.
1027 2954 1216 2989 κατασίνειν
1235 2953 1278 2987 Β.
1329 2953 1454 2987 Statim
1471 2953 1647 2998 πεφυκότα
1664 2953 1708 2986 A.

132 3005 274 3040 εἰωθότα
292 3005 383 3041 Edd.
